,ask_price_1,ask_size_1,bid_price_1,bid_size_1,ask_price_2,ask_size_2,bid_price_2,bid_size_2,ask_price_3,ask_size_3,bid_price_3,bid_size_3,ask_price_4,ask_size_4,bid_price_4,bid_size_4,ask_price_5,ask_size_5,bid_price_5,bid_size_5,ask_price_6,ask_size_6,bid_price_6,bid_size_6,ask_price_7,ask_size_7,bid_price_7,bid_size_7,ask_price_8,ask_size_8,bid_price_8,bid_size_8,ask_price_9,ask_size_9,bid_price_9,bid_size_9,ask_price_10,ask_size_10,bid_price_10,bid_size_10
2019-06-28 09:30:00.000000001,100010,100,99902,100,100051,100,99855,100,,,,,,,,,,,,,,,,,,,,,,,,,,,,,,,,
2019-06-28 09:30:00.000000002,100010,100,99971,100,100051,100,99902,100,,,99855,100,,,,,,,,,,,,,,,,,,,,,,,,,,,,
2019-06-28 09:30:00.000000004,100010,100,99971,100,100051,100,99902,100,100067,100,99855,100,,,,,,,,,,,,,,,,,,,,,,,,,,,,
2019-06-28 09:30:00.000000005,100010,100,99902,100,100051,100,99855,100,100067,100,,,,,,,,,,,,,,,,,,,,,,,,,,,,,,
2019-06-28 09:30:00.000000006,100010,100,99902,100,100051,100,99855,100,100067,100,,,100265,100,,,,,,,,,,,,,,,,,,,,,,,,,,
2019-06-28 09:30:00.000000007,100010,100,99902,100,100051,100,99865,100,100067,100,99855,100,100265,100,,,,,,,,,,,,,,,,,,,,,,,,,,
2019-06-28 09:30:00.000000009,100051,100,99911,100,100067,100,99902,100,100265,100,99865,100,,,99855,100,,,,,,,,,,,,,,,,,,,,,,,,
2019-06-28 09:30:00.000000010,100051,100,99939,100,100067,100,99911,100,100265,100,99902,100,,,99865,100,,,99855,100,,,,,,,,,,,,,,,,,,,,
2019-06-28 09:30:00.000000015,100051,100,99939,100,100062,100,99911,100,100067,100,99902,100,100265,100,99865,100,,,99855,100,,,,,,,,,,,,,,,,,,,,
2019-06-28 09:30:00.000000016,100051,100,99971,100,100062,100,99939,100,100067,100,99911,100,100265,100,99902,100,,,99865,100,,,99855,100,,,,,,,,,,,,,,,,
2019-06-28 09:30:00.000000018,100051,100,99971,200,100062,100,99939,100,100067,100,99911,100,100265,100,99902,100,,,99865,100,,,99855,100,,,,,,,,,,,,,,,,
2019-06-28 09:30:00.000000025,100051,100,99971,100,100062,100,99939,100,100067,100,99911,100,100265,100,99902,100,,,99865,100,,,99855,100,,,,,,,,,,,,,,,,
2019-06-28 09:30:00.000000026,100051,100,99971,100,100062,100,99955,100,100067,100,99939,100,100265,100,99911,100,,,99902,100,,,99865,100,,,99855,100,,,,,,,,,,,,
2019-06-28 09:30:00.000000029,100051,100,99971,100,100062,100,99955,100,100067,100,99939,100,100103,100,99911,100,100216,100,99902,100,100265,100,99865,100,,,99855,100,,,,,,,,,,,,
2019-06-28 09:30:00.000000031,100051,100,99971,100,100062,100,99955,100,100067,100,99939,100,100103,100,99911,100,100216,100,99902,100,100265,100,99865,100,,,99857,100,,,99855,100,,,,,,,,
2019-06-28 09:30:00.000000032,100051,100,99971,100,100062,100,99955,100,100067,100,99939,100,100103,100,99911,100,100216,100,99902,100,100265,100,99892,100,,,99865,100,,,99857,100,,,99855,100,,,,
2019-06-28 09:30:00.000000034,100051,100,99971,100,100062,100,99955,100,100067,100,99939,100,100103,100,99911,100,100126,100,99902,100,100216,100,99892,100,100265,100,99865,100,,,99857,100,,,99855,100,,,,
2019-06-28 09:30:00.000000035,100051,100,100019,100,100062,100,99971,100,100067,100,99955,100,100103,100,99939,100,100126,100,99911,100,100216,100,99902,100,100265,100,99892,100,,,99865,100,,,99857,100,,,99855,100
2019-06-28 09:30:00.000000037,100019,100,99971,100,100051,100,99955,100,100062,100,99939,100,100067,100,99911,100,100103,100,99902,100,100126,100,99892,100,100216,100,99865,100,100265,100,99857,100,,,99855,100,,,,
2019-06-28 09:30:00.000000038,100019,100,99971,100,100023,100,99955,100,100051,100,99939,100,100062,100,99911,100,100067,100,99902,100,100103,100,99892,100,100126,100,99865,100,100216,100,99857,100,100265,100,99855,100,,,,
2019-06-28 09:30:00.000000040,100019,100,99971,100,100023,100,99955,100,100050,100,99939,100,100051,100,99911,100,100062,100,99902,100,100067,100,99892,100,100103,100,99865,100,100121,100,99857,100,100126,100,99855,100,100216,100,,
2019-06-28 09:30:00.000000042,100023,100,99971,100,100050,100,99961,100,100051,100,99955,100,100062,100,99939,100,100067,100,99911,100,100103,100,99902,100,100121,100,99892,100,100126,100,99865,100,100216,100,99857,100,100265,100,99855,100
2019-06-28 09:30:00.000000044,100023,100,99971,100,100050,100,99961,100,100051,100,99955,100,100062,100,99939,100,100067,100,99928,100,100103,100,99911,100,100121,100,99902,100,100126,100,99892,100,100216,100,99865,100,100265,100,99857,100
2019-06-28 09:30:00.000000045,100023,100,100020,100,100050,100,99971,100,100051,100,99961,100,100062,100,99955,100,100067,100,99939,100,100103,100,99928,100,100121,100,99911,100,100126,100,99902,100,100216,100,99892,100,100265,100,99865,100
2019-06-28 09:30:00.000000047,100023,100,99971,100,100050,100,99961,100,100051,100,99955,100,100062,100,99939,100,100067,100,99928,100,100103,100,99911,100,100121,100,99902,100,100126,100,99892,100,100216,100,99865,100,100265,100,99857,100
2019-06-28 09:30:00.000000049,100023,100,99971,100,100050,100,99961,100,100051,100,99955,100,100062,100,99939,100,100067,100,99928,100,100078,100,99920,100,100103,100,99911,100,100121,100,99902,100,100126,100,99892,100,100216,100,99865,100
2019-06-28 09:30:00.000000051,100023,100,99971,100,100050,100,99961,100,100051,100,99955,100,100062,100,99939,100,100064,100,99928,100,100067,100,99920,100,100078,100,99911,100,100103,100,99902,100,100121,100,99892,100,100126,100,99865,100
2019-06-28 09:30:00.000000053,100020,100,99971,100,100023,100,99961,100,100050,100,99955,100,100051,100,99939,100,100062,100,99928,100,100064,100,99920,100,100067,100,99911,100,100078,100,99902,100,100103,100,99892,100,100121,100,99865,100
2019-06-28 09:30:00.000000054,100020,100,99971,100,100023,100,99961,100,100050,100,99955,100,100051,100,99939,100,100062,100,99928,100,100064,100,99920,100,100067,100,99911,100,100078,100,99902,100,100097,100,99892,100,100103,100,99865,100
2019-06-28 09:30:00.000000055,100020,100,99971,100,100023,100,99961,100,100050,100,99955,100,100051,100,99942,100,100062,100,99939,100,100064,100,99928,100,100067,100,99920,100,100078,100,99911,100,100097,100,99906,100,100103,100,99902,100
2019-06-28 09:30:00.000000056,100020,100,99971,100,100023,100,99961,100,100050,100,99955,100,100051,100,99942,100,100062,100,99939,100,100064,100,99928,100,100067,100,99920,100,100078,100,99911,100,100097,100,99906,100,100103,100,99902,100
2019-06-28 09:30:00.000000057,100020,100,99961,100,100023,100,99955,100,100050,100,99942,100,100051,100,99939,100,100060,100,99928,100,100062,100,99920,100,100064,100,99911,100,100067,100,99906,100,100078,100,99902,100,100097,100,99892,100
2019-06-28 09:30:00.000000061,100019,200,99961,100,100020,100,99955,100,100023,100,99942,100,100050,100,99939,100,100051,100,99928,100,100060,100,99920,100,100062,100,99911,100,100064,100,99906,100,100067,100,99902,100,100078,100,99892,100
2019-06-28 09:30:00.000000064,100019,200,99961,100,100020,100,99955,100,100023,100,99942,100,100050,100,99939,100,100051,100,99933,100,100060,100,99928,100,100062,100,99920,100,100064,100,99911,100,100067,100,99906,100,100078,100,99902,100
2019-06-28 09:30:00.000000065,100019,300,99971,100,100020,100,99961,100,100023,100,99955,100,100050,100,99942,100,100051,100,99939,100,100060,100,99933,100,100062,100,99928,100,100064,100,99920,100,100067,100,99911,100,100078,100,99906,100
2019-06-28 09:30:00.000000067,100019,300,99961,100,100020,100,99955,100,100023,100,99942,100,100050,100,99939,100,100051,100,99933,100,100060,100,99928,100,100062,100,99920,100,100064,100,99911,100,100067,100,99906,100,100078,100,99902,100
2019-06-28 09:30:00.000000070,100019,300,99993,100,100020,100,99961,100,100023,100,99955,100,100050,100,99942,100,100051,100,99939,100,100060,100,99933,100,100062,100,99928,100,100064,100,99920,100,100067,100,99911,100,100078,100,99906,100
2019-06-28 09:30:00.000000072,100019,300,99993,100,100020,100,99964,100,100023,100,99961,100,100050,100,99955,100,100051,100,99942,100,100060,100,99939,100,100062,100,99933,100,100064,100,99928,100,100067,100,99920,100,100078,100,99911,100
2019-06-28 09:30:00.000000073,100019,300,99993,100,100020,100,99964,100,100023,100,99961,100,100028,100,99955,100,100050,100,99942,100,100051,100,99939,100,100060,100,99933,100,100062,100,99928,100,100064,100,99920,100,100067,100,99911,100
2019-06-28 09:30:00.000000075,100019,300,99993,100,100020,100,99964,100,100023,100,99961,100,100028,100,99955,100,100050,100,99942,100,100051,100,99939,100,100060,100,99933,100,100062,100,99928,100,100064,100,99920,100,100067,100,99911,100
2019-06-28 09:30:00.000000076,100019,300,99964,100,100020,100,99961,100,100023,100,99955,100,100028,100,99945,100,100050,100,99942,100,100051,100,99939,100,100060,100,99933,100,100062,100,99928,100,100064,100,99920,100,100067,100,99911,100
2019-06-28 09:30:00.000000077,100019,300,99964,100,100020,100,99961,100,100023,100,99955,100,100028,100,99945,100,100050,100,99942,100,100051,100,99939,100,100052,100,99933,100,100060,100,99928,100,100062,100,99920,100,100064,100,99911,100
2019-06-28 09:30:00.000000079,100004,100,99964,100,100019,300,99961,100,100020,100,99955,100,100023,100,99945,100,100028,100,99942,100,100050,100,99939,100,100051,100,99933,100,100052,100,99928,100,100060,100,99920,100,100062,100,99911,100
2019-06-28 09:30:00.000000082,100004,100,99964,200,100019,300,99961,100,100020,100,99955,100,100023,100,99945,100,100028,100,99942,100,100050,100,99939,100,100051,100,99933,100,100052,100,99928,100,100060,100,99920,100,100062,100,99911,100
2019-06-28 09:30:00.000000085,100004,100,99964,200,100019,300,99961,100,100020,100,99955,100,100023,100,99945,100,100028,100,99942,100,100050,100,99939,100,100051,100,99933,100,100052,100,99928,100,100060,100,99920,100,100062,100,99911,100
2019-06-28 09:30:00.000000086,99993,100,99964,200,100004,100,99961,100,100019,300,99955,100,100020,100,99945,100,100023,100,99942,100,100028,100,99939,100,100050,100,99933,100,100051,100,99928,100,100052,100,99920,100,100060,100,99911,100
2019-06-28 09:30:00.000000087,100004,100,99964,200,100019,300,99961,100,100020,100,99955,100,100023,100,99945,100,100028,100,99942,100,100050,100,99939,100,100051,100,99933,100,100052,100,99928,100,100060,100,99920,100,100062,100,99911,100
2019-06-28 09:30:00.000000088,100004,100,99971,200,100019,300,99964,200,100020,100,99961,100,100023,100,99955,100,100028,100,99945,100,100050,100,99942,100,100051,100,99939,100,100052,100,99933,100,100060,100,99928,100,100062,100,99920,100
2019-06-28 09:30:00.000000089,100004,100,99971,200,100019,300,99964,200,100020,100,99961,100,100023,100,99955,100,100028,100,99945,100,100050,100,99942,100,100051,100,99939,100,100052,100,99933,100,100060,100,99928,100,100062,100,99920,100
2019-06-28 09:30:00.000000095,100004,100,99971,200,100019,300,99964,200,100020,100,99961,100,100023,100,99955,100,100028,100,99945,100,100050,100,99942,100,100051,100,99939,100,100052,100,99933,100,100060,100,99928,100,100062,100,99920,100
2019-06-28 09:30:00.000000097,100004,100,99971,200,100019,300,99964,200,100020,100,99961,100,100023,100,99955,100,100028,100,99945,100,100032,100,99942,100,100050,100,99939,100,100051,100,99933,100,100052,100,99928,100,100060,100,99920,100
2019-06-28 09:30:10.000000000,100004,190,99971,290,100019,390,99964,290,100020,190,99961,190,100023,190,99955,190,100028,190,99945,190,100032,100,99942,100,100050,100,99939,100,100051,100,99933,100,100052,100,99928,100,100060,100,99920,100
2019-06-28 09:30:16.016245934,100004,190,99971,290,100005,100,99964,190,100019,390,99961,190,100020,190,99955,190,100023,190,99945,190,100028,190,99942,100,100032,100,99939,100,100050,100,99933,100,100051,100,99928,100,100052,100,99920,100
2019-06-28 09:30:20.000000000,100004,326,99971,426,100005,326,99964,326,100019,300,99961,100,100020,100,99955,100,100023,100,99945,100,100028,100,99942,100,100032,100,99939,100,100050,100,99933,100,100051,100,99928,100,100052,100,99920,100
2019-06-28 09:30:25.616715818,100004,326,99971,426,100005,326,99964,326,100019,300,99961,100,100020,100,99955,100,100023,100,99945,100,100028,100,99942,100,100032,100,99939,100,100050,100,99933,100,100051,100,99928,100,100060,100,99920,100
2019-06-28 09:30:30.000000000,100004,254,99971,354,100005,249,99964,249,100019,449,99961,249,100020,100,99955,100,100023,100,99945,100,100028,100,99942,100,100032,100,99939,100,100050,100,99933,100,100051,100,99928,100,100060,100,99920,100
2019-06-28 09:30:40.000000000,100004,552,99971,652,100005,100,99964,100,100019,300,99961,100,100020,100,99955,100,100023,100,99945,100,100028,100,99942,100,100032,100,99939,100,100050,100,99933,100,100051,100,99928,100,100060,100,99920,100
2019-06-28 09:30:50.000000000,100004,552,99971,652,100005,100,99964,100,100019,300,99961,100,100020,100,99955,100,100023,100,99945,100,100028,100,99942,100,100032,100,99939,100,100050,100,99933,100,100051,100,99928,100,100060,100,99920,100
2019-06-28 09:30:51.170536789,100004,552,99971,552,100005,100,99964,100,100019,300,99961,100,100020,100,99955,100,100023,100,99945,100,100028,100,99942,100,100050,100,99939,100,100051,100,99933,100,100060,100,99928,100,100062,100,99920,100
2019-06-28 09:30:56.018182315,99993,100,99971,552,100004,552,99964,100,100005,100,99961,100,100019,300,99955,100,100020,100,99945,100,100023,100,99942,100,100028,100,99939,100,100050,100,99933,100,100051,100,99928,100,100060,100,99920,100
2019-06-28 09:31:00.000000000,99993,552,99971,552,100004,100,99964,100,100005,100,99961,100,100019,300,99955,100,100020,100,99945,100,100023,100,99942,100,100028,100,99939,100,100050,100,99933,100,100051,100,99928,100,100060,100,99920,100
2019-06-28 09:31:10.000000000,99993,552,99971,552,100004,100,99964,100,100005,100,99961,100,100019,300,99955,100,100020,100,99945,100,100023,100,99942,100,100028,100,99939,100,100050,100,99933,100,100051,100,99928,100,100060,100,99920,100
2019-06-28 09:31:17.742095064,99993,552,99971,552,100004,100,99964,100,100005,100,99961,100,100019,300,99955,100,100020,100,99945,100,100023,100,99942,100,100028,100,99939,100,100050,100,99933,100,100051,100,99928,100,100060,100,99920,100
2019-06-28 09:31:20.000000000,99993,213,99971,213,100004,213,99964,213,100005,213,99961,213,100019,413,99955,213,100020,100,99945,100,100023,100,99942,100,100028,100,99939,100,100050,100,99933,100,100051,100,99928,100,100060,100,99920,100
2019-06-28 09:31:30.000000000,99993,213,99971,213,100004,213,99964,213,100005,213,99961,213,100019,413,99955,213,100020,100,99945,100,100023,100,99942,100,100028,100,99939,100,100050,100,99933,100,100051,100,99928,100,100060,100,99920,100
2019-06-28 09:31:40.000000000,99993,190,99971,190,100004,190,99964,190,100005,190,99961,190,100019,390,99955,190,100020,190,99945,190,100023,100,99942,100,100028,100,99939,100,100050,100,99933,100,100051,100,99928,100,100060,100,99920,100
2019-06-28 09:31:50.000000000,99993,254,99971,254,100004,249,99964,249,100005,249,99961,249,100019,300,99955,100,100020,100,99945,100,100023,100,99942,100,100028,100,99939,100,100050,100,99933,100,100051,100,99928,100,100060,100,99920,100
2019-06-28 09:32:00.000000000,99993,326,99971,326,100004,326,99964,326,100005,100,99961,100,100019,300,99955,100,100020,100,99945,100,100023,100,99942,100,100028,100,99939,100,100050,100,99933,100,100051,100,99928,100,100060,100,99920,100
2019-06-28 09:32:07.618162350,99993,326,99971,226,100004,326,99964,326,100005,100,99961,100,100019,300,99955,100,100020,100,99945,100,100023,100,99942,100,100028,100,99939,100,100050,100,99933,100,100051,100,99928,100,100060,100,99920,100
2019-06-28 09:32:10.000000000,99993,254,99964,254,100004,249,99961,249,100005,249,99955,249,100019,300,99945,100,100020,100,99942,100,100023,100,99939,100,100028,100,99933,100,100050,100,99928,100,100051,100,99920,100,100060,100,99911,100
2019-06-28 09:32:17.531151287,99993,254,99964,254,100004,249,99961,249,100005,249,99955,249,100019,300,99945,100,100020,100,99942,100,100023,100,99939,100,100028,100,99933,100,100050,100,99928,100,100060,100,99920,100,100062,100,99911,100
2019-06-28 09:32:20.000000000,99993,190,99964,190,100004,190,99961,190,100005,190,99955,190,100019,390,99945,190,100020,190,99942,190,100023,100,99939,100,100028,100,99933,100,100050,100,99928,100,100060,100,99920,100,100062,100,99911,100
2019-06-28 09:32:30.000000000,99993,326,99964,326,100004,326,99961,326,100005,100,99955,100,100019,300,99945,100,100020,100,99942,100,100023,100,99939,100,100028,100,99933,100,100050,100,99928,100,100060,100,99920,100,100062,100,99911,100
2019-06-28 09:32:40.000000000,99993,254,99964,254,100004,249,99961,249,100005,249,99955,249,100019,300,99945,100,100020,100,99942,100,100023,100,99939,100,100028,100,99933,100,100050,100,99928,100,100060,100,99920,100,100062,100,99911,100
2019-06-28 09:32:50.000000000,99993,552,99964,552,100004,100,99961,100,100005,100,99955,100,100019,300,99945,100,100020,100,99942,100,100023,100,99939,100,100028,100,99933,100,100050,100,99928,100,100060,100,99920,100,100062,100,99911,100
2019-06-28 09:32:51.391474911,99971,100,99964,552,99993,552,99961,100,100004,100,99955,100,100005,100,99945,100,100019,300,99942,100,100020,100,99939,100,100023,100,99933,100,100028,100,99928,100,100050,100,99920,100,100060,100,99911,100
2019-06-28 09:33:00.000000000,99971,213,99964,213,99993,213,99961,213,100004,213,99955,213,100005,213,99945,213,100019,300,99942,100,100020,100,99939,100,100023,100,99933,100,100028,100,99928,100,100050,100,99920,100,100060,100,99911,100
2019-06-28 09:33:10.000000000,99971,213,99964,213,99993,213,99961,213,100004,213,99955,213,100005,213,99945,213,100019,300,99942,100,100020,100,99939,100,100023,100,99933,100,100028,100,99928,100,100050,100,99920,100,100060,100,99911,100
2019-06-28 09:33:20.000000000,99971,190,99964,190,99993,190,99961,190,100004,190,99955,190,100005,190,99945,190,100019,390,99942,190,100020,100,99939,100,100023,100,99933,100,100028,100,99928,100,100050,100,99920,100,100060,100,99911,100
2019-06-28 09:33:22.806602792,99971,190,99964,190,99993,90,99961,190,100004,190,99955,190,100005,190,99945,190,100019,390,99942,190,100020,100,99939,100,100023,100,99933,100,100028,100,99928,100,100050,100,99920,100,100060,100,99911,100
2019-06-28 09:33:24.623829830,99971,190,99964,190,99993,90,99961,190,100004,190,99955,190,100005,190,99945,190,100019,390,99942,190,100020,100,99939,100,100023,100,99933,100,100028,100,99920,100,100050,100,99911,100,100060,100,99906,100
2019-06-28 09:33:30.000000000,99971,552,99964,552,100004,100,99961,100,100005,100,99955,100,100019,300,99945,100,100020,100,99942,100,100023,100,99939,100,100028,100,99933,100,100050,100,99920,100,100060,100,99911,100,100062,100,99906,100
2019-06-28 09:33:40.000000000,99971,190,99964,190,100004,190,99961,190,100005,190,99955,190,100019,390,99945,190,100020,190,99942,190,100023,100,99939,100,100028,100,99933,100,100050,100,99920,100,100060,100,99911,100,100062,100,99906,100
2019-06-28 09:33:50.000000000,99971,552,99964,552,100004,100,99961,100,100005,100,99955,100,100019,300,99945,100,100020,100,99942,100,100023,100,99939,100,100028,100,99933,100,100050,100,99920,100,100060,100,99911,100,100062,100,99906,100
2019-06-28 09:33:50.860784570,99971,552,99964,452,100004,100,99961,100,100005,100,99955,100,100019,300,99945,100,100020,100,99942,100,100023,100,99939,100,100028,100,99933,100,100050,100,99920,100,100060,100,99911,100,100062,100,99906,100
2019-06-28 09:34:00.000000000,99971,213,99961,213,100004,213,99955,213,100005,213,99945,213,100019,413,99942,213,100020,100,99939,100,100023,100,99933,100,100028,100,99920,100,100050,100,99911,100,100060,100,99906,100,100062,100,99904,100
2019-06-28 09:34:10.000000000,99971,190,99961,190,100004,190,99955,190,100005,190,99945,190,100019,390,99942,190,100020,190,99939,190,100023,100,99933,100,100028,100,99920,100,100050,100,99911,100,100060,100,99906,100,100062,100,99904,100
2019-06-28 09:34:20.000000000,99971,213,99961,213,100004,213,99955,213,100005,213,99945,213,100019,413,99942,213,100020,100,99939,100,100023,100,99933,100,100028,100,99920,100,100050,100,99911,100,100060,100,99906,100,100062,100,99904,100
2019-06-28 09:34:30.000000000,99971,213,99961,213,100004,213,99955,213,100005,213,99945,213,100019,413,99942,213,100020,100,99939,100,100023,100,99933,100,100028,100,99920,100,100050,100,99911,100,100060,100,99906,100,100062,100,99904,100
2019-06-28 09:34:30.988892777,99970,100,99961,213,99971,213,99955,213,100004,213,99945,213,100005,213,99942,213,100019,313,99939,100,100020,100,99933,100,100023,100,99920,100,100028,100,99911,100,100050,100,99906,100,100060,100,99904,100
2019-06-28 09:34:34.383189132,99970,100,99961,113,99971,213,99955,213,100004,213,99945,213,100005,213,99942,213,100019,313,99939,100,100020,100,99933,100,100023,100,99920,100,100028,100,99911,100,100050,100,99906,100,100060,100,99904,100
2019-06-28 09:34:40.000000000,99970,326,99955,326,99971,326,99945,326,100004,100,99942,100,100005,100,99939,100,100019,200,99933,100,100020,100,99920,100,100023,100,99911,100,100028,100,99906,100,100050,100,99904,100,100060,100,99902,100
2019-06-28 09:34:42.348599499,99970,326,99955,326,99971,326,99945,326,100004,100,99942,100,100005,100,99939,100,100019,200,99933,100,100020,100,99920,100,100023,100,99911,100,100028,100,99906,100,100050,100,99904,200,100060,100,99902,100
2019-06-28 09:34:42.844021961,99970,326,99955,226,99971,326,99945,326,100004,100,99942,100,100005,100,99939,100,100019,200,99933,100,100020,100,99920,100,100023,100,99911,100,100028,100,99906,100,100050,100,99904,200,100060,100,99902,100
2019-06-28 09:34:47.623188008,99970,326,99955,226,99971,326,99945,326,100004,100,99942,100,100005,100,99939,100,100019,200,99933,100,100020,100,99920,100,100023,100,99911,100,100028,100,99906,100,100050,100,99904,100,100060,100,99902,100
2019-06-28 09:34:47.871306091,99970,326,99955,226,99971,326,99945,326,100004,100,99942,100,100005,100,99939,100,100019,200,99933,100,100020,100,99920,100,100023,100,99911,100,100028,100,99906,100,100050,100,99904,100,100060,100,99892,100
2019-06-28 09:34:49.668079642,99970,326,99955,126,99971,326,99945,326,100004,100,99942,100,100005,100,99939,100,100019,200,99933,100,100020,100,99920,100,100028,100,99911,100,100050,100,99906,100,100060,100,99904,100,100062,100,99892,100
2019-06-28 09:34:50.000000000,99970,190,99945,190,99971,190,99942,190,100004,190,99939,190,100005,190,99933,190,100019,290,99920,190,100020,100,99911,100,100028,100,99906,100,100050,100,99904,100,100060,100,99892,100,100062,100,99879,100
2019-06-28 09:35:00.000000000,99970,190,99945,190,99971,190,99942,190,100004,190,99939,190,100005,190,99933,190,100019,290,99920,190,100020,100,99911,100,100028,100,99906,100,100050,100,99904,100,100060,100,99892,100,100062,100,99879,100
2019-06-28 09:35:08.461204479,99970,190,99945,190,99971,190,99942,190,100004,190,99939,190,100005,190,99933,190,100019,290,99920,190,100020,100,99911,100,100028,100,99906,100,100050,100,99904,100,100060,100,99892,100,100062,100,99879,100
2019-06-28 09:35:10.000000000,99970,326,99945,326,99971,326,99942,326,100004,100,99939,100,100005,100,99933,100,100019,200,99920,100,100020,100,99911,100,100028,100,99906,100,100050,100,99904,100,100060,100,99892,100,100062,100,99879,100
2019-06-28 09:35:20.000000000,99970,213,99945,213,99971,213,99942,213,100004,213,99939,213,100005,213,99933,213,100019,200,99920,100,100020,100,99911,100,100028,100,99906,100,100050,100,99904,100,100060,100,99892,100,100062,100,99879,100
2019-06-28 09:35:30.000000000,99970,254,99945,254,99971,249,99942,249,100004,249,99939,249,100005,100,99933,100,100019,200,99920,100,100020,100,99911,100,100028,100,99906,100,100050,100,99904,100,100060,100,99892,100,100062,100,99879,100
2019-06-28 09:35:30.265985506,99970,254,99945,154,99971,249,99942,249,100004,249,99939,249,100005,100,99933,100,100019,200,99920,100,100020,100,99911,100,100028,100,99906,100,100050,100,99904,100,100060,100,99892,100,100062,100,99879,100
2019-06-28 09:35:40.000000000,99970,552,99942,552,99971,100,99939,100,100004,100,99933,100,100005,100,99920,100,100019,200,99911,100,100020,100,99906,100,100028,100,99904,100,100050,100,99892,100,100060,100,99879,100,100062,100,99865,100
2019-06-28 09:35:44.863154939,99970,552,99942,552,99971,100,99939,100,100004,100,99933,100,100005,100,99920,100,100019,200,99911,100,100020,100,99906,100,100050,100,99904,100,100060,100,99892,100,100062,100,99879,100,100064,100,99865,100
2019-06-28 09:35:48.874473253,99970,552,99942,452,99971,100,99939,100,100004,100,99933,100,100005,100,99920,100,100019,200,99911,100,100020,100,99906,100,100050,100,99904,100,100060,100,99892,100,100062,100,99879,100,100064,100,99865,100
2019-06-28 09:35:50.000000000,99970,190,99939,190,99971,190,99933,190,100004,190,99920,190,100005,190,99911,190,100019,290,99906,190,100020,100,99904,100,100050,100,99892,100,100060,100,99879,100,100062,100,99865,100,100064,100,99857,100
2019-06-28 09:35:59.920130047,99970,190,99939,190,99971,90,99933,190,100004,190,99920,190,100005,190,99911,190,100019,290,99906,190,100020,100,99904,100,100050,100,99892,100,100060,100,99879,100,100062,100,99865,100,100064,100,99857,100
2019-06-28 09:36:00.000000000,99970,552,99939,552,100004,100,99933,100,100005,100,99920,100,100019,200,99911,100,100020,100,99906,100,100050,100,99904,100,100060,100,99892,100,100062,100,99879,100,100064,100,99865,100,100067,100,99857,100
2019-06-28 09:36:06.985104249,99970,552,99939,452,100004,100,99933,100,100005,100,99920,100,100019,200,99911,100,100020,100,99906,100,100050,100,99904,100,100060,100,99892,100,100062,100,99879,100,100064,100,99865,100,100067,100,99857,100
2019-06-28 09:36:10.000000000,99970,254,99933,254,100004,249,99920,249,100005,249,99911,249,100019,200,99906,100,100020,100,99904,100,100050,100,99892,100,100060,100,99879,100,100062,100,99865,100,100064,100,99857,100,100067,100,99855,100
2019-06-28 09:36:20.000000000,99970,326,99933,326,100004,326,99920,326,100005,100,99911,100,100019,200,99906,100,100020,100,99904,100,100050,100,99892,100,100060,100,99879,100,100062,100,99865,100,100064,100,99857,100,100067,100,99855,100
2019-06-28 09:36:24.099012134,99970,326,99933,226,100004,326,99920,326,100005,100,99911,100,100019,200,99906,100,100020,100,99904,100,100050,100,99892,100,100060,100,99879,100,100062,100,99865,100,100064,100,99857,100,100067,100,99855,100
2019-06-28 09:36:30.000000000,99970,326,99920,326,100004,326,99911,326,100005,100,99906,100,100019,200,99904,100,100020,100,99892,100,100050,100,99879,100,100060,100,99865,100,100062,100,99857,100,100064,100,99855,100,100067,100,99836,100
2019-06-28 09:36:35.086308339,99970,326,99920,326,100004,326,99911,326,100005,100,99906,100,100019,200,99904,100,100020,100,99892,100,100050,100,99879,100,100060,100,99865,100,100062,100,99857,100,100064,100,99855,100,100067,100,99836,100
2019-06-28 09:36:40.000000000,99970,552,99920,552,100004,100,99911,100,100005,100,99906,100,100019,200,99904,100,100020,100,99892,100,100050,100,99879,100,100060,100,99865,100,100062,100,99857,100,100064,100,99855,100,100067,100,99836,100
2019-06-28 09:36:44.134809315,99970,552,99920,552,100004,100,99911,100,100005,100,99906,100,100019,200,99904,100,100020,100,99892,100,100050,100,99879,100,100060,100,99865,100,100062,100,99857,100,100064,100,99855,100,100067,100,99836,100
2019-06-28 09:36:50.000000000,99970,326,99920,326,100004,326,99911,326,100005,100,99906,100,100019,200,99904,100,100020,100,99892,100,100050,100,99879,100,100060,100,99865,100,100062,100,99857,100,100064,100,99855,100,100067,100,99836,100
2019-06-28 09:36:51.565667627,99939,100,99920,326,99970,326,99911,326,100004,326,99906,100,100005,100,99904,100,100019,200,99892,100,100020,100,99879,100,100050,100,99865,100,100060,100,99857,100,100062,100,99855,100,100064,100,99836,100
2019-06-28 09:36:54.746730884,99939,200,99920,326,99970,326,99911,326,100004,326,99906,100,100005,100,99904,100,100019,200,99892,100,100020,100,99879,100,100050,100,99865,100,100060,100,99857,100,100062,100,99855,100,100064,100,99836,100
2019-06-28 09:37:00.000000000,99939,290,99920,190,99970,190,99911,190,100004,190,99906,190,100005,190,99904,190,100019,290,99892,190,100020,100,99879,100,100050,100,99865,100,100060,100,99857,100,100062,100,99855,100,100064,100,99836,100
2019-06-28 09:37:04.723124595,99939,290,99920,190,99970,190,99911,190,100004,190,99906,190,100005,190,99904,190,100019,290,99892,190,100020,100,99879,100,100050,100,99865,100,100062,100,99857,100,100064,100,99855,100,100067,100,99836,100
2019-06-28 09:37:10.000000000,99939,354,99920,254,99970,249,99911,249,100004,249,99906,249,100005,100,99904,100,100019,200,99892,100,100020,100,99879,100,100050,100,99865,100,100062,100,99857,100,100064,100,99855,100,100067,100,99836,100
2019-06-28 09:37:18.733278394,99939,454,99920,254,99970,149,99911,249,100004,249,99906,249,100005,100,99904,100,100019,200,99892,100,100020,100,99879,100,100050,100,99865,100,100062,100,99857,100,100064,100,99855,100,100067,100,99836,100
2019-06-28 09:37:20.000000000,99939,413,99920,213,100004,213,99911,213,100005,213,99906,213,100019,313,99904,213,100020,100,99892,100,100050,100,99879,100,100062,100,99865,100,100064,100,99857,100,100067,100,99855,100,100078,100,99836,100
2019-06-28 09:37:30.000000000,99939,390,99920,190,100004,190,99911,190,100005,190,99906,190,100019,290,99904,190,100020,190,99892,190,100050,100,99879,100,100062,100,99865,100,100064,100,99857,100,100067,100,99855,100,100078,100,99836,100
2019-06-28 09:37:40.000000000,99939,454,99920,254,100004,249,99911,249,100005,249,99906,249,100019,200,99904,100,100020,100,99892,100,100050,100,99879,100,100062,100,99865,100,100064,100,99857,100,100067,100,99855,100,100078,100,99836,100
2019-06-28 09:37:50.000000000,99939,454,99920,254,100004,249,99911,249,100005,249,99906,249,100019,200,99904,100,100020,100,99892,100,100050,100,99879,100,100062,100,99865,100,100064,100,99857,100,100067,100,99855,100,100078,100,99836,100
2019-06-28 09:37:53.067758639,99939,454,99920,254,100004,249,99911,249,100005,249,99906,249,100019,200,99904,100,100050,100,99892,100,100062,100,99879,100,100064,100,99865,100,100067,100,99857,100,100078,100,99855,100,100097,100,99836,100
2019-06-28 09:37:59.059518256,99939,454,99920,154,100004,249,99911,249,100005,249,99906,249,100019,200,99904,100,100050,100,99892,100,100062,100,99879,100,100064,100,99865,100,100067,100,99857,100,100078,100,99855,100,100097,100,99836,100
2019-06-28 09:38:00.000000000,99939,390,99911,190,100004,190,99906,190,100005,190,99904,190,100019,290,99892,190,100050,190,99879,190,100062,100,99865,100,100064,100,99857,100,100067,100,99855,100,100078,100,99836,100,100097,100,99787,100
2019-06-28 09:38:02.859779233,99939,390,99911,190,100004,190,99906,190,100005,190,99904,190,100019,290,99892,190,100050,190,99879,190,100062,100,99865,100,100064,100,99857,100,100067,100,99855,100,100078,100,99836,100,100097,100,99787,100
2019-06-28 09:38:10.000000000,99939,526,99911,326,100004,326,99906,326,100005,100,99904,100,100019,200,99892,100,100050,100,99879,100,100062,100,99865,100,100064,100,99857,100,100067,100,99855,100,100078,100,99836,100,100097,100,99787,100
2019-06-28 09:38:17.271934956,99939,526,99911,326,100004,326,99906,326,100005,100,99892,100,100019,200,99879,100,100050,100,99865,100,100062,100,99857,100,100064,100,99855,100,100067,100,99836,100,100078,100,99787,100,100097,100,99711,100
2019-06-28 09:38:20.000000000,99939,752,99911,552,100004,100,99906,100,100005,100,99892,100,100019,200,99879,100,100050,100,99865,100,100062,100,99857,100,100064,100,99855,100,100067,100,99836,100,100078,100,99787,100,100097,100,99711,100
2019-06-28 09:38:24.346314850,99939,752,99911,552,100004,100,99906,100,100005,100,99892,100,100019,200,99879,100,100050,100,99865,100,100062,100,99857,100,100064,100,99855,100,100067,100,99836,100,100078,100,99787,100,100097,100,99711,100
2019-06-28 09:38:30.000000000,99939,752,99911,552,100004,100,99906,100,100005,100,99892,100,100019,200,99879,100,100050,100,99865,100,100062,100,99857,100,100064,100,99855,100,100067,100,99836,100,100078,100,99787,100,100097,100,99711,100
2019-06-28 09:38:31.577883627,99939,852,99911,552,100004,100,99906,100,100005,100,99892,100,100019,100,99879,100,100050,100,99865,100,100062,100,99857,100,100064,100,99855,100,100067,100,99836,100,100078,100,99787,100,100097,100,99711,100
2019-06-28 09:38:32.393701168,99939,852,99911,552,100004,100,99906,100,100005,100,99892,100,100019,100,99879,100,100050,100,99865,100,100062,100,99857,100,100064,100,99855,100,100067,100,99836,100,100078,100,99787,100,100097,100,99711,100
2019-06-28 09:38:40.000000000,99939,626,99911,326,100004,326,99906,326,100005,100,99892,100,100019,100,99879,100,100050,100,99865,100,100062,100,99857,100,100064,100,99855,100,100067,100,99836,100,100078,100,99787,100,100097,100,99711,100
2019-06-28 09:38:43.541434812,99939,626,99911,326,100004,326,99906,326,100005,100,99892,100,100019,100,99879,100,100050,100,99865,100,100062,100,99857,100,100064,100,99855,100,100067,100,99836,100,100078,100,99787,100,100097,100,99711,100
2019-06-28 09:38:50.000000000,99939,554,99911,254,100004,249,99906,249,100005,249,99892,249,100019,100,99879,100,100050,100,99865,100,100062,100,99857,100,100064,100,99855,100,100067,100,99836,100,100078,100,99787,100,100097,100,99711,100
2019-06-28 09:38:56.022187291,99939,654,99911,254,100004,249,99906,249,100005,249,99892,249,100019,100,99879,100,100050,100,99865,100,100062,100,99857,100,100064,100,99855,100,100067,100,99836,100,100078,100,99787,100,100097,100,99711,100
2019-06-28 09:39:00.000000000,99939,726,99911,326,100004,326,99906,326,100005,100,99892,100,100019,100,99879,100,100050,100,99865,100,100062,100,99857,100,100064,100,99855,100,100067,100,99836,100,100078,100,99787,100,100097,100,99711,100
2019-06-28 09:39:10.000000000,99939,726,99911,326,100004,326,99906,326,100005,100,99892,100,100019,100,99879,100,100050,100,99865,100,100062,100,99857,100,100064,100,99855,100,100067,100,99836,100,100078,100,99787,100,100097,100,99711,100
2019-06-28 09:39:20.000000000,99939,613,99911,213,100004,213,99906,213,100005,213,99892,213,100019,213,99879,213,100050,100,99865,100,100062,100,99857,100,100064,100,99855,100,100067,100,99836,100,100078,100,99787,100,100097,100,99711,100
2019-06-28 09:39:30.000000000,99939,654,99911,254,100004,249,99906,249,100005,249,99892,249,100019,100,99879,100,100050,100,99865,100,100062,100,99857,100,100064,100,99855,100,100067,100,99836,100,100078,100,99787,100,100097,100,99711,100
2019-06-28 09:39:30.321170326,99939,554,99911,254,100004,249,99906,249,100005,249,99892,249,100019,100,99879,100,100050,100,99865,100,100062,100,99857,100,100064,100,99855,100,100067,100,99836,100,100078,100,99787,100,100097,100,99711,100
2019-06-28 09:39:30.866758816,99939,554,99911,254,100004,249,99906,249,100005,249,99892,249,100019,100,99879,100,100050,100,99865,100,100062,100,99857,100,100064,100,99855,100,100067,100,99836,100,100078,100,99787,100,100097,100,99711,100
2019-06-28 09:39:40.000000000,99939,513,99911,213,100004,213,99906,213,100005,213,99892,213,100019,213,99879,213,100050,100,99865,100,100062,100,99857,100,100064,100,99855,100,100067,100,99836,100,100078,100,99787,100,100097,100,99711,100
2019-06-28 09:39:50.000000000,99939,852,99911,552,100004,100,99906,100,100005,100,99892,100,100019,100,99879,100,100050,100,99865,100,100062,100,99857,100,100064,100,99855,100,100067,100,99836,100,100078,100,99787,100,100097,100,99711,100
2019-06-28 09:40:00.000000000,99939,490,99911,190,100004,190,99906,190,100005,190,99892,190,100019,190,99879,190,100050,190,99865,190,100062,100,99857,100,100064,100,99855,100,100067,100,99836,100,100078,100,99787,100,100097,100,99711,100
2019-06-28 09:40:10.000000000,99939,626,99911,326,100004,326,99906,326,100005,100,99892,100,100019,100,99879,100,100050,100,99865,100,100062,100,99857,100,100064,100,99855,100,100067,100,99836,100,100078,100,99787,100,100097,100,99711,100
2019-06-28 09:40:20.000000000,99939,513,99911,213,100004,213,99906,213,100005,213,99892,213,100019,213,99879,213,100050,100,99865,100,100062,100,99857,100,100064,100,99855,100,100067,100,99836,100,100078,100,99787,100,100097,100,99711,100
2019-06-28 09:40:30.000000000,99939,513,99911,213,100004,213,99906,213,100005,213,99892,213,100019,213,99879,213,100050,100,99865,100,100062,100,99857,100,100064,100,99855,100,100067,100,99836,100,100078,100,99787,100,100097,100,99711,100
2019-06-28 09:40:40.000000000,99939,554,99911,254,100004,249,99906,249,100005,249,99892,249,100019,100,99879,100,100050,100,99865,100,100062,100,99857,100,100064,100,99855,100,100067,100,99836,100,100078,100,99787,100,100097,100,99711,100
2019-06-28 09:40:45.057686991,99939,554,99911,254,100004,249,99906,249,100005,249,99892,249,100019,100,99879,100,100050,100,99865,100,100062,100,99857,100,100064,100,99855,100,100067,100,99836,100,100097,100,99787,100,100122,100,99711,100
2019-06-28 09:40:48.998973521,99939,554,99911,154,100004,249,99906,249,100005,249,99892,249,100019,100,99879,100,100050,100,99865,100,100062,100,99857,100,100064,100,99855,100,100067,100,99836,100,100097,100,99787,100,100122,100,99711,100
2019-06-28 09:40:50.000000000,99939,490,99906,190,100004,190,99892,190,100005,190,99879,190,100019,190,99865,190,100050,190,99857,190,100062,100,99855,100,100064,100,99836,100,100067,100,99787,100,100097,100,99711,100,100122,100,99648,100
2019-06-28 09:41:00.000000000,99939,490,99906,190,100004,190,99892,190,100005,190,99879,190,100019,190,99865,190,100050,190,99857,190,100062,100,99855,100,100064,100,99836,100,100067,100,99787,100,100097,100,99711,100,100122,100,99648,100
2019-06-28 09:41:07.275387111,99939,490,99906,190,100004,190,99892,190,100005,190,99879,190,100019,190,99865,190,100050,190,99857,190,100062,100,99855,100,100064,100,99836,100,100067,100,99787,100,100097,100,99711,100,100122,100,99648,100
2019-06-28 09:41:10.000000000,99939,554,99906,254,100004,249,99892,249,100005,249,99879,249,100019,100,99865,100,100050,100,99857,100,100062,100,99855,100,100064,100,99836,100,100067,100,99787,100,100097,100,99711,100,100122,100,99648,100
2019-06-28 09:41:20.000000000,99939,852,99906,552,100004,100,99892,100,100005,100,99879,100,100019,100,99865,100,100050,100,99857,100,100062,100,99855,100,100064,100,99836,100,100067,100,99787,100,100097,100,99711,100,100122,100,99648,100
2019-06-28 09:41:30.000000000,99939,554,99906,254,100004,249,99892,249,100005,249,99879,249,100019,100,99865,100,100050,100,99857,100,100062,100,99855,100,100064,100,99836,100,100067,100,99787,100,100097,100,99711,100,100122,100,99648,100
2019-06-28 09:41:40.000000000,99939,554,99906,254,100004,249,99892,249,100005,249,99879,249,100019,100,99865,100,100050,100,99857,100,100062,100,99855,100,100064,100,99836,100,100067,100,99787,100,100097,100,99711,100,100122,100,99648,100
2019-06-28 09:41:50.000000000,99939,626,99906,326,100004,326,99892,326,100005,100,99879,100,100019,100,99865,100,100050,100,99857,100,100062,100,99855,100,100064,100,99836,100,100067,100,99787,100,100097,100,99711,100,100122,100,99648,100
2019-06-28 09:42:00.000000000,99939,852,99906,552,100004,100,99892,100,100005,100,99879,100,100019,100,99865,100,100050,100,99857,100,100062,100,99855,100,100064,100,99836,100,100067,100,99787,100,100097,100,99711,100,100122,100,99648,100
2019-06-28 09:42:10.000000000,99939,490,99906,190,100004,190,99892,190,100005,190,99879,190,100019,190,99865,190,100050,190,99857,190,100062,100,99855,100,100064,100,99836,100,100067,100,99787,100,100097,100,99711,100,100122,100,99648,100
2019-06-28 09:42:20.000000000,99939,626,99906,326,100004,326,99892,326,100005,100,99879,100,100019,100,99865,100,100050,100,99857,100,100062,100,99855,100,100064,100,99836,100,100067,100,99787,100,100097,100,99711,100,100122,100,99648,100
2019-06-28 09:42:30.000000000,99939,490,99906,190,100004,190,99892,190,100005,190,99879,190,100019,190,99865,190,100050,190,99857,190,100062,100,99855,100,100064,100,99836,100,100067,100,99787,100,100097,100,99711,100,100122,100,99648,100
2019-06-28 09:42:40.000000000,99939,554,99906,254,100004,249,99892,249,100005,249,99879,249,100019,100,99865,100,100050,100,99857,100,100062,100,99855,100,100064,100,99836,100,100067,100,99787,100,100097,100,99711,100,100122,100,99648,100
2019-06-28 09:42:41.772833874,99939,454,99906,254,100004,249,99892,249,100005,249,99879,249,100019,100,99865,100,100050,100,99857,100,100062,100,99855,100,100064,100,99836,100,100067,100,99787,100,100097,100,99711,100,100122,100,99648,100
2019-06-28 09:42:50.000000000,99939,454,99906,254,100004,249,99892,249,100005,249,99879,249,100019,100,99865,100,100050,100,99857,100,100062,100,99855,100,100064,100,99836,100,100067,100,99787,100,100097,100,99711,100,100122,100,99648,100
2019-06-28 09:42:59.428059443,99939,454,99921,100,100004,249,99906,254,100005,249,99892,249,100019,100,99879,249,100050,100,99865,100,100062,100,99857,100,100064,100,99855,100,100067,100,99836,100,100097,100,99787,100,100122,100,99711,100
2019-06-28 09:43:00.000000000,99939,390,99921,190,100004,190,99906,190,100005,190,99892,190,100019,190,99879,190,100050,190,99865,190,100062,100,99857,100,100064,100,99855,100,100067,100,99836,100,100097,100,99787,100,100122,100,99711,100
2019-06-28 09:43:03.507480197,99939,390,99921,190,100004,190,99906,190,100005,190,99892,190,100019,190,99879,190,100050,190,99865,190,100062,100,99857,100,100064,100,99855,100,100067,100,99836,100,100097,100,99711,100,100122,100,99648,100
2019-06-28 09:43:10.000000000,99939,526,99921,326,100004,326,99906,326,100005,100,99892,100,100019,100,99879,100,100050,100,99865,100,100062,100,99857,100,100064,100,99855,100,100067,100,99836,100,100097,100,99711,100,100122,100,99648,100
2019-06-28 09:43:20.000000000,99939,454,99921,254,100004,249,99906,249,100005,249,99892,249,100019,100,99879,100,100050,100,99865,100,100062,100,99857,100,100064,100,99855,100,100067,100,99836,100,100097,100,99711,100,100122,100,99648,100
2019-06-28 09:43:30.000000000,99939,752,99921,552,100004,100,99906,100,100005,100,99892,100,100019,100,99879,100,100050,100,99865,100,100062,100,99857,100,100064,100,99855,100,100067,100,99836,100,100097,100,99711,100,100122,100,99648,100
2019-06-28 09:43:36.707560566,99939,752,99921,552,100004,100,99906,100,100005,100,99892,100,100019,100,99879,100,100050,100,99865,100,100062,100,99857,100,100067,100,99855,100,100097,100,99836,100,100122,100,99711,100,100126,100,99648,100
2019-06-28 09:43:40.000000000,99939,413,99921,213,100004,213,99906,213,100005,213,99892,213,100019,213,99879,213,100050,100,99865,100,100062,100,99857,100,100067,100,99855,100,100097,100,99836,100,100122,100,99711,100,100126,100,99648,100
2019-06-28 09:43:43.289985890,99939,313,99921,213,100004,213,99906,213,100005,213,99892,213,100019,213,99879,213,100050,100,99865,100,100062,100,99857,100,100067,100,99855,100,100097,100,99836,100,100122,100,99711,100,100126,100,99648,100
2019-06-28 09:43:45.339619417,99939,213,99921,213,100004,213,99906,213,100005,213,99892,213,100019,213,99879,213,100050,100,99865,100,100062,100,99857,100,100067,100,99855,100,100097,100,99836,100,100122,100,99711,100,100126,100,99648,100
2019-06-28 09:43:46.829367352,99939,113,99921,213,100004,213,99906,213,100005,213,99892,213,100019,213,99879,213,100050,100,99865,100,100062,100,99857,100,100067,100,99855,100,100097,100,99836,100,100122,100,99711,100,100126,100,99648,100
2019-06-28 09:43:50.000000000,100004,254,99921,254,100005,249,99906,249,100019,249,99892,249,100050,100,99879,100,100062,100,99865,100,100067,100,99857,100,100097,100,99855,100,100122,100,99836,100,100126,100,99711,100,100216,100,99648,100
2019-06-28 09:44:00.000000000,100004,254,99921,254,100005,249,99906,249,100019,249,99892,249,100050,100,99879,100,100062,100,99865,100,100067,100,99857,100,100097,100,99855,100,100122,100,99836,100,100126,100,99711,100,100216,100,99648,100
2019-06-28 09:44:01.075288943,100004,254,99921,254,100005,249,99906,249,100019,249,99892,249,100050,100,99879,100,100062,100,99874,100,100067,100,99865,100,100097,100,99857,100,100122,100,99855,100,100126,100,99836,100,100216,100,99711,100
2019-06-28 09:44:01.473336457,100004,254,99939,100,100005,249,99921,254,100019,149,99906,249,100050,100,99892,249,100062,100,99879,100,100067,100,99874,100,100097,100,99865,100,100122,100,99857,100,100126,100,99855,100,100216,100,99836,100
2019-06-28 09:44:10.000000000,100004,213,99939,213,100005,213,99921,213,100050,213,99906,213,100062,213,99892,213,100067,100,99879,100,100097,100,99874,100,100122,100,99865,100,100126,100,99857,100,100216,100,99855,100,100221,100,99836,100
2019-06-28 09:44:20.000000000,100004,190,99939,190,100005,190,99921,190,100050,190,99906,190,100062,190,99892,190,100067,190,99879,190,100097,100,99874,100,100122,100,99865,100,100126,100,99857,100,100216,100,99855,100,100221,100,99836,100
2019-06-28 09:44:30.000000000,100004,552,99939,552,100005,100,99921,100,100050,100,99906,100,100062,100,99892,100,100067,100,99879,100,100097,100,99874,100,100122,100,99865,100,100126,100,99857,100,100216,100,99855,100,100221,100,99836,100
2019-06-28 09:44:39.444479888,100004,552,99939,552,100005,100,99921,100,100050,100,99906,100,100062,100,99892,100,100067,100,99879,100,100097,100,99874,100,100122,100,99865,100,100126,100,99857,100,100216,100,99855,100,100221,100,99836,100
2019-06-28 09:44:40.000000000,100004,213,99939,213,100005,213,99921,213,100050,213,99906,213,100062,213,99892,213,100067,100,99879,100,100097,100,99874,100,100122,100,99865,100,100126,100,99857,100,100216,100,99855,100,100221,100,99836,100
2019-06-28 09:44:50.000000000,100004,190,99939,190,100005,190,99921,190,100050,190,99906,190,100062,190,99892,190,100067,190,99879,190,100097,100,99874,100,100122,100,99865,100,100126,100,99857,100,100216,100,99855,100,100221,100,99836,100
2019-06-28 09:44:58.168960429,100004,190,99939,190,100005,190,99921,190,100050,190,99906,190,100062,190,99892,190,100067,190,99879,190,100097,100,99874,100,100122,100,99865,100,100126,100,99857,100,100216,100,99855,100,100221,100,99836,100
2019-06-28 09:45:00.000000000,100004,552,99939,552,100005,100,99921,100,100050,100,99906,100,100062,100,99892,100,100067,100,99879,100,100097,100,99874,100,100122,100,99865,100,100126,100,99857,100,100216,100,99855,100,100221,100,99836,100
2019-06-28 09:45:05.351699328,100004,552,99939,552,100005,100,99921,100,100062,100,99906,100,100067,100,99892,100,100097,100,99879,100,100122,100,99874,100,100126,100,99865,100,100216,100,99857,100,100221,100,99855,100,100265,100,99836,100
2019-06-28 09:45:10.000000000,100004,213,99939,213,100005,213,99921,213,100062,213,99906,213,100067,213,99892,213,100097,100,99879,100,100122,100,99874,100,100126,100,99865,100,100216,100,99857,100,100221,100,99855,100,100265,100,99836,100
2019-06-28 09:45:14.547575628,100004,113,99939,213,100005,213,99921,213,100062,213,99906,213,100067,213,99892,213,100097,100,99879,100,100122,100,99874,100,100126,100,99865,100,100216,100,99857,100,100221,100,99855,100,100265,100,99836,100
2019-06-28 09:45:20.000000000,100005,190,99939,190,100062,190,99921,190,100067,190,99906,190,100097,190,99892,190,100122,190,99879,190,100126,100,99874,100,100216,100,99865,100,100221,100,99857,100,100265,100,99855,100,100756,100,99836,100
2019-06-28 09:45:20.850576581,100005,190,99939,190,100062,190,99921,190,100067,190,99906,190,100097,190,99892,190,100122,190,99879,190,100126,100,99874,100,100216,100,99865,100,100221,100,99857,100,100265,100,99855,100,100733,100,99836,100
2019-06-28 09:45:25.193117224,100005,190,99939,190,100062,190,99921,190,100067,190,99906,190,100097,190,99892,190,100122,190,99879,190,100126,100,99874,100,100216,100,99865,100,100221,100,99857,100,100265,100,99855,100,100713,100,99836,100
2019-06-28 09:45:30.000000000,100005,213,99939,213,100062,213,99921,213,100067,213,99906,213,100097,213,99892,213,100122,100,99879,100,100126,100,99874,100,100216,100,99865,100,100221,100,99857,100,100265,100,99855,100,100713,100,99836,100
2019-06-28 09:45:30.687489874,100005,213,99939,213,100062,213,99921,213,100067,213,99906,213,100097,213,99892,213,100122,100,99879,100,100126,100,99874,100,100216,100,99865,100,100221,100,99857,100,100265,100,99855,100,100713,100,99836,100
2019-06-28 09:45:33.401743339,100005,213,99939,213,100062,213,99921,213,100067,213,99906,213,100097,213,99892,213,100122,100,99879,100,100126,100,99874,100,100216,100,99865,100,100221,100,99857,100,100265,100,99836,100,100676,100,99711,100
2019-06-28 09:45:40.000000000,100005,552,99939,552,100062,100,99921,100,100067,100,99906,100,100097,100,99892,100,100122,100,99879,100,100126,100,99874,100,100216,100,99865,100,100221,100,99857,100,100265,100,99836,100,100676,100,99711,100
2019-06-28 09:45:49.469455600,100005,552,99939,552,100062,100,99921,100,100067,100,99906,100,100097,100,99892,100,100122,100,99879,100,100126,100,99874,100,100216,100,99865,100,100221,100,99857,100,100265,100,99836,100,100676,100,99711,100
2019-06-28 09:45:50.000000000,100005,254,99939,254,100062,249,99921,249,100067,249,99906,249,100097,100,99892,100,100122,100,99879,100,100126,100,99874,100,100216,100,99865,100,100221,100,99857,100,100265,100,99836,100,100676,100,99711,100
2019-06-28 09:46:00.000000000,100005,213,99939,213,100062,213,99921,213,100067,213,99906,213,100097,213,99892,213,100122,100,99879,100,100126,100,99874,100,100216,100,99865,100,100221,100,99857,100,100265,100,99836,100,100676,100,99711,100
2019-06-28 09:46:00.664504421,100005,113,99939,213,100062,213,99921,213,100067,213,99906,213,100097,213,99892,213,100122,100,99879,100,100126,100,99874,100,100216,100,99865,100,100221,100,99857,100,100265,100,99836,100,100676,100,99711,100
2019-06-28 09:46:10.000000000,100062,190,99939,190,100067,190,99921,190,100097,190,99906,190,100122,190,99892,190,100126,190,99879,190,100216,100,99874,100,100221,100,99865,100,100265,100,99857,100,100676,100,99836,100,100713,100,99711,100
2019-06-28 09:46:20.000000000,100062,190,99939,190,100067,190,99921,190,100097,190,99906,190,100122,190,99892,190,100126,190,99879,190,100216,100,99874,100,100221,100,99865,100,100265,100,99857,100,100676,100,99836,100,100713,100,99711,100
2019-06-28 09:46:22.948142724,100062,90,99939,190,100067,190,99921,190,100097,190,99906,190,100122,190,99892,190,100126,190,99879,190,100216,100,99874,100,100221,100,99865,100,100265,100,99857,100,100676,100,99836,100,100713,100,99711,100
2019-06-28 09:46:30.000000000,100067,190,99939,190,100097,190,99921,190,100122,190,99906,190,100126,190,99892,190,100216,190,99879,190,100221,100,99874,100,100265,100,99865,100,100676,100,99857,100,100713,100,99836,100,100733,100,99711,100
2019-06-28 09:46:38.224850524,100067,190,100005,100,100097,190,99939,190,100122,190,99921,190,100126,190,99906,190,100216,190,99892,190,100221,100,99879,190,100265,100,99874,100,100676,100,99865,100,100713,100,99857,100,100733,100,99836,100
2019-06-28 09:46:40.000000000,100067,213,100005,213,100097,213,99939,213,100122,213,99921,213,100126,213,99906,213,100216,100,99892,100,100221,100,99879,100,100265,100,99874,100,100676,100,99865,100,100713,100,99857,100,100733,100,99836,100
2019-06-28 09:46:50.000000000,100067,254,100005,254,100097,249,99939,249,100122,249,99921,249,100126,100,99906,100,100216,100,99892,100,100221,100,99879,100,100265,100,99874,100,100676,100,99865,100,100713,100,99857,100,100733,100,99836,100
2019-06-28 09:46:52.704171664,100067,154,100005,254,100097,249,99939,249,100122,249,99921,249,100126,100,99906,100,100216,100,99892,100,100221,100,99879,100,100265,100,99874,100,100676,100,99865,100,100713,100,99857,100,100733,100,99836,100
2019-06-28 09:47:00.000000000,100097,326,100005,326,100122,326,99939,326,100126,100,99921,100,100216,100,99906,100,100221,100,99892,100,100265,100,99879,100,100676,100,99874,100,100713,100,99865,100,100733,100,99857,100,100756,100,99836,100
2019-06-28 09:47:09.456830959,100097,226,100005,326,100122,326,99939,326,100126,100,99921,100,100216,100,99906,100,100221,100,99892,100,100265,100,99879,100,100676,100,99874,100,100713,100,99865,100,100733,100,99857,100,100756,100,99836,100
2019-06-28 09:47:10.000000000,100122,254,100005,254,100126,249,99939,249,100216,249,99921,249,100221,100,99906,100,100265,100,99892,100,100676,100,99879,100,100713,100,99874,100,100733,100,99865,100,100756,100,99857,100,100769,100,99836,100
2019-06-28 09:47:17.520104430,100122,254,100005,254,100126,249,99939,249,100216,249,99921,249,100221,100,99906,100,100265,100,99892,100,100676,100,99879,100,100713,100,99874,100,100733,100,99865,100,100756,100,99857,100,100769,100,99836,100
2019-06-28 09:47:20.000000000,100122,190,100005,190,100126,190,99939,190,100216,190,99921,190,100221,190,99906,190,100265,190,99892,190,100676,100,99879,100,100713,100,99874,100,100733,100,99865,100,100756,100,99857,100,100769,100,99836,100
2019-06-28 09:47:30.000000000,100122,552,100005,552,100126,100,99939,100,100216,100,99921,100,100221,100,99906,100,100265,100,99892,100,100676,100,99879,100,100713,100,99874,100,100733,100,99865,100,100756,100,99857,100,100769,100,99836,100
2019-06-28 09:47:33.347112581,100122,552,100005,552,100126,100,99939,100,100216,100,99921,100,100221,100,99906,100,100265,100,99892,100,100676,100,99879,100,100713,100,99874,100,100733,100,99865,100,100756,100,99857,100,100769,100,99836,100
2019-06-28 09:47:40.000000000,100122,552,100005,552,100126,100,99939,100,100216,100,99921,100,100221,100,99906,100,100265,100,99892,100,100676,100,99879,100,100713,100,99874,100,100733,100,99865,100,100756,100,99857,100,100769,100,99836,100
2019-06-28 09:47:50.000000000,100122,552,100005,552,100126,100,99939,100,100216,100,99921,100,100221,100,99906,100,100265,100,99892,100,100676,100,99879,100,100713,100,99874,100,100733,100,99865,100,100756,100,99857,100,100769,100,99836,100
2019-06-28 09:48:00.000000000,100122,190,100005,190,100126,190,99939,190,100216,190,99921,190,100221,190,99906,190,100265,190,99892,190,100676,100,99879,100,100713,100,99874,100,100733,100,99865,100,100756,100,99857,100,100769,100,99836,100
2019-06-28 09:48:10.000000000,100122,326,100005,326,100126,326,99939,326,100216,100,99921,100,100221,100,99906,100,100265,100,99892,100,100676,100,99879,100,100713,100,99874,100,100733,100,99865,100,100756,100,99857,100,100769,100,99836,100
2019-06-28 09:48:20.000000000,100122,254,100005,254,100126,249,99939,249,100216,249,99921,249,100221,100,99906,100,100265,100,99892,100,100676,100,99879,100,100713,100,99874,100,100733,100,99865,100,100756,100,99857,100,100769,100,99836,100
2019-06-28 09:48:30.000000000,100122,552,100005,552,100126,100,99939,100,100216,100,99921,100,100221,100,99906,100,100265,100,99892,100,100676,100,99879,100,100713,100,99874,100,100733,100,99865,100,100756,100,99857,100,100769,100,99836,100
2019-06-28 09:48:39.802470804,100122,552,100005,552,100126,100,99939,100,100216,100,99921,100,100221,100,99906,100,100265,100,99892,100,100676,100,99879,100,100713,100,99874,100,100733,100,99865,100,100756,100,99857,100,100769,100,99836,100
2019-06-28 09:48:40.000000000,100122,213,100005,213,100126,213,99939,213,100216,213,99921,213,100221,213,99906,213,100265,100,99892,100,100676,100,99879,100,100713,100,99874,100,100733,100,99865,100,100756,100,99857,100,100769,100,99836,100
2019-06-28 09:48:41.649197934,100122,213,100005,213,100126,213,99939,213,100216,213,99921,213,100221,213,99906,213,100265,100,99892,100,100676,100,99879,100,100713,100,99874,100,100733,100,99865,100,100756,100,99857,100,100769,100,99836,100
2019-06-28 09:48:43.780179416,100122,113,100005,213,100126,213,99939,213,100216,213,99921,213,100221,213,99906,213,100265,100,99892,100,100676,100,99879,100,100713,100,99874,100,100733,100,99865,100,100756,100,99857,100,100769,100,99836,100
2019-06-28 09:48:50.000000000,100126,213,100005,213,100216,213,99939,213,100221,213,99921,213,100265,213,99906,213,100676,100,99892,100,100713,100,99879,100,100733,100,99874,100,100756,100,99865,100,100769,100,99857,100,100935,100,99836,100
2019-06-28 09:49:00.000000000,100126,326,100005,326,100216,326,99939,326,100221,100,99921,100,100265,100,99906,100,100676,100,99892,100,100713,100,99879,100,100733,100,99874,100,100756,100,99865,100,100769,100,99857,100,100935,100,99836,100
2019-06-28 09:49:06.195400633,100126,226,100005,326,100216,326,99939,326,100221,100,99921,100,100265,100,99906,100,100676,100,99892,100,100713,100,99879,100,100733,100,99874,100,100756,100,99865,100,100769,100,99857,100,100935,100,99836,100
2019-06-28 09:49:10.000000000,100216,254,100005,254,100221,249,99939,249,100265,249,99921,249,100676,100,99906,100,100713,100,99892,100,100733,100,99879,100,100756,100,99874,100,100769,100,99865,100,100935,100,99857,100,101000,100,99836,100
2019-06-28 09:49:20.000000000,100216,326,100005,326,100221,326,99939,326,100265,100,99921,100,100676,100,99906,100,100713,100,99892,100,100733,100,99879,100,100756,100,99874,100,100769,100,99865,100,100935,100,99857,100,101000,100,99836,100
2019-06-28 09:49:30.000000000,100216,326,100005,326,100221,326,99939,326,100265,100,99921,100,100676,100,99906,100,100713,100,99892,100,100733,100,99879,100,100756,100,99874,100,100769,100,99865,100,100935,100,99857,100,101000,100,99836,100
2019-06-28 09:49:40.000000000,100216,213,100005,213,100221,213,99939,213,100265,213,99921,213,100676,213,99906,213,100713,100,99892,100,100733,100,99879,100,100756,100,99874,100,100769,100,99865,100,100935,100,99857,100,101000,100,99836,100
2019-06-28 09:49:50.000000000,100216,552,100005,552,100221,100,99939,100,100265,100,99921,100,100676,100,99906,100,100713,100,99892,100,100733,100,99879,100,100756,100,99874,100,100769,100,99865,100,100935,100,99857,100,101000,100,99836,100
2019-06-28 09:49:55.493311905,100216,452,100005,552,100221,100,99939,100,100265,100,99921,100,100676,100,99906,100,100713,100,99892,100,100733,100,99879,100,100756,100,99874,100,100769,100,99865,100,100935,100,99857,100,101000,100,99836,100
2019-06-28 09:50:00.000000000,100221,190,100005,190,100265,190,99939,190,100676,190,99921,190,100713,190,99906,190,100733,190,99892,190,100756,100,99879,100,100769,100,99874,100,100935,100,99865,100,101000,100,99857,100,101062,100,99836,100
2019-06-28 09:50:10.000000000,100221,213,100005,213,100265,213,99939,213,100676,213,99921,213,100713,213,99906,213,100733,100,99892,100,100756,100,99879,100,100769,100,99874,100,100935,100,99865,100,101000,100,99857,100,101062,100,99836,100
2019-06-28 09:50:13.654587014,100221,213,100005,213,100265,213,99939,213,100676,213,99921,213,100713,213,99906,213,100733,100,99892,100,100756,100,99879,100,100769,100,99874,100,100935,100,99865,100,101000,100,99857,100,101062,100,99836,100
2019-06-28 09:50:20.000000000,100221,190,100005,190,100265,190,99939,190,100676,190,99921,190,100713,190,99906,190,100733,190,99892,190,100756,100,99879,100,100769,100,99874,100,100935,100,99865,100,101000,100,99857,100,101062,100,99836,100
2019-06-28 09:50:30.000000000,100221,254,100005,254,100265,249,99939,249,100676,249,99921,249,100713,100,99906,100,100733,100,99892,100,100756,100,99879,100,100769,100,99874,100,100935,100,99865,100,101000,100,99857,100,101062,100,99836,100
2019-06-28 09:50:33.522182734,100221,254,100005,254,100265,249,99939,249,100676,249,99921,249,100713,100,99906,100,100733,100,99892,100,100756,100,99879,100,100769,100,99874,100,100935,100,99865,100,101000,100,99857,100,101062,100,99836,100
2019-06-28 09:50:40.000000000,100221,213,100005,213,100265,213,99939,213,100676,213,99921,213,100713,213,99906,213,100733,100,99892,100,100756,100,99879,100,100769,100,99874,100,100935,100,99865,100,101000,100,99857,100,101062,100,99836,100
2019-06-28 09:50:46.725943666,100221,213,100005,213,100265,213,99939,213,100676,213,99921,213,100713,213,99906,213,100733,100,99892,100,100756,100,99879,100,100769,100,99874,100,100935,100,99865,100,101000,100,99857,100,101062,100,99836,100
2019-06-28 09:50:50.000000000,100221,190,100005,190,100265,190,99939,190,100676,190,99921,190,100713,190,99906,190,100733,190,99892,190,100756,100,99879,100,100769,100,99874,100,100935,100,99865,100,101000,100,99857,100,101062,100,99836,100
2019-06-28 09:51:00.000000000,100221,552,100005,552,100265,100,99939,100,100676,100,99921,100,100713,100,99906,100,100733,100,99892,100,100756,100,99879,100,100769,100,99874,100,100935,100,99865,100,101000,100,99857,100,101062,100,99836,100
2019-06-28 09:51:10.000000000,100221,190,100005,190,100265,190,99939,190,100676,190,99921,190,100713,190,99906,190,100733,190,99892,190,100756,100,99879,100,100769,100,99874,100,100935,100,99865,100,101000,100,99857,100,101062,100,99836,100
2019-06-28 09:51:14.060005133,100221,90,100005,190,100265,190,99939,190,100676,190,99921,190,100713,190,99906,190,100733,190,99892,190,100756,100,99879,100,100769,100,99874,100,100935,100,99865,100,101000,100,99857,100,101062,100,99836,100
2019-06-28 09:51:20.000000000,100265,326,100005,326,100676,326,99939,326,100713,100,99921,100,100733,100,99906,100,100756,100,99892,100,100769,100,99879,100,100935,100,99874,100,101000,100,99865,100,101062,100,99857,100,101184,100,99836,100
2019-06-28 09:51:27.532831526,100265,226,100005,326,100676,226,99939,326,100713,100,99921,100,100733,100,99906,100,100756,100,99892,100,100769,100,99879,100,100935,100,99874,100,101000,100,99865,100,101062,100,99857,100,101184,100,99836,100
2019-06-28 09:51:30.000000000,100713,213,100005,213,100733,213,99939,213,100756,213,99921,213,100769,213,99906,213,100935,100,99892,100,101000,100,99879,100,101062,100,99874,100,101184,100,99865,100,101309,100,99857,100,101531,100,99836,100
2019-06-28 09:51:40.000000000,100713,326,100005,326,100733,326,99939,326,100756,100,99921,100,100769,100,99906,100,100935,100,99892,100,101000,100,99879,100,101062,100,99874,100,101184,100,99865,100,101309,100,99857,100,101531,100,99836,100
2019-06-28 09:51:46.674243548,100713,326,100221,100,100733,326,100005,326,100756,100,99939,326,100769,100,99921,100,100935,100,99906,100,101000,100,99892,100,101062,100,99879,100,101184,100,99874,100,101309,100,99865,100,101531,100,99857,100
2019-06-28 09:51:49.253344629,100713,226,100221,100,100733,326,100005,326,100756,100,99939,326,100769,100,99921,100,100935,100,99906,100,101000,100,99892,100,101062,100,99879,100,101184,100,99874,100,101309,100,99865,100,101531,100,99857,100
2019-06-28 09:51:50.000000000,100733,326,100221,326,100756,326,100005,326,100769,100,99939,100,100935,100,99921,100,101000,100,99906,100,101062,100,99892,100,101184,100,99879,100,101309,100,99874,100,101531,100,99865,100,101551,100,99857,100
2019-06-28 09:52:00.000000000,100733,213,100221,213,100756,213,100005,213,100769,213,99939,213,100935,213,99921,213,101000,100,99906,100,101062,100,99892,100,101184,100,99879,100,101309,100,99874,100,101531,100,99865,100,101551,100,99857,100
2019-06-28 09:52:10.000000000,100733,326,100221,326,100756,326,100005,326,100769,100,99939,100,100935,100,99921,100,101000,100,99906,100,101062,100,99892,100,101184,100,99879,100,101309,100,99874,100,101531,100,99865,100,101551,100,99857,100
2019-06-28 09:52:14.009362915,100733,326,100265,100,100756,326,100221,326,100769,100,100005,326,100935,100,99939,100,101000,100,99921,100,101062,100,99906,100,101184,100,99892,100,101309,100,99879,100,101531,100,99874,100,101551,100,99865,100
2019-06-28 09:52:20.000000000,100733,254,100265,254,100756,249,100221,249,100769,249,100005,249,100935,100,99939,100,101000,100,99921,100,101062,100,99906,100,101184,100,99892,100,101309,100,99879,100,101531,100,99874,100,101551,100,99865,100
2019-06-28 09:52:30.000000000,100733,213,100265,213,100756,213,100221,213,100769,213,100005,213,100935,213,99939,213,101000,100,99921,100,101062,100,99906,100,101184,100,99892,100,101309,100,99879,100,101531,100,99874,100,101551,100,99865,100
2019-06-28 09:52:39.369492819,100733,213,100265,313,100756,213,100221,213,100769,213,100005,213,100935,213,99939,213,101000,100,99921,100,101062,100,99906,100,101184,100,99892,100,101309,100,99879,100,101531,100,99874,100,101551,100,99865,100
2019-06-28 09:52:40.000000000,100733,213,100265,313,100756,213,100221,213,100769,213,100005,213,100935,213,99939,213,101000,100,99921,100,101062,100,99906,100,101184,100,99892,100,101309,100,99879,100,101531,100,99874,100,101551,100,99865,100
2019-06-28 09:52:50.000000000,100733,326,100265,426,100756,326,100221,326,100769,100,100005,100,100935,100,99939,100,101000,100,99921,100,101062,100,99906,100,101184,100,99892,100,101309,100,99879,100,101531,100,99874,100,101551,100,99865,100
2019-06-28 09:53:00.000000000,100733,254,100265,354,100756,249,100221,249,100769,249,100005,249,100935,100,99939,100,101000,100,99921,100,101062,100,99906,100,101184,100,99892,100,101309,100,99879,100,101531,100,99874,100,101551,100,99865,100
2019-06-28 09:53:01.969805746,100733,254,100265,354,100756,249,100221,249,100769,249,100005,249,100935,100,99939,100,101000,100,99921,100,101062,100,99892,100,101184,100,99879,100,101309,100,99874,100,101531,100,99865,100,101551,100,99857,100
2019-06-28 09:53:10.000000000,100733,326,100265,426,100756,326,100221,326,100769,100,100005,100,100935,100,99939,100,101000,100,99921,100,101062,100,99892,100,101184,100,99879,100,101309,100,99874,100,101531,100,99865,100,101551,100,99857,100
2019-06-28 09:53:20.000000000,100733,213,100265,313,100756,213,100221,213,100769,213,100005,213,100935,213,99939,213,101000,100,99921,100,101062,100,99892,100,101184,100,99879,100,101309,100,99874,100,101531,100,99865,100,101551,100,99857,100
2019-06-28 09:53:30.000000000,100733,552,100265,652,100756,100,100221,100,100769,100,100005,100,100935,100,99939,100,101000,100,99921,100,101062,100,99892,100,101184,100,99879,100,101309,100,99874,100,101531,100,99865,100,101551,100,99857,100
2019-06-28 09:53:40.000000000,100733,326,100265,426,100756,326,100221,326,100769,100,100005,100,100935,100,99939,100,101000,100,99921,100,101062,100,99892,100,101184,100,99879,100,101309,100,99874,100,101531,100,99865,100,101551,100,99857,100
2019-06-28 09:53:50.000000000,100733,254,100265,354,100756,249,100221,249,100769,249,100005,249,100935,100,99939,100,101000,100,99921,100,101062,100,99892,100,101184,100,99879,100,101309,100,99874,100,101531,100,99865,100,101551,100,99857,100
2019-06-28 09:54:00.000000000,100733,552,100265,652,100756,100,100221,100,100769,100,100005,100,100935,100,99939,100,101000,100,99921,100,101062,100,99892,100,101184,100,99879,100,101309,100,99874,100,101531,100,99865,100,101551,100,99857,100
2019-06-28 09:54:01.431233388,100733,552,100265,752,100756,100,100221,100,100769,100,100005,100,100935,100,99939,100,101000,100,99921,100,101062,100,99892,100,101184,100,99879,100,101309,100,99874,100,101531,100,99865,100,101551,100,99857,100
2019-06-28 09:54:10.000000000,100733,213,100265,413,100756,213,100221,213,100769,213,100005,213,100935,213,99939,213,101000,100,99921,100,101062,100,99892,100,101184,100,99879,100,101309,100,99874,100,101531,100,99865,100,101551,100,99857,100
2019-06-28 09:54:20.000000000,100733,254,100265,454,100756,249,100221,249,100769,249,100005,249,100935,100,99939,100,101000,100,99921,100,101062,100,99892,100,101184,100,99879,100,101309,100,99874,100,101531,100,99865,100,101551,100,99857,100
2019-06-28 09:54:30.000000000,100733,254,100265,454,100756,249,100221,249,100769,249,100005,249,100935,100,99939,100,101000,100,99921,100,101062,100,99892,100,101184,100,99879,100,101309,100,99874,100,101531,100,99865,100,101551,100,99857,100
2019-06-28 09:54:40.000000000,100733,213,100265,413,100756,213,100221,213,100769,213,100005,213,100935,213,99939,213,101000,100,99921,100,101062,100,99892,100,101184,100,99879,100,101309,100,99874,100,101531,100,99865,100,101551,100,99857,100
2019-06-28 09:54:50.000000000,100733,326,100265,526,100756,326,100221,326,100769,100,100005,100,100935,100,99939,100,101000,100,99921,100,101062,100,99892,100,101184,100,99879,100,101309,100,99874,100,101531,100,99865,100,101551,100,99857,100
2019-06-28 09:55:00.000000000,100733,254,100265,454,100756,249,100221,249,100769,249,100005,249,100935,100,99939,100,101000,100,99921,100,101062,100,99892,100,101184,100,99879,100,101309,100,99874,100,101531,100,99865,100,101551,100,99857,100
2019-06-28 09:55:10.000000000,100733,190,100265,390,100756,190,100221,190,100769,190,100005,190,100935,190,99939,190,101000,190,99921,190,101062,100,99892,100,101184,100,99879,100,101309,100,99874,100,101531,100,99865,100,101551,100,99857,100
2019-06-28 09:55:20.000000000,100733,190,100265,390,100756,190,100221,190,100769,190,100005,190,100935,190,99939,190,101000,190,99921,190,101062,100,99892,100,101184,100,99879,100,101309,100,99874,100,101531,100,99865,100,101551,100,99857,100
2019-06-28 09:55:24.805400995,100733,190,100265,290,100756,190,100221,190,100769,190,100005,190,100935,190,99939,190,101000,190,99921,190,101062,100,99892,100,101184,100,99879,100,101309,100,99874,100,101531,100,99865,100,101551,100,99857,100
2019-06-28 09:55:30.000000000,100733,326,100265,426,100756,326,100221,326,100769,100,100005,100,100935,100,99939,100,101000,100,99921,100,101062,100,99892,100,101184,100,99879,100,101309,100,99874,100,101531,100,99865,100,101551,100,99857,100
2019-06-28 09:55:34.678148342,100284,100,100265,426,100733,326,100221,326,100756,326,100005,100,100769,100,99939,100,100935,100,99921,100,101000,100,99892,100,101062,100,99879,100,101184,100,99874,100,101309,100,99865,100,101531,100,99857,100
2019-06-28 09:55:40.000000000,100284,552,100265,652,100733,100,100221,100,100756,100,100005,100,100769,100,99939,100,100935,100,99921,100,101000,100,99892,100,101062,100,99879,100,101184,100,99874,100,101309,100,99865,100,101531,100,99857,100
2019-06-28 09:55:50.000000000,100284,213,100265,313,100733,213,100221,213,100756,213,100005,213,100769,213,99939,213,100935,100,99921,100,101000,100,99892,100,101062,100,99879,100,101184,100,99874,100,101309,100,99865,100,101531,100,99857,100
2019-06-28 09:56:00.000000000,100284,254,100265,354,100733,249,100221,249,100756,249,100005,249,100769,100,99939,100,100935,100,99921,100,101000,100,99892,100,101062,100,99879,100,101184,100,99874,100,101309,100,99865,100,101531,100,99857,100
2019-06-28 09:56:07.596711429,100284,154,100265,354,100733,249,100221,249,100756,249,100005,249,100769,100,99939,100,100935,100,99921,100,101000,100,99892,100,101062,100,99879,100,101184,100,99874,100,101309,100,99865,100,101531,100,99857,100
2019-06-28 09:56:10.000000000,100733,190,100265,290,100756,190,100221,190,100769,190,100005,190,100935,190,99939,190,101000,190,99921,190,101062,100,99892,100,101184,100,99879,100,101309,100,99874,100,101531,100,99865,100,101551,100,99857,100
2019-06-28 09:56:15.465754813,100733,190,100493,100,100756,190,100265,290,100769,190,100221,190,100935,190,100005,190,101000,190,99939,190,101062,100,99921,190,101184,100,99892,100,101309,100,99879,100,101531,100,99874,100,101551,100,99865,100
2019-06-28 09:56:20.000000000,100733,326,100493,326,100756,326,100265,426,100769,100,100221,100,100935,100,100005,100,101000,100,99939,100,101062,100,99921,100,101184,100,99892,100,101309,100,99879,100,101531,100,99874,100,101551,100,99865,100
2019-06-28 09:56:30.000000000,100733,326,100493,326,100756,326,100265,426,100769,100,100221,100,100935,100,100005,100,101000,100,99939,100,101062,100,99921,100,101184,100,99892,100,101309,100,99879,100,101531,100,99874,100,101551,100,99865,100
2019-06-28 09:56:34.288671868,100733,326,100493,226,100756,326,100265,426,100769,100,100221,100,100935,100,100005,100,101000,100,99939,100,101062,100,99921,100,101184,100,99892,100,101309,100,99879,100,101531,100,99874,100,101551,100,99865,100
2019-06-28 09:56:40.000000000,100733,552,100265,652,100756,100,100221,100,100769,100,100005,100,100935,100,99939,100,101000,100,99921,100,101062,100,99892,100,101184,100,99879,100,101309,100,99874,100,101531,100,99865,100,101551,100,99857,100
2019-06-28 09:56:50.000000000,100733,552,100265,652,100756,100,100221,100,100769,100,100005,100,100935,100,99939,100,101000,100,99921,100,101062,100,99892,100,101184,100,99879,100,101309,100,99874,100,101531,100,99865,100,101551,100,99857,100
2019-06-28 09:56:52.124730339,100733,552,100468,100,100756,100,100265,652,100769,100,100221,100,100935,100,100005,100,101000,100,99939,100,101184,100,99921,100,101309,100,99892,100,101531,100,99879,100,101551,100,99874,100,101629,100,99865,100
2019-06-28 09:57:00.000000000,100733,326,100468,326,100756,326,100265,426,100769,100,100221,100,100935,100,100005,100,101000,100,99939,100,101184,100,99921,100,101309,100,99892,100,101531,100,99879,100,101551,100,99874,100,101629,100,99865,100
2019-06-28 09:57:09.630736642,100733,326,100652,100,100756,326,100468,326,100769,100,100265,426,100935,100,100221,100,101000,100,100005,100,101184,100,99939,100,101309,100,99921,100,101531,100,99892,100,101551,100,99879,100,101629,100,99874,100
2019-06-28 09:57:10.000000000,100733,190,100652,190,100756,190,100468,190,100769,190,100265,290,100935,190,100221,190,101000,190,100005,190,101184,100,99939,100,101309,100,99921,100,101531,100,99892,100,101551,100,99879,100,101629,100,99874,100
2019-06-28 09:57:20.000000000,100733,254,100652,254,100756,249,100468,249,100769,249,100265,349,100935,100,100221,100,101000,100,100005,100,101184,100,99939,100,101309,100,99921,100,101531,100,99892,100,101551,100,99879,100,101629,100,99874,100
2019-06-28 09:57:30.000000000,100733,254,100652,254,100756,249,100468,249,100769,249,100265,349,100935,100,100221,100,101000,100,100005,100,101184,100,99939,100,101309,100,99921,100,101531,100,99892,100,101551,100,99879,100,101629,100,99874,100
2019-06-28 09:57:37.332269143,100672,100,100652,254,100733,254,100468,249,100756,249,100265,349,100769,249,100221,100,100935,100,100005,100,101000,100,99939,100,101184,100,99921,100,101309,100,99892,100,101531,100,99879,100,101551,100,99874,100
2019-06-28 09:57:40.000000000,100672,326,100652,326,100733,326,100468,326,100756,100,100265,200,100769,100,100221,100,100935,100,100005,100,101000,100,99939,100,101184,100,99921,100,101309,100,99892,100,101531,100,99879,100,101551,100,99874,100
2019-06-28 09:57:44.241119667,100672,326,100652,226,100733,326,100468,326,100756,100,100265,200,100769,100,100221,100,100935,100,100005,100,101000,100,99939,100,101184,100,99921,100,101309,100,99892,100,101531,100,99879,100,101551,100,99874,100
2019-06-28 09:57:50.000000000,100672,326,100468,326,100733,326,100265,426,100756,100,100221,100,100769,100,100005,100,100935,100,99939,100,101000,100,99921,100,101184,100,99892,100,101309,100,99879,100,101531,100,99874,100,101551,100,99865,100
2019-06-28 09:58:00.000000000,100672,190,100468,190,100733,190,100265,290,100756,190,100221,190,100769,190,100005,190,100935,190,99939,190,101000,100,99921,100,101184,100,99892,100,101309,100,99879,100,101531,100,99874,100,101551,100,99865,100
2019-06-28 09:58:00.663667787,100672,190,100494,100,100733,190,100468,190,100756,190,100265,290,100769,190,100221,190,100935,190,100005,190,101000,100,99939,190,101184,100,99921,100,101309,100,99892,100,101531,100,99879,100,101551,100,99874,100
2019-06-28 09:58:10.000000000,100672,254,100494,254,100733,249,100468,249,100756,249,100265,349,100769,100,100221,100,100935,100,100005,100,101000,100,99939,100,101184,100,99921,100,101309,100,99892,100,101531,100,99879,100,101551,100,99874,100
2019-06-28 09:58:11.264659528,100672,254,100653,100,100733,249,100494,254,100756,249,100468,249,100769,100,100265,349,100935,100,100221,100,101000,100,100005,100,101184,100,99939,100,101309,100,99921,100,101531,100,99892,100,101551,100,99879,100
2019-06-28 09:58:14.183616112,100672,254,100653,100,100733,249,100494,254,100756,249,100468,249,100769,100,100265,349,100935,100,100221,100,101000,100,100005,100,101072,100,99939,100,101184,100,99921,100,101309,100,99892,100,101531,100,99879,100
2019-06-28 09:58:15.408062908,100672,254,100653,200,100733,249,100494,254,100756,249,100468,249,100769,100,100265,349,100935,100,100221,100,101000,100,100005,100,101072,100,99939,100,101184,100,99921,100,101309,100,99892,100,101531,100,99879,100
2019-06-28 09:58:16.714754636,100672,254,100653,200,100733,249,100494,254,100756,249,100468,249,100769,100,100265,349,100935,100,100221,100,101000,100,100005,100,101052,100,99939,100,101072,100,99921,100,101184,100,99892,100,101309,100,99879,100
2019-06-28 09:58:20.000000000,100672,190,100653,290,100733,190,100494,190,100756,190,100468,190,100769,190,100265,290,100935,190,100221,190,101000,100,100005,100,101052,100,99939,100,101072,100,99921,100,101184,100,99892,100,101309,100,99879,100
2019-06-28 09:58:30.000000000,100672,552,100653,652,100733,100,100494,100,100756,100,100468,100,100769,100,100265,200,100935,100,100221,100,101000,100,100005,100,101052,100,99939,100,101072,100,99921,100,101184,100,99892,100,101309,100,99879,100
2019-06-28 09:58:40.000000000,100672,254,100653,354,100733,249,100494,249,100756,249,100468,249,100769,100,100265,200,100935,100,100221,100,101000,100,100005,100,101052,100,99939,100,101072,100,99921,100,101184,100,99892,100,101309,100,99879,100
2019-06-28 09:58:50.000000000,100672,552,100653,652,100733,100,100494,100,100756,100,100468,100,100769,100,100265,200,100935,100,100221,100,101000,100,100005,100,101052,100,99939,100,101072,100,99921,100,101184,100,99892,100,101309,100,99879,100
2019-06-28 09:58:51.704545399,100672,452,100653,652,100733,100,100494,100,100756,100,100468,100,100769,100,100265,200,100935,100,100221,100,101000,100,100005,100,101052,100,99939,100,101072,100,99921,100,101184,100,99892,100,101309,100,99879,100
2019-06-28 09:58:52.910352045,100672,352,100653,652,100733,100,100494,100,100756,100,100468,100,100769,100,100265,200,100935,100,100221,100,101000,100,100005,100,101052,100,99939,100,101072,100,99921,100,101184,100,99892,100,101309,100,99879,100
2019-06-28 09:58:53.360604498,100672,352,100653,652,100733,100,100494,100,100756,100,100468,100,100769,100,100265,200,100935,100,100221,100,101000,100,100005,100,101023,100,99939,100,101052,100,99921,100,101072,100,99892,100,101184,100,99879,100
2019-06-28 09:59:00.000000000,100733,254,100653,354,100756,249,100494,249,100769,249,100468,249,100935,100,100265,200,101000,100,100221,100,101023,100,100005,100,101052,100,99939,100,101072,100,99921,100,101184,100,99892,100,101309,100,99879,100
2019-06-28 09:59:00.010363433,100733,154,100653,354,100756,249,100494,249,100769,249,100468,249,100935,100,100265,200,101000,100,100221,100,101023,100,100005,100,101052,100,99939,100,101072,100,99921,100,101184,100,99892,100,101309,100,99879,100
2019-06-28 09:59:07.261086169,100733,154,100653,354,100756,249,100494,249,100769,249,100468,249,100935,100,100265,200,101000,100,100221,100,101023,100,100005,100,101052,100,99939,100,101072,100,99921,100,101126,100,99892,100,101184,100,99879,100
2019-06-28 09:59:07.995758349,100733,154,100653,354,100756,249,100494,249,100769,249,100468,249,100922,100,100265,200,100935,100,100221,100,101000,100,100005,100,101023,100,99939,100,101052,100,99921,100,101072,100,99892,100,101126,100,99879,100
2019-06-28 09:59:10.000000000,100756,552,100653,652,100769,100,100494,100,100922,100,100468,100,100935,100,100265,200,101000,100,100221,100,101023,100,100005,100,101052,100,99939,100,101072,100,99921,100,101126,100,99892,100,101184,100,99879,100
2019-06-28 09:59:20.000000000,100756,552,100653,652,100769,100,100494,100,100922,100,100468,100,100935,100,100265,200,101000,100,100221,100,101023,100,100005,100,101052,100,99939,100,101072,100,99921,100,101126,100,99892,100,101184,100,99879,100
2019-06-28 09:59:23.316130347,100756,552,100672,100,100769,100,100653,652,100922,100,100494,100,100935,100,100468,100,101000,100,100265,200,101023,100,100221,100,101052,100,100005,100,101072,100,99939,100,101126,100,99921,100,101184,100,99892,100
2019-06-28 09:59:30.000000000,100756,326,100672,326,100769,326,100653,426,100922,100,100494,100,100935,100,100468,100,101000,100,100265,200,101023,100,100221,100,101052,100,100005,100,101072,100,99939,100,101126,100,99921,100,101184,100,99892,100
2019-06-28 09:59:40.000000000,100756,190,100672,190,100769,190,100653,290,100922,190,100494,190,100935,190,100468,190,101000,190,100265,290,101023,100,100221,100,101052,100,100005,100,101072,100,99939,100,101126,100,99921,100,101184,100,99892,100
2019-06-28 09:59:50.000000000,100756,552,100672,552,100769,100,100653,200,100922,100,100494,100,100935,100,100468,100,101000,100,100265,200,101023,100,100221,100,101052,100,100005,100,101072,100,99939,100,101126,100,99921,100,101184,100,99892,100
2019-06-28 10:00:00.000000000,100756,254,100672,254,100769,249,100653,349,100922,249,100494,249,100935,100,100468,100,101000,100,100265,200,101023,100,100221,100,101052,100,100005,100,101072,100,99939,100,101126,100,99921,100,101184,100,99892,100
2019-06-28 10:00:01.248874415,100756,254,100672,254,100769,249,100653,349,100922,249,100494,249,100935,100,100468,100,101000,100,100265,200,101023,100,100005,100,101052,100,99939,100,101072,100,99921,100,101126,100,99892,100,101184,100,99879,100
2019-06-28 10:00:10.000000000,100756,254,100672,254,100769,249,100653,349,100922,249,100494,249,100935,100,100468,100,101000,100,100265,200,101023,100,100005,100,101052,100,99939,100,101072,100,99921,100,101126,100,99892,100,101184,100,99879,100
2019-06-28 10:00:12.377115151,100756,154,100672,254,100769,249,100653,349,100922,249,100494,249,100935,100,100468,100,101000,100,100265,200,101023,100,100005,100,101052,100,99939,100,101072,100,99921,100,101126,100,99892,100,101184,100,99879,100
2019-06-28 10:00:20.000000000,100769,326,100672,326,100922,326,100653,426,100935,100,100494,100,101000,100,100468,100,101023,100,100265,200,101052,100,100005,100,101072,100,99939,100,101126,100,99921,100,101184,100,99892,100,101309,100,99879,100
2019-06-28 10:00:30.000000000,100769,552,100672,552,100922,100,100653,200,100935,100,100494,100,101000,100,100468,100,101023,100,100265,200,101052,100,100005,100,101072,100,99939,100,101126,100,99921,100,101184,100,99892,100,101309,100,99879,100
2019-06-28 10:00:40.000000000,100769,254,100672,254,100922,249,100653,349,100935,249,100494,249,101000,100,100468,100,101023,100,100265,200,101052,100,100005,100,101072,100,99939,100,101126,100,99921,100,101184,100,99892,100,101309,100,99879,100
2019-06-28 10:00:50.000000000,100769,326,100672,326,100922,326,100653,426,100935,100,100494,100,101000,100,100468,100,101023,100,100265,200,101052,100,100005,100,101072,100,99939,100,101126,100,99921,100,101184,100,99892,100,101309,100,99879,100
2019-06-28 10:00:50.122272742,100769,226,100672,326,100922,326,100653,426,100935,100,100494,100,101000,100,100468,100,101023,100,100265,200,101052,100,100005,100,101072,100,99939,100,101126,100,99921,100,101184,100,99892,100,101309,100,99879,100
2019-06-28 10:01:00.000000000,100922,326,100672,326,100935,326,100653,426,101000,100,100494,100,101023,100,100468,100,101052,100,100265,200,101072,100,100005,100,101126,100,99939,100,101184,100,99921,100,101309,100,99892,100,101531,100,99879,100
2019-06-28 10:01:10.000000000,100922,552,100672,552,100935,100,100653,200,101000,100,100494,100,101023,100,100468,100,101052,100,100265,200,101072,100,100005,100,101126,100,99939,100,101184,100,99921,100,101309,100,99892,100,101531,100,99879,100
2019-06-28 10:01:18.204405441,100773,100,100672,552,100922,552,100653,200,100935,100,100494,100,101023,100,100468,100,101052,100,100265,200,101072,100,100005,100,101126,100,99939,100,101184,100,99921,100,101309,100,99892,100,101531,100,99879,100
2019-06-28 10:01:20.000000000,100773,254,100672,254,100922,249,100653,349,100935,249,100494,249,101023,100,100468,100,101052,100,100265,200,101072,100,100005,100,101126,100,99939,100,101184,100,99921,100,101309,100,99892,100,101531,100,99879,100
2019-06-28 10:01:23.501843157,100773,254,100756,100,100922,249,100672,254,100935,249,100653,349,101023,100,100494,249,101052,100,100468,100,101072,100,100265,200,101126,100,100005,100,101184,100,99939,100,101309,100,99921,100,101531,100,99892,100
2019-06-28 10:01:27.166053194,100773,254,100756,100,100877,100,100672,254,100922,249,100653,349,100935,249,100494,249,101023,100,100468,100,101052,100,100265,200,101072,100,100005,100,101126,100,99939,100,101184,100,99921,100,101309,100,99892,100
2019-06-28 10:01:30.000000000,100773,326,100756,326,100877,326,100672,326,100922,100,100653,200,100935,100,100494,100,101023,100,100468,100,101052,100,100265,200,101072,100,100005,100,101126,100,99939,100,101184,100,99921,100,101309,100,99892,100
2019-06-28 10:01:40.000000000,100773,190,100756,190,100877,190,100672,190,100922,190,100653,290,100935,190,100494,190,101023,190,100468,190,101052,100,100265,200,101072,100,100005,100,101126,100,99939,100,101184,100,99921,100,101309,100,99892,100
2019-06-28 10:01:50.000000000,100773,190,100756,190,100877,190,100672,190,100922,190,100653,290,100935,190,100494,190,101023,190,100468,190,101052,100,100265,200,101072,100,100005,100,101126,100,99939,100,101184,100,99921,100,101309,100,99892,100
2019-06-28 10:01:57.745704880,100773,190,100756,290,100877,190,100672,190,100922,190,100653,290,100935,190,100494,190,101023,190,100468,190,101052,100,100265,100,101072,100,100005,100,101126,100,99939,100,101184,100,99921,100,101309,100,99892,100
2019-06-28 10:02:00.000000000,100773,190,100756,290,100877,190,100672,190,100922,190,100653,290,100935,190,100494,190,101023,190,100468,190,101052,100,100265,100,101072,100,100005,100,101126,100,99939,100,101184,100,99921,100,101309,100,99892,100
2019-06-28 10:02:10.000000000,100773,326,100756,426,100877,326,100672,326,100922,100,100653,200,100935,100,100494,100,101023,100,100468,100,101052,100,100265,100,101072,100,100005,100,101126,100,99939,100,101184,100,99921,100,101309,100,99892,100
2019-06-28 10:02:20.000000000,100773,213,100756,313,100877,213,100672,213,100922,213,100653,313,100935,213,100494,213,101023,100,100468,100,101052,100,100265,100,101072,100,100005,100,101126,100,99939,100,101184,100,99921,100,101309,100,99892,100
2019-06-28 10:02:23.339114069,100773,213,100756,313,100877,213,100672,213,100922,213,100653,313,100935,213,100494,213,101023,100,100468,100,101052,100,100265,100,101126,100,100005,100,101184,100,99939,100,101245,100,99921,100,101309,100,99892,100
2019-06-28 10:02:30.000000000,100773,213,100756,313,100877,213,100672,213,100922,213,100653,313,100935,213,100494,213,101023,100,100468,100,101052,100,100265,100,101126,100,100005,100,101184,100,99939,100,101245,100,99921,100,101309,100,99892,100
2019-06-28 10:02:40.000000000,100773,254,100756,354,100877,249,100672,249,100922,249,100653,349,100935,100,100494,100,101023,100,100468,100,101052,100,100265,100,101126,100,100005,100,101184,100,99939,100,101245,100,99921,100,101309,100,99892,100
2019-06-28 10:02:50.000000000,100773,326,100756,426,100877,326,100672,326,100922,100,100653,200,100935,100,100494,100,101023,100,100468,100,101052,100,100265,100,101126,100,100005,100,101184,100,99939,100,101245,100,99921,100,101309,100,99892,100
2019-06-28 10:02:50.217463494,100773,326,100756,426,100789,100,100672,326,100877,326,100653,200,100922,100,100494,100,100935,100,100468,100,101023,100,100265,100,101052,100,100005,100,101126,100,99939,100,101184,100,99921,100,101245,100,99892,100
2019-06-28 10:02:52.210083150,100773,326,100756,426,100789,100,100672,326,100877,326,100653,200,100922,100,100494,100,100935,100,100468,100,101023,100,100265,100,101052,100,100005,100,101116,100,99939,100,101126,100,99921,100,101184,100,99892,100
2019-06-28 10:02:55.588270514,100773,326,100762,100,100789,100,100756,426,100877,326,100672,326,100922,100,100653,200,100935,100,100494,100,101052,100,100468,100,101116,100,100265,100,101126,100,100005,100,101184,100,99939,100,101245,100,99921,100
2019-06-28 10:03:00.000000000,100773,254,100762,254,100789,249,100756,349,100877,249,100672,249,100922,100,100653,200,100935,100,100494,100,101052,100,100468,100,101116,100,100265,100,101126,100,100005,100,101184,100,99939,100,101245,100,99921,100
2019-06-28 10:03:10.000000000,100773,326,100762,326,100789,326,100756,426,100877,100,100672,100,100922,100,100653,200,100935,100,100494,100,101052,100,100468,100,101116,100,100265,100,101126,100,100005,100,101184,100,99939,100,101245,100,99921,100
2019-06-28 10:03:20.000000000,100773,190,100762,190,100789,190,100756,290,100877,190,100672,190,100922,190,100653,290,100935,190,100494,190,101052,100,100468,100,101116,100,100265,100,101126,100,100005,100,101184,100,99939,100,101245,100,99921,100
2019-06-28 10:03:30.000000000,100773,326,100762,326,100789,326,100756,426,100877,100,100672,100,100922,100,100653,200,100935,100,100494,100,101052,100,100468,100,101116,100,100265,100,101126,100,100005,100,101184,100,99939,100,101245,100,99921,100
2019-06-28 10:03:38.787003514,100773,326,100762,326,100789,326,100756,426,100877,100,100672,100,100922,100,100653,200,100935,100,100494,100,101052,100,100468,100,101116,100,100265,100,101126,100,99939,100,101184,100,99921,100,101245,100,99892,100
2019-06-28 10:03:40.000000000,100773,254,100762,254,100789,249,100756,349,100877,249,100672,249,100922,100,100653,200,100935,100,100494,100,101052,100,100468,100,101116,100,100265,100,101126,100,99939,100,101184,100,99921,100,101245,100,99892,100
2019-06-28 10:03:43.199406856,100773,254,100762,154,100789,249,100756,349,100877,249,100672,249,100922,100,100653,200,100935,100,100494,100,101052,100,100468,100,101116,100,100265,100,101126,100,99939,100,101184,100,99921,100,101245,100,99892,100
2019-06-28 10:03:44.830801724,100773,154,100762,154,100789,249,100756,349,100877,249,100672,249,100922,100,100653,200,100935,100,100494,100,101052,100,100468,100,101116,100,100265,100,101126,100,100207,100,101184,100,99939,100,101245,100,99921,100
2019-06-28 10:03:48.361913442,100773,154,100762,154,100789,249,100756,349,100877,249,100672,249,100922,100,100653,100,100935,100,100494,100,101052,100,100468,100,101116,100,100265,100,101126,100,100207,100,101184,100,99939,100,101245,100,99921,100
2019-06-28 10:03:50.000000000,100789,326,100756,426,100877,326,100672,326,100922,100,100653,100,100935,100,100494,100,101052,100,100468,100,101116,100,100265,100,101126,100,100207,100,101184,100,99939,100,101245,100,99921,100,101309,100,99892,100
2019-06-28 10:04:00.000000000,100789,190,100756,290,100877,190,100672,190,100922,190,100653,190,100935,190,100494,190,101052,190,100468,190,101116,100,100265,100,101126,100,100207,100,101184,100,99939,100,101245,100,99921,100,101309,100,99892,100
2019-06-28 10:04:03.680966328,100789,190,100756,190,100877,190,100672,190,100922,190,100653,190,100935,190,100494,190,101052,190,100468,190,101116,100,100265,100,101126,100,100207,100,101184,100,99939,100,101245,100,99921,100,101309,100,99892,100
2019-06-28 10:04:06.133828937,100789,190,100756,90,100877,190,100672,190,100922,190,100653,190,100935,190,100494,190,101052,190,100468,190,101116,100,100265,100,101126,100,100207,100,101184,100,99939,100,101245,100,99921,100,101309,100,99892,100
2019-06-28 10:04:06.373412533,100756,10,100672,190,100789,190,100653,190,100877,190,100494,190,100922,190,100468,190,100935,190,100265,100,101052,190,100207,100,101116,100,99939,100,101126,100,99921,100,101184,100,99892,100,101245,100,99874,100
2019-06-28 10:04:10.000000000,100756,100,100672,190,100789,190,100653,190,100877,190,100494,190,100922,190,100468,190,100935,190,100265,190,101052,100,100207,100,101116,100,99939,100,101126,100,99921,100,101184,100,99892,100,101245,100,99874,100
2019-06-28 10:04:20.000000000,100756,123,100672,213,100789,213,100653,213,100877,213,100494,213,100922,213,100468,213,100935,100,100265,100,101052,100,100207,100,101116,100,99939,100,101126,100,99921,100,101184,100,99892,100,101245,100,99874,100
2019-06-28 10:04:28.846644180,100756,123,100672,213,100789,213,100653,213,100877,213,100494,213,100922,213,100468,113,100935,100,100265,100,101052,100,100207,100,101116,100,99939,100,101126,100,99921,100,101184,100,99892,100,101245,100,99874,100
2019-06-28 10:04:30.000000000,100756,164,100672,254,100789,249,100653,249,100877,249,100494,249,100922,100,100265,100,100935,100,100207,100,101052,100,99939,100,101116,100,99921,100,101126,100,99892,100,101184,100,99874,100,101245,100,99865,100
2019-06-28 10:04:34.280890238,100756,164,100672,254,100789,249,100653,249,100877,249,100494,249,100922,100,100265,100,100935,100,100207,100,101052,100,99939,100,101116,100,99921,100,101126,100,99892,100,101184,100,99874,100,101245,100,99865,100
2019-06-28 10:04:40.000000000,100756,123,100672,213,100789,213,100653,213,100877,213,100494,213,100922,213,100265,213,100935,100,100207,100,101052,100,99939,100,101116,100,99921,100,101126,100,99892,100,101184,100,99874,100,101245,100,99865,100
2019-06-28 10:04:50.000000000,100756,123,100672,213,100789,213,100653,213,100877,213,100494,213,100922,213,100265,213,100935,100,100207,100,101052,100,99939,100,101116,100,99921,100,101126,100,99892,100,101184,100,99874,100,101245,100,99865,100
2019-06-28 10:04:51.700166378,100756,123,100672,213,100789,213,100653,213,100877,213,100494,213,100922,213,100265,213,100935,100,100207,100,101052,100,99939,100,101116,100,99921,100,101126,100,99892,100,101184,100,99874,100,101245,100,99865,100
2019-06-28 10:05:00.000000000,100756,100,100672,190,100789,190,100653,190,100877,190,100494,190,100922,190,100265,190,100935,190,100207,190,101052,100,99939,100,101116,100,99921,100,101126,100,99892,100,101184,100,99874,100,101245,100,99865,100
2019-06-28 10:05:10.000000000,100756,164,100672,254,100789,249,100653,249,100877,249,100494,249,100922,100,100265,100,100935,100,100207,100,101052,100,99939,100,101116,100,99921,100,101126,100,99892,100,101184,100,99874,100,101245,100,99865,100
2019-06-28 10:05:14.648985918,100756,164,100672,254,100789,249,100653,249,100877,149,100494,249,100922,100,100265,100,100935,100,100207,100,101052,100,99939,100,101116,100,99921,100,101126,100,99892,100,101184,100,99874,100,101245,100,99865,100
2019-06-28 10:05:20.000000000,100756,100,100672,190,100789,190,100653,190,100922,190,100494,190,100935,190,100265,190,101052,190,100207,190,101116,100,99939,100,101126,100,99921,100,101184,100,99892,100,101245,100,99874,100,101309,100,99865,100
2019-06-28 10:05:30.000000000,100756,123,100672,213,100789,213,100653,213,100922,213,100494,213,100935,213,100265,213,101052,100,100207,100,101116,100,99939,100,101126,100,99921,100,101184,100,99892,100,101245,100,99874,100,101309,100,99865,100
2019-06-28 10:05:40.000000000,100756,164,100672,254,100789,249,100653,249,100922,249,100494,249,100935,100,100265,100,101052,100,100207,100,101116,100,99939,100,101126,100,99921,100,101184,100,99892,100,101245,100,99874,100,101309,100,99865,100
2019-06-28 10:05:47.523423360,100756,164,100672,154,100789,249,100653,249,100922,249,100494,249,100935,100,100265,100,101052,100,100207,100,101126,100,99939,100,101184,100,99921,100,101245,100,99892,100,101309,100,99874,100,101629,100,99865,100
2019-06-28 10:05:50.000000000,100756,164,100653,254,100789,249,100494,249,100922,249,100265,249,100935,100,100207,100,101052,100,99939,100,101126,100,99921,100,101184,100,99892,100,101245,100,99874,100,101309,100,99865,100,101629,100,99857,100
2019-06-28 10:05:54.400052260,100756,164,100653,254,100789,249,100494,249,100922,249,100265,249,100935,100,100207,100,101052,100,99939,100,101126,100,99921,100,101184,100,99892,100,101245,100,99874,100,101309,100,99865,100,101629,100,99857,100
2019-06-28 10:06:00.000000000,100756,236,100653,326,100789,326,100494,326,100922,100,100265,100,100935,100,100207,100,101052,100,99939,100,101126,100,99921,100,101184,100,99892,100,101245,100,99874,100,101309,100,99865,100,101629,100,99857,100
2019-06-28 10:06:10.000000000,100756,236,100653,326,100789,326,100494,326,100922,100,100265,100,100935,100,100207,100,101052,100,99939,100,101126,100,99921,100,101184,100,99892,100,101245,100,99874,100,101309,100,99865,100,101629,100,99857,100
2019-06-28 10:06:17.629420555,100756,236,100653,326,100789,326,100494,326,100922,100,100265,100,100935,100,99939,100,101052,100,99921,100,101126,100,99892,100,101184,100,99874,100,101245,100,99865,100,101309,100,99857,100,101629,100,99843,100
2019-06-28 10:06:20.000000000,100756,123,100653,213,100789,213,100494,213,100922,213,100265,213,100935,213,99939,213,101052,100,99921,100,101126,100,99892,100,101184,100,99874,100,101245,100,99865,100,101309,100,99857,100,101629,100,99843,100
2019-06-28 10:06:30.000000000,100756,123,100653,213,100789,213,100494,213,100922,213,100265,213,100935,213,99939,213,101052,100,99921,100,101126,100,99892,100,101184,100,99874,100,101245,100,99865,100,101309,100,99857,100,101629,100,99843,100
2019-06-28 10:06:40.000000000,100756,123,100653,213,100789,213,100494,213,100922,213,100265,213,100935,213,99939,213,101052,100,99921,100,101126,100,99892,100,101184,100,99874,100,101245,100,99865,100,101309,100,99857,100,101629,100,99843,100
2019-06-28 10:06:50.000000000,100756,462,100653,552,100789,100,100494,100,100922,100,100265,100,100935,100,99939,100,101052,100,99921,100,101126,100,99892,100,101184,100,99874,100,101245,100,99865,100,101309,100,99857,100,101629,100,99843,100
2019-06-28 10:07:00.000000000,100756,100,100653,190,100789,190,100494,190,100922,190,100265,190,100935,190,99939,190,101052,190,99921,190,101126,100,99892,100,101184,100,99874,100,101245,100,99865,100,101309,100,99857,100,101629,100,99843,100
2019-06-28 10:07:08.974521798,100756,100,100653,190,100789,190,100494,190,100922,190,100265,190,100935,190,99939,190,101052,190,99921,190,101126,100,99892,100,101184,100,99874,100,101309,100,99865,100,101629,100,99857,100,,,99843,100
2019-06-28 10:07:10.000000000,100756,236,100653,326,100789,326,100494,326,100922,100,100265,100,100935,100,99939,100,101052,100,99921,100,101126,100,99892,100,101184,100,99874,100,101309,100,99865,100,101629,100,99857,100,,,99843,100
2019-06-28 10:07:20.000000000,100756,100,100653,190,100789,190,100494,190,100922,190,100265,190,100935,190,99939,190,101052,190,99921,190,101126,100,99892,100,101184,100,99874,100,101309,100,99865,100,101629,100,99857,100,,,99843,100
2019-06-28 10:07:23.954376989,100756,100,100653,90,100789,190,100494,190,100922,190,100265,190,100935,190,99939,190,101052,190,99921,190,101126,100,99892,100,101184,100,99874,100,101309,100,99865,100,101629,100,99857,100,,,99843,100
2019-06-28 10:07:30.000000000,100756,123,100494,213,100789,213,100265,213,100922,213,99939,213,100935,213,99921,213,101052,100,99892,100,101126,100,99874,100,101184,100,99865,100,101309,100,99857,100,101629,100,99843,100,,,99711,100
2019-06-28 10:07:38.420331661,100672,100,100494,213,100756,123,100265,213,100789,213,99939,213,100922,213,99921,213,100935,213,99892,100,101052,100,99874,100,101126,100,99865,100,101184,100,99857,100,101309,100,99843,100,101629,100,99711,100
2019-06-28 10:07:39.921584975,100672,100,100494,113,100756,123,100265,213,100789,213,99939,213,100922,213,99921,213,100935,213,99892,100,101052,100,99874,100,101126,100,99865,100,101184,100,99857,100,101309,100,99843,100,101629,100,99711,100
2019-06-28 10:07:40.000000000,100672,552,100265,552,100756,10,99939,100,100789,100,99921,100,100922,100,99892,100,100935,100,99874,100,101052,100,99865,100,101126,100,99857,100,101184,100,99843,100,101309,100,99711,100,101629,100,99686,100
2019-06-28 10:07:50.000000000,100672,213,100265,213,100756,123,99939,213,100789,213,99921,213,100922,213,99892,213,100935,100,99874,100,101052,100,99865,100,101126,100,99857,100,101184,100,99843,100,101309,100,99711,100,101629,100,99686,100
2019-06-28 10:07:50.278884175,100672,213,100265,113,100756,123,99939,213,100789,213,99921,213,100922,213,99892,213,100935,100,99874,100,101052,100,99865,100,101126,100,99857,100,101309,100,99843,100,101629,100,99711,100,,,99686,100
2019-06-28 10:08:00.000000000,100672,213,99939,213,100756,123,99921,213,100789,213,99892,213,100922,213,99874,213,100935,100,99865,100,101052,100,99857,100,101126,100,99843,100,101309,100,99711,100,101629,100,99686,100,,,99659,100
2019-06-28 10:08:10.000000000,100672,190,99939,190,100756,100,99921,190,100789,190,99892,190,100922,190,99874,190,100935,190,99865,190,101052,100,99857,100,101126,100,99843,100,101309,100,99711,100,101629,100,99686,100,,,99659,100
2019-06-28 10:08:14.105121555,100672,190,99939,90,100756,100,99921,190,100789,190,99892,190,100922,190,99874,190,100935,190,99865,190,101052,100,99857,100,101126,100,99843,100,101309,100,99711,100,101629,100,99686,100,,,99659,100
2019-06-28 10:08:20.000000000,100672,254,99921,254,100756,159,99892,249,100789,249,99874,249,100922,100,99865,100,100935,100,99857,100,101052,100,99843,100,101126,100,99711,100,101309,100,99686,100,101629,100,99659,100,,,99496,100
