,ask_price_1,ask_size_1,bid_price_1,bid_size_1,ask_price_2,ask_size_2,bid_price_2,bid_size_2,ask_price_3,ask_size_3,bid_price_3,bid_size_3,ask_price_4,ask_size_4,bid_price_4,bid_size_4,ask_price_5,ask_size_5,bid_price_5,bid_size_5,ask_price_6,ask_size_6,bid_price_6,bid_size_6,ask_price_7,ask_size_7,bid_price_7,bid_size_7,ask_price_8,ask_size_8,bid_price_8,bid_size_8,ask_price_9,ask_size_9,bid_price_9,bid_size_9,ask_price_10,ask_size_10,bid_price_10,bid_size_10
2019-06-28 09:30:00.000000000,,,99922,100,,,,,,,,,,,,,,,,,,,,,,,,,,,,,,,,,,,,
2019-06-28 09:30:00.000000003,,,99975,100,,,99922,100,,,,,,,,,,,,,,,,,,,,,,,,,,,,,,,,
2019-06-28 09:30:00.000000004,,,99922,100,,,99737,100,,,,,,,,,,,,,,,,,,,,,,,,,,,,,,,,
2019-06-28 09:30:00.000000007,,,100031,100,,,99922,100,,,99737,100,,,,,,,,,,,,,,,,,,,,,,,,,,,,
2019-06-28 09:30:00.000000009,100062,100,100031,100,,,99922,100,,,99737,100,,,,,,,,,,,,,,,,,,,,,,,,,,,,
2019-06-28 09:30:00.000000015,100062,100,100031,100,100131,100,99922,100,,,99737,100,,,,,,,,,,,,,,,,,,,,,,,,,,,,
2019-06-28 09:30:00.000000016,100062,100,100031,100,100131,100,99922,100,100180,100,99871,100,,,99737,100,,,,,,,,,,,,,,,,,,,,,,,,
2019-06-28 09:30:00.000000017,100062,100,100031,100,100128,100,99990,100,100131,100,99922,100,100180,100,99871,100,,,99737,100,,,,,,,,,,,,,,,,,,,,
2019-06-28 09:30:00.000000018,100062,100,100031,100,100128,100,99990,100,100131,100,99922,100,100180,100,99871,100,,,99813,100,,,99737,100,,,,,,,,,,,,,,,,
2019-06-28 09:30:00.000000021,100062,100,100031,100,100128,100,99990,100,100131,100,99922,100,100152,100,99871,100,100180,100,99813,100,,,99737,100,,,,,,,,,,,,,,,,
2019-06-28 09:30:00.000000022,100062,100,99990,100,100128,100,99922,100,100131,100,99871,100,100152,100,99813,100,100180,100,99737,100,,,,,,,,,,,,,,,,,,,,
2019-06-28 09:30:00.000000023,100062,100,99922,100,100128,100,99871,100,100131,100,99813,100,100152,100,99737,100,100180,100,,,,,,,,,,,,,,,,,,,,,,
2019-06-28 09:30:00.000000025,99990,100,99922,100,100062,100,99871,100,100128,100,99813,100,100131,100,99737,100,100152,100,,,100180,100,,,,,,,,,,,,,,,,,,
2019-06-28 09:30:00.000000028,99990,100,99922,100,100062,100,99871,100,100128,100,99847,100,100131,100,99813,100,100152,100,99737,100,100180,100,,,,,,,,,,,,,,,,,,
2019-06-28 09:30:00.000000033,99990,100,99922,100,100062,100,99871,100,100128,100,99847,100,100131,100,99813,100,100152,100,99737,100,100180,100,,,,,,,,,,,,,,,,,,
2019-06-28 09:30:00.000000034,99987,100,99922,100,99990,100,99871,100,100062,100,99847,100,100128,100,99813,100,100131,100,99737,100,100152,100,,,100180,100,,,,,,,,,,,,,,
2019-06-28 09:30:00.000000035,99990,100,99922,100,100062,100,99871,100,100128,100,99847,100,100131,100,99813,100,100152,100,99737,100,100180,100,,,,,,,,,,,,,,,,,,
2019-06-28 09:30:00.000000038,99990,100,99922,100,100042,100,99871,100,100062,100,99847,100,100128,100,99813,100,100131,100,99737,100,100152,100,,,100180,100,,,,,,,,,,,,,,
2019-06-28 09:30:00.000000044,100042,100,99922,100,100062,100,99871,100,100128,100,99847,100,100131,100,99813,100,100152,100,99737,100,100180,100,,,,,,,,,,,,,,,,,,
2019-06-28 09:30:00.000000045,99990,100,99975,100,100042,100,99922,100,100062,100,99871,100,100128,100,99847,100,100131,100,99813,100,100152,100,99737,100,100180,100,,,,,,,,,,,,,,
2019-06-28 09:30:00.000000048,99990,200,99975,100,100042,100,99922,100,100062,100,99871,100,100128,100,99847,100,100131,100,99813,100,100139,100,99737,100,100152,100,,,100180,100,,,100188,100,,,,,,
2019-06-28 09:30:00.000000049,99990,200,99922,100,100042,100,99871,100,100062,100,99847,100,100117,100,99813,100,100128,100,99737,100,100131,100,,,100139,100,,,100152,100,,,100180,100,,,100188,100,,
2019-06-28 09:30:00.000000051,99990,200,99922,100,100042,100,99871,100,100062,100,99847,100,100104,100,99813,100,100117,100,99737,100,100128,100,,,100131,100,,,100139,100,,,100152,100,,,100180,100,,
2019-06-28 09:30:00.000000057,99990,200,99922,100,100042,100,99888,100,100062,100,99871,100,100104,100,99847,100,100117,100,99813,100,100128,100,99737,100,100131,100,,,100139,100,,,100152,100,,,100180,100,,
2019-06-28 09:30:00.000000058,99990,200,99922,100,100042,100,99888,100,100062,100,99871,100,100071,100,99847,100,100075,100,99813,100,100104,100,99737,100,100117,100,,,100128,100,,,100131,100,,,100139,100,,
2019-06-28 09:30:00.000000060,99990,200,99922,100,100042,100,99888,100,100062,100,99871,100,100071,100,99847,100,100075,100,99813,100,100104,100,99737,100,100117,100,,,100128,100,,,100131,100,,,100139,100,,
2019-06-28 09:30:00.000000064,99990,200,99922,100,100042,100,99907,100,100062,100,99888,100,100071,100,99871,100,100075,100,99847,100,100104,100,99813,100,100117,100,99737,100,100128,100,,,100131,100,,,100139,100,,
2019-06-28 09:30:00.000000065,99990,200,99941,100,100042,100,99922,100,100062,100,99907,100,100071,100,99888,100,100075,100,99871,100,100104,100,99847,100,100117,100,99813,100,100128,100,99737,100,100131,100,,,100139,100,,
2019-06-28 09:30:00.000000066,99990,200,99975,100,100042,100,99941,100,100062,100,99922,100,100071,100,99907,100,100075,100,99888,100,100104,100,99871,100,100117,100,99847,100,100128,100,99813,100,100131,100,99737,100,100139,100,,
2019-06-28 09:30:00.000000070,99990,200,99975,100,100032,100,99941,100,100042,100,99922,100,100062,100,99907,100,100071,100,99888,100,100075,100,99871,100,100104,100,99847,100,100117,100,99813,100,100128,100,99737,100,100131,100,,
2019-06-28 09:30:00.000000073,99990,200,99975,100,100032,100,99941,100,100042,100,99922,100,100062,100,99907,100,100071,100,99888,100,100075,100,99871,100,100104,100,99847,100,100117,100,99813,100,100128,200,99737,100,100131,100,,
2019-06-28 09:30:00.000000075,99990,200,99975,200,100032,100,99941,100,100038,100,99922,100,100042,100,99907,100,100062,100,99888,100,100071,100,99871,100,100075,100,99847,100,100104,100,99813,100,100117,100,99737,100,100128,200,,
2019-06-28 09:30:00.000000076,99990,200,99975,200,99996,100,99965,100,100032,100,99941,100,100038,100,99922,100,100042,100,99907,100,100062,100,99894,100,100071,100,99888,100,100075,100,99871,100,100104,100,99847,100,100117,100,99813,100
2019-06-28 09:30:00.000000077,99990,200,99975,200,99996,100,99965,100,100032,100,99941,100,100038,100,99922,100,100042,100,99907,100,100062,100,99894,100,100071,100,99888,100,100075,100,99871,100,100099,100,99847,100,100104,100,99813,100
2019-06-28 09:30:00.000000080,99990,200,99975,300,99996,100,99965,100,100032,100,99941,100,100038,100,99922,100,100042,100,99907,100,100062,100,99894,100,100071,100,99888,100,100075,100,99871,100,100099,100,99847,100,100104,100,99813,100
2019-06-28 09:30:00.000000081,99990,200,99975,300,99996,100,99973,100,100032,100,99965,100,100038,100,99941,100,100042,100,99922,100,100062,100,99907,100,100071,100,99894,100,100075,100,99888,100,100099,100,99871,100,100104,100,99847,100
2019-06-28 09:30:00.000000082,99990,200,99975,300,99996,100,99973,100,100032,100,99965,100,100038,100,99941,100,100042,100,99922,100,100062,100,99907,100,100071,100,99905,100,100075,100,99894,100,100099,100,99888,100,100104,100,99871,100
2019-06-28 09:30:00.000000086,99990,200,99975,300,99996,100,99973,100,100032,100,99965,100,100038,100,99962,100,100042,100,99941,100,100062,100,99922,100,100071,100,99907,100,100075,100,99905,100,100099,100,99894,100,100104,100,99888,100
2019-06-28 09:30:00.000000087,99990,200,99975,300,99996,100,99973,100,100032,100,99965,100,100038,100,99962,100,100042,100,99941,100,100062,100,99933,100,100071,100,99922,100,100075,100,99907,100,100099,100,99905,100,100104,100,99894,100
2019-06-28 09:30:00.000000088,99990,200,99976,100,99996,100,99975,200,100032,100,99973,100,100038,100,99965,100,100042,100,99962,100,100062,100,99941,100,100071,100,99933,100,100075,100,99922,100,100099,100,99907,100,100104,100,99905,100
2019-06-28 09:30:00.000000089,99990,200,99976,100,99996,100,99975,200,100032,100,99973,100,100038,100,99965,100,100042,100,99962,100,100062,100,99941,100,100071,100,99933,100,100075,100,99922,100,100099,100,99907,100,100104,100,99905,100
2019-06-28 09:30:00.000000092,99990,200,99976,100,99996,100,99975,200,100032,100,99973,100,100038,100,99965,100,100042,100,99962,100,100062,100,99941,100,100071,100,99933,100,100075,100,99922,100,100099,100,99907,100,100104,100,99905,100
2019-06-28 09:30:00.000000093,99990,200,99976,100,99996,100,99975,200,100032,100,99973,100,100038,100,99965,100,100042,100,99962,100,100062,100,99941,100,100071,100,99933,100,100075,100,99922,100,100099,100,99907,100,100104,100,99905,100
2019-06-28 09:30:00.000000094,99990,200,99976,100,99996,100,99975,200,100032,100,99973,100,100038,100,99965,100,100042,100,99962,200,100062,100,99941,100,100071,100,99933,100,100075,100,99922,100,100099,100,99907,100,100104,100,99905,100
2019-06-28 09:30:00.000000095,99990,200,99976,100,99996,100,99975,200,100032,100,99973,100,100038,100,99965,100,100042,100,99962,200,100052,100,99941,100,100062,100,99933,100,100071,100,99922,100,100075,100,99907,100,100099,100,99905,100
2019-06-28 09:30:00.000000099,99990,100,99976,100,99996,100,99975,200,100032,100,99973,100,100038,100,99965,100,100042,100,99962,200,100052,100,99941,100,100062,100,99933,100,100071,100,99922,100,100075,100,99907,100,100099,100,99905,100
2019-06-28 09:30:10.000000000,99990,597,99976,597,99996,100,99975,200,100032,100,99973,100,100038,100,99965,100,100042,100,99962,200,100052,100,99941,100,100062,100,99933,100,100071,100,99922,100,100075,100,99907,100,100099,100,99905,100
2019-06-28 09:30:20.000000000,99990,224,99976,224,99996,224,99975,324,100032,224,99973,224,100038,224,99965,224,100042,100,99962,200,100052,100,99941,100,100062,100,99933,100,100071,100,99922,100,100075,100,99907,100,100099,100,99905,100
2019-06-28 09:30:30.000000000,99990,597,99976,597,99996,100,99975,200,100032,100,99973,100,100038,100,99965,100,100042,100,99962,200,100052,100,99941,100,100062,100,99933,100,100071,100,99922,100,100075,100,99907,100,100099,100,99905,100
2019-06-28 09:30:40.000000000,99990,224,99976,224,99996,224,99975,324,100032,224,99973,224,100038,224,99965,224,100042,100,99962,200,100052,100,99941,100,100062,100,99933,100,100071,100,99922,100,100075,100,99907,100,100099,100,99905,100
2019-06-28 09:30:50.000000000,99990,348,99976,348,99996,348,99975,448,100032,100,99973,100,100038,100,99965,100,100042,100,99962,200,100052,100,99941,100,100062,100,99933,100,100071,100,99922,100,100075,100,99907,100,100099,100,99905,100
2019-06-28 09:31:00.000000000,99990,269,99976,269,99996,264,99975,364,100032,264,99973,264,100038,100,99965,100,100042,100,99962,200,100052,100,99941,100,100062,100,99933,100,100071,100,99922,100,100075,100,99907,100,100099,100,99905,100
2019-06-28 09:31:10.000000000,99990,269,99976,269,99996,264,99975,364,100032,264,99973,264,100038,100,99965,100,100042,100,99962,200,100052,100,99941,100,100062,100,99933,100,100071,100,99922,100,100075,100,99907,100,100099,100,99905,100
2019-06-28 09:31:17.820648110,99990,369,99976,269,99996,264,99975,364,100032,264,99973,264,100038,100,99965,100,100042,100,99962,200,100052,100,99941,100,100062,100,99933,100,100071,100,99922,100,100075,100,99907,100,100099,100,99905,100
2019-06-28 09:31:20.000000000,99990,324,99976,224,99996,224,99975,324,100032,224,99973,224,100038,224,99965,224,100042,100,99962,200,100052,100,99941,100,100062,100,99933,100,100071,100,99922,100,100075,100,99907,100,100099,100,99905,100
2019-06-28 09:31:24.782953467,99990,324,99976,224,99996,224,99975,224,100032,224,99973,224,100038,224,99965,224,100042,100,99962,200,100052,100,99941,100,100062,100,99933,100,100071,100,99922,100,100075,100,99907,100,100099,100,99905,100
2019-06-28 09:31:25.744097932,99990,324,99976,124,99996,224,99975,224,100032,224,99973,224,100038,224,99965,224,100042,100,99962,200,100052,100,99941,100,100062,100,99933,100,100071,100,99922,100,100075,100,99907,100,100099,100,99905,100
2019-06-28 09:31:30.000000000,99990,697,99975,597,99996,100,99973,100,100032,100,99965,100,100038,100,99962,200,100042,100,99941,100,100052,100,99933,100,100062,100,99922,100,100071,100,99907,100,100075,100,99905,100,100099,100,99894,200
2019-06-28 09:31:31.142129942,99990,697,99975,597,99996,100,99973,100,100032,100,99965,100,100038,100,99962,100,100042,100,99941,100,100052,100,99933,100,100062,100,99922,100,100071,100,99907,100,100075,100,99905,100,100099,100,99894,200
2019-06-28 09:31:40.000000000,99990,299,99975,199,99996,199,99973,199,100032,199,99965,199,100038,199,99962,199,100042,199,99941,199,100052,100,99933,100,100062,100,99922,100,100071,100,99907,100,100075,100,99905,100,100099,100,99894,200
2019-06-28 09:31:50.000000000,99990,448,99975,348,99996,348,99973,348,100032,100,99965,100,100038,100,99962,100,100042,100,99941,100,100052,100,99933,100,100062,100,99922,100,100071,100,99907,100,100075,100,99905,100,100099,100,99894,200
2019-06-28 09:31:53.979090940,99990,448,99975,248,99996,348,99973,348,100032,100,99965,100,100038,100,99962,100,100042,100,99941,100,100052,100,99933,100,100062,100,99922,100,100071,100,99907,100,100075,100,99905,100,100099,100,99894,200
2019-06-28 09:32:00.000000000,99990,697,99973,597,99996,100,99965,100,100032,100,99962,100,100038,100,99941,100,100042,100,99933,100,100052,100,99922,100,100062,100,99907,100,100071,100,99905,100,100075,100,99894,200,100099,100,99888,100
2019-06-28 09:32:10.000000000,99990,324,99973,224,99996,224,99965,224,100032,224,99962,224,100038,224,99941,224,100042,100,99933,100,100052,100,99922,100,100062,100,99907,100,100071,100,99905,100,100075,100,99894,200,100099,100,99888,100
2019-06-28 09:32:20.000000000,99990,299,99973,199,99996,199,99965,199,100032,199,99962,199,100038,199,99941,199,100042,199,99933,199,100052,100,99922,100,100062,100,99907,100,100071,100,99905,100,100075,100,99894,200,100099,100,99888,100
2019-06-28 09:32:26.757427845,99990,299,99973,199,99996,199,99965,199,100032,199,99962,199,100038,199,99941,199,100042,199,99933,199,100052,100,99922,100,100062,100,99907,100,100071,100,99905,100,100075,100,99894,200,100099,200,99888,100
2019-06-28 09:32:30.000000000,99990,369,99973,269,99996,264,99965,264,100032,264,99962,264,100038,100,99941,100,100042,100,99933,100,100052,100,99922,100,100062,100,99907,100,100071,100,99905,100,100075,100,99894,200,100099,200,99888,100
2019-06-28 09:32:33.695936472,99990,369,99973,169,99996,264,99965,264,100032,264,99962,264,100038,100,99941,100,100042,100,99933,100,100052,100,99922,100,100062,100,99907,100,100071,100,99905,100,100075,100,99894,200,100099,200,99888,100
2019-06-28 09:32:34.652986139,99990,269,99973,169,99996,264,99965,264,100032,264,99962,264,100038,100,99941,100,100042,100,99933,100,100052,100,99922,100,100062,100,99907,100,100071,100,99905,100,100075,100,99894,200,100099,200,99888,100
2019-06-28 09:32:39.349467048,99990,269,99973,169,99996,264,99965,264,100032,264,99962,264,100038,100,99941,100,100042,100,99933,100,100052,100,99922,100,100062,100,99907,100,100071,100,99905,100,100075,100,99894,200,100099,200,99888,100
2019-06-28 09:32:40.000000000,99990,199,99965,199,99996,199,99962,199,100032,199,99941,199,100038,199,99933,199,100042,199,99922,199,100052,100,99907,100,100062,100,99905,100,100071,100,99894,200,100075,100,99888,100,100099,200,99871,100
2019-06-28 09:32:50.000000000,99990,348,99965,348,99996,348,99962,348,100032,100,99941,100,100038,100,99933,100,100042,100,99922,100,100052,100,99907,100,100062,100,99905,100,100071,100,99894,200,100075,100,99888,100,100099,200,99871,100
2019-06-28 09:33:00.000000000,99990,597,99965,597,99996,100,99962,100,100032,100,99941,100,100038,100,99933,100,100042,100,99922,100,100052,100,99907,100,100062,100,99905,100,100071,100,99894,200,100075,100,99888,100,100099,200,99871,100
2019-06-28 09:33:10.000000000,99990,224,99965,224,99996,224,99962,224,100032,224,99941,224,100038,224,99933,224,100042,100,99922,100,100052,100,99907,100,100062,100,99905,100,100071,100,99894,200,100075,100,99888,100,100099,200,99871,100
2019-06-28 09:33:16.864719750,99990,224,99965,224,99996,224,99962,224,100032,224,99941,224,100038,224,99933,224,100042,100,99922,100,100052,100,99907,100,100062,100,99905,100,100071,100,99894,200,100075,100,99888,100,100099,200,99871,100
2019-06-28 09:33:20.000000000,99990,348,99965,348,99996,348,99962,348,100032,100,99941,100,100038,100,99933,100,100042,100,99922,100,100052,100,99907,100,100062,100,99905,100,100071,100,99894,200,100075,100,99888,100,100099,200,99871,100
2019-06-28 09:33:26.964012069,99990,348,99965,348,99996,348,99962,348,100032,100,99941,100,100038,100,99933,100,100042,100,99922,100,100052,100,99907,100,100062,100,99905,100,100071,100,99894,200,100075,100,99888,100,100099,200,99871,100
2019-06-28 09:33:30.000000000,99990,199,99965,199,99996,199,99962,199,100032,199,99941,199,100038,199,99933,199,100042,199,99922,199,100052,100,99907,100,100062,100,99905,100,100071,100,99894,200,100075,100,99888,100,100099,200,99871,100
2019-06-28 09:33:40.000000000,99990,348,99965,348,99996,348,99962,348,100032,100,99941,100,100038,100,99933,100,100042,100,99922,100,100052,100,99907,100,100062,100,99905,100,100071,100,99894,200,100075,100,99888,100,100099,200,99871,100
2019-06-28 09:33:50.000000000,99990,348,99965,348,99996,348,99962,348,100032,100,99941,100,100038,100,99933,100,100042,100,99922,100,100052,100,99907,100,100062,100,99905,100,100071,100,99894,200,100075,100,99888,100,100099,200,99871,100
2019-06-28 09:33:58.947945667,99990,348,99965,348,99996,348,99962,348,100032,100,99941,100,100038,100,99933,100,100042,100,99922,100,100052,100,99907,100,100062,100,99905,100,100071,100,99894,200,100075,100,99888,100,100099,200,99871,100
2019-06-28 09:34:00.000000000,99990,224,99965,224,99996,224,99962,224,100032,224,99941,224,100038,224,99933,224,100042,100,99922,100,100052,100,99907,100,100062,100,99905,100,100071,100,99894,200,100075,100,99888,100,100099,200,99871,100
2019-06-28 09:34:10.000000000,99990,199,99965,199,99996,199,99962,199,100032,199,99941,199,100038,199,99933,199,100042,199,99922,199,100052,100,99907,100,100062,100,99905,100,100071,100,99894,200,100075,100,99888,100,100099,200,99871,100
2019-06-28 09:34:20.000000000,99990,597,99965,597,99996,100,99962,100,100032,100,99941,100,100038,100,99933,100,100042,100,99922,100,100052,100,99907,100,100062,100,99905,100,100071,100,99894,200,100075,100,99888,100,100099,200,99871,100
2019-06-28 09:34:28.098256844,99990,497,99965,597,99996,100,99962,100,100032,100,99941,100,100038,100,99933,100,100042,100,99922,100,100052,100,99907,100,100062,100,99905,100,100071,100,99894,200,100075,100,99888,100,100099,200,99871,100
2019-06-28 09:34:30.000000000,99996,269,99965,269,100032,264,99962,264,100038,264,99941,264,100042,100,99933,100,100052,100,99922,100,100062,100,99907,100,100071,100,99905,100,100075,100,99894,200,100099,200,99888,100,100104,100,99871,100
2019-06-28 09:34:40.000000000,99996,199,99965,199,100032,199,99962,199,100038,199,99941,199,100042,199,99933,199,100052,199,99922,199,100062,100,99907,100,100071,100,99905,100,100075,100,99894,200,100099,200,99888,100,100104,100,99871,100
2019-06-28 09:34:49.688026184,99996,199,99990,100,100032,199,99965,199,100038,199,99962,199,100042,199,99941,199,100052,199,99933,199,100062,100,99922,199,100071,100,99907,100,100075,100,99905,100,100099,200,99894,200,100104,100,99888,100
2019-06-28 09:34:50.000000000,99996,348,99990,348,100032,348,99965,348,100038,100,99962,100,100042,100,99941,100,100052,100,99933,100,100062,100,99922,100,100071,100,99907,100,100075,100,99905,100,100099,200,99894,200,100104,100,99888,100
2019-06-28 09:34:51.572374024,99996,248,99990,348,100032,348,99965,348,100042,100,99962,100,100052,100,99941,100,100062,100,99933,100,100071,100,99922,100,100075,100,99907,100,100099,200,99905,100,100104,100,99894,200,100105,100,99888,100
2019-06-28 09:35:00.000000000,100032,269,99990,269,100042,264,99965,264,100052,264,99962,264,100062,100,99941,100,100071,100,99933,100,100075,100,99922,100,100099,200,99907,100,100104,100,99905,100,100105,100,99894,200,100117,100,99888,100
2019-06-28 09:35:10.000000000,100032,269,99990,269,100042,264,99965,264,100052,264,99962,264,100062,100,99941,100,100071,100,99933,100,100075,100,99922,100,100099,200,99907,100,100104,100,99905,100,100105,100,99894,200,100117,100,99888,100
2019-06-28 09:35:12.702390078,100032,169,99990,269,100042,264,99965,264,100052,264,99962,264,100062,100,99933,100,100071,100,99922,100,100075,100,99907,100,100099,200,99905,100,100104,100,99894,200,100105,100,99888,100,100117,100,99871,100
2019-06-28 09:35:20.000000000,100042,269,99990,269,100052,264,99965,264,100062,264,99962,264,100071,100,99933,100,100075,100,99922,100,100099,200,99907,100,100104,100,99905,100,100105,100,99894,200,100117,100,99888,100,100128,200,99871,100
2019-06-28 09:35:30.000000000,100042,597,99990,597,100052,100,99965,100,100062,100,99962,100,100071,100,99933,100,100075,100,99922,100,100099,200,99907,100,100104,100,99905,100,100105,100,99894,200,100117,100,99888,100,100128,200,99871,100
2019-06-28 09:35:40.000000000,100042,597,99990,597,100052,100,99965,100,100062,100,99962,100,100071,100,99933,100,100075,100,99922,100,100099,200,99907,100,100104,100,99905,100,100105,100,99894,200,100117,100,99888,100,100128,200,99871,100
2019-06-28 09:35:50.000000000,100042,224,99990,224,100052,224,99965,224,100062,224,99962,224,100071,224,99933,224,100075,100,99922,100,100099,200,99907,100,100104,100,99905,100,100105,100,99894,200,100117,100,99888,100,100128,200,99871,100
2019-06-28 09:35:53.841435500,100042,224,99990,224,100052,224,99965,224,100062,224,99962,224,100071,224,99933,224,100075,100,99922,100,100099,200,99907,100,100104,100,99905,100,100105,100,99894,200,100117,100,99888,100,100128,200,99871,100
2019-06-28 09:35:58.381294397,100042,124,99990,224,100052,224,99965,224,100062,224,99962,224,100071,224,99933,224,100075,100,99922,100,100099,200,99907,100,100104,100,99905,100,100105,100,99894,200,100117,100,99888,100,100128,200,99871,100
2019-06-28 09:36:00.000000000,100052,269,99990,269,100062,264,99965,264,100071,264,99962,264,100075,100,99933,100,100099,200,99922,100,100104,100,99907,100,100105,100,99905,100,100117,100,99894,200,100128,200,99888,100,100131,100,99871,100
2019-06-28 09:36:01.288242429,100052,269,99990,269,100062,264,99965,264,100071,264,99962,264,100075,100,99933,100,100099,200,99922,100,100104,100,99907,100,100105,100,99905,100,100117,100,99894,200,100128,200,99871,100,100131,100,99853,100
2019-06-28 09:36:07.688137308,100052,269,99990,269,100062,264,99965,264,100071,264,99962,264,100075,100,99933,100,100099,200,99922,100,100104,100,99907,100,100105,100,99905,100,100128,200,99894,200,100131,100,99871,100,100147,100,99853,100
2019-06-28 09:36:10.000000000,100052,348,99990,348,100062,348,99965,348,100071,100,99962,100,100075,100,99933,100,100099,200,99922,100,100104,100,99907,100,100105,100,99905,100,100128,200,99894,200,100131,100,99871,100,100147,100,99853,100
2019-06-28 09:36:10.224355128,100052,248,99990,348,100062,348,99965,348,100071,100,99962,100,100075,100,99933,100,100099,200,99922,100,100104,100,99907,100,100105,100,99905,100,100128,200,99894,200,100131,100,99871,100,100147,100,99853,100
2019-06-28 09:36:20.000000000,100062,348,99990,348,100071,348,99965,348,100075,100,99962,100,100099,200,99933,100,100104,100,99922,100,100105,100,99907,100,100128,200,99905,100,100131,100,99894,200,100147,100,99871,100,100152,100,99853,100
2019-06-28 09:36:29.404066368,100062,348,100042,100,100071,348,99990,348,100075,100,99965,348,100099,200,99962,100,100104,100,99933,100,100105,100,99922,100,100128,200,99907,100,100131,100,99905,100,100147,100,99894,200,100152,100,99871,100
2019-06-28 09:36:30.000000000,100062,348,100042,348,100071,348,99990,348,100075,100,99965,100,100099,200,99962,100,100104,100,99933,100,100105,100,99922,100,100128,200,99907,100,100131,100,99905,100,100147,100,99894,200,100152,100,99871,100
2019-06-28 09:36:32.779499235,100062,248,100042,348,100071,348,99990,348,100075,100,99965,100,100099,200,99962,100,100104,100,99933,100,100105,100,99922,100,100128,200,99907,100,100131,100,99905,100,100147,100,99894,200,100152,100,99871,100
2019-06-28 09:36:40.000000000,100071,597,100042,597,100075,100,99990,100,100099,200,99965,100,100104,100,99962,100,100105,100,99933,100,100128,200,99922,100,100131,100,99907,100,100147,100,99905,100,100152,100,99894,200,100178,100,99871,100
2019-06-28 09:36:40.303713840,100071,597,100052,100,100075,100,100042,597,100099,200,99965,100,100104,100,99962,100,100105,100,99933,100,100128,200,99922,100,100131,100,99907,100,100147,100,99905,100,100152,100,99894,200,100178,100,99871,100
2019-06-28 09:36:50.000000000,100071,597,100052,597,100075,100,100042,100,100099,200,99965,100,100104,100,99962,100,100105,100,99933,100,100128,200,99922,100,100131,100,99907,100,100147,100,99905,100,100152,100,99894,200,100178,100,99871,100
2019-06-28 09:36:52.327663717,100071,497,100052,597,100075,100,100042,100,100099,200,99965,100,100104,100,99962,100,100105,100,99933,100,100128,200,99922,100,100131,100,99907,100,100147,100,99905,100,100152,100,99894,200,100178,100,99871,100
2019-06-28 09:36:53.270641731,100071,497,100052,597,100075,100,100042,100,100099,200,99965,100,100104,100,99962,100,100105,100,99922,100,100128,200,99907,100,100131,100,99905,100,100147,100,99894,200,100152,100,99871,100,100178,100,99853,100
2019-06-28 09:36:58.212414647,100071,397,100052,597,100075,100,100042,100,100099,100,99965,100,100104,100,99962,100,100105,100,99922,100,100128,200,99907,100,100131,100,99905,100,100147,100,99894,200,100152,100,99871,100,100178,100,99853,100
2019-06-28 09:37:00.000000000,100075,348,100052,348,100099,348,100042,348,100104,100,99965,100,100105,100,99962,100,100128,200,99922,100,100131,100,99907,100,100147,100,99905,100,100152,100,99894,200,100178,100,99871,100,100180,100,99853,100
2019-06-28 09:37:10.000000000,100075,597,100052,597,100099,100,100042,100,100104,100,99965,100,100105,100,99962,100,100128,200,99922,100,100131,100,99907,100,100147,100,99905,100,100152,100,99894,200,100178,100,99871,100,100180,100,99853,100
2019-06-28 09:37:15.611521469,100075,597,100052,597,100099,100,100042,100,100104,100,99965,100,100105,100,99962,100,100128,200,99922,100,100131,100,99907,100,100147,100,99905,100,100178,100,99894,200,100180,100,99871,100,100301,100,99853,100
2019-06-28 09:37:16.271523738,100075,597,100052,597,100099,100,100042,100,100104,100,99965,100,100105,100,99962,100,100128,200,99922,100,100131,100,99907,100,100147,100,99894,200,100178,100,99871,100,100180,100,99853,100,100301,100,99847,100
2019-06-28 09:37:20.000000000,100075,597,100052,597,100099,100,100042,100,100104,100,99965,100,100105,100,99962,100,100128,200,99922,100,100131,100,99907,100,100147,100,99894,200,100178,100,99871,100,100180,100,99853,100,100301,100,99847,100
2019-06-28 09:37:30.000000000,100075,597,100052,597,100099,100,100042,100,100104,100,99965,100,100105,100,99962,100,100128,200,99922,100,100131,100,99907,100,100147,100,99894,200,100178,100,99871,100,100180,100,99853,100,100301,100,99847,100
2019-06-28 09:37:33.609547017,100075,497,100052,597,100099,100,100042,100,100104,100,99962,100,100105,100,99922,100,100128,200,99907,100,100131,100,99894,200,100147,100,99871,100,100178,100,99853,100,100180,100,99847,100,100301,100,99813,100
2019-06-28 09:37:40.000000000,100099,199,100052,199,100104,199,100042,199,100105,199,99962,199,100128,299,99922,199,100131,199,99907,199,100147,100,99894,200,100178,100,99871,100,100180,100,99853,100,100301,100,99847,100,100406,100,99813,100
2019-06-28 09:37:48.809693586,100099,199,100052,199,100104,199,100042,199,100105,199,99962,199,100128,299,99922,199,100131,199,99907,199,100147,100,99894,200,100178,100,99871,100,100180,100,99853,100,100301,100,99847,100,100406,100,99813,100
2019-06-28 09:37:50.000000000,100099,224,100052,224,100104,224,100042,224,100105,224,99962,224,100128,324,99922,224,100131,100,99907,100,100147,100,99894,200,100178,100,99871,100,100180,100,99853,100,100301,100,99847,100,100406,100,99813,100
2019-06-28 09:37:59.295357953,100099,224,100052,224,100104,224,100042,224,100105,224,99962,224,100128,324,99922,224,100131,100,99907,100,100147,100,99894,200,100178,100,99871,100,100180,100,99853,100,100301,100,99847,100,100406,100,99813,100
2019-06-28 09:38:00.000000000,100099,597,100052,597,100104,100,100042,100,100105,100,99962,100,100128,200,99922,100,100131,100,99907,100,100147,100,99894,200,100178,100,99871,100,100180,100,99853,100,100301,100,99847,100,100406,100,99813,100
2019-06-28 09:38:10.000000000,100099,597,100052,597,100104,100,100042,100,100105,100,99962,100,100128,200,99922,100,100131,100,99907,100,100147,100,99894,200,100178,100,99871,100,100180,100,99853,100,100301,100,99847,100,100406,100,99813,100
2019-06-28 09:38:19.251536707,100099,597,100052,597,100104,100,100042,100,100105,100,99962,100,100128,200,99922,100,100131,100,99907,100,100147,100,99894,200,100178,100,99871,100,100180,100,99853,100,100301,100,99847,100,100406,100,99813,100
2019-06-28 09:38:19.449796857,100099,597,100071,100,100104,100,100052,597,100105,100,100042,100,100128,200,99962,100,100131,100,99922,100,100147,100,99907,100,100178,100,99894,200,100180,100,99871,100,100301,100,99853,100,100406,100,99847,100
2019-06-28 09:38:20.000000000,100099,348,100071,348,100104,348,100052,348,100105,100,100042,100,100128,200,99962,100,100131,100,99922,100,100147,100,99907,100,100178,100,99894,200,100180,100,99871,100,100301,100,99853,100,100406,100,99847,100
2019-06-28 09:38:30.000000000,100099,597,100071,597,100104,100,100052,100,100105,100,100042,100,100128,200,99962,100,100131,100,99922,100,100147,100,99907,100,100178,100,99894,200,100180,100,99871,100,100301,100,99853,100,100406,100,99847,100
2019-06-28 09:38:40.000000000,100099,597,100071,597,100104,100,100052,100,100105,100,100042,100,100128,200,99962,100,100131,100,99922,100,100147,100,99907,100,100178,100,99894,200,100180,100,99871,100,100301,100,99853,100,100406,100,99847,100
2019-06-28 09:38:50.000000000,100099,597,100071,597,100104,100,100052,100,100105,100,100042,100,100128,200,99962,100,100131,100,99922,100,100147,100,99907,100,100178,100,99894,200,100180,100,99871,100,100301,100,99853,100,100406,100,99847,100
2019-06-28 09:39:00.000000000,100099,199,100071,199,100104,199,100052,199,100105,199,100042,199,100128,299,99962,199,100131,199,99922,199,100147,100,99907,100,100178,100,99894,200,100180,100,99871,100,100301,100,99853,100,100406,100,99847,100
2019-06-28 09:39:07.886230481,100099,99,100071,199,100104,199,100052,199,100105,199,100042,199,100128,299,99962,199,100131,199,99922,199,100147,100,99907,100,100180,100,99894,200,100301,100,99871,100,100406,100,99853,100,100839,100,99847,100
2019-06-28 09:39:10.000000000,100104,348,100071,348,100105,348,100052,348,100128,200,100042,100,100131,100,99962,100,100147,100,99922,100,100180,100,99907,100,100301,100,99894,200,100406,100,99871,100,100839,100,99853,100,100868,100,99847,100
2019-06-28 09:39:20.000000000,100104,348,100071,348,100105,348,100052,348,100128,200,100042,100,100131,100,99962,100,100147,100,99922,100,100180,100,99907,100,100301,100,99894,200,100406,100,99871,100,100839,100,99853,100,100868,100,99847,100
2019-06-28 09:39:24.184922056,100104,348,100071,348,100105,348,100052,348,100128,200,100042,100,100131,100,99962,100,100147,100,99922,100,100180,100,99907,100,100301,100,99894,200,100406,100,99871,100,100839,100,99853,100,100868,100,99847,100
2019-06-28 09:39:30.000000000,100104,199,100071,199,100105,199,100052,199,100128,299,100042,199,100131,199,99962,199,100147,199,99922,199,100180,100,99907,100,100301,100,99894,200,100406,100,99871,100,100839,100,99853,100,100868,100,99847,100
2019-06-28 09:39:40.000000000,100104,199,100071,199,100105,199,100052,199,100128,299,100042,199,100131,199,99962,199,100147,199,99922,199,100180,100,99907,100,100301,100,99894,200,100406,100,99871,100,100839,100,99853,100,100868,100,99847,100
2019-06-28 09:39:50.000000000,100104,269,100071,269,100105,264,100052,264,100128,364,100042,264,100131,100,99962,100,100147,100,99922,100,100180,100,99907,100,100301,100,99894,200,100406,100,99871,100,100839,100,99853,100,100868,100,99847,100
2019-06-28 09:40:00.000000000,100104,269,100071,269,100105,264,100052,264,100128,364,100042,264,100131,100,99962,100,100147,100,99922,100,100180,100,99907,100,100301,100,99894,200,100406,100,99871,100,100839,100,99853,100,100868,100,99847,100
2019-06-28 09:40:03.877440640,100104,269,100075,100,100105,264,100071,269,100128,364,100052,264,100131,100,100042,264,100147,100,99962,100,100180,100,99922,100,100301,100,99907,100,100406,100,99894,200,100839,100,99871,100,100868,100,99853,100
2019-06-28 09:40:05.462365551,100104,269,100075,100,100105,264,100071,269,100128,364,100052,264,100131,100,100042,264,100147,100,99962,100,100180,100,99922,100,100301,100,99907,100,100406,100,99894,100,100813,100,99871,100,100839,100,99853,100
2019-06-28 09:40:10.000000000,100104,597,100075,597,100105,100,100071,100,100128,200,100052,100,100131,100,100042,100,100147,100,99962,100,100180,100,99922,100,100301,100,99907,100,100406,100,99894,100,100813,100,99871,100,100839,100,99853,100
2019-06-28 09:40:19.969948722,100104,597,100075,597,100105,100,100071,100,100128,200,100052,100,100131,100,100042,100,100147,100,99962,100,100180,100,99922,100,100301,100,99907,100,100406,100,99894,100,100813,100,99871,100,100839,100,99853,100
2019-06-28 09:40:20.000000000,100104,199,100075,199,100105,199,100071,199,100128,299,100052,199,100131,199,100042,199,100147,199,99962,199,100180,100,99922,100,100301,100,99907,100,100406,100,99894,100,100813,100,99871,100,100839,100,99853,100
2019-06-28 09:40:24.523051450,100104,199,100075,199,100105,199,100071,199,100128,299,100052,199,100131,99,100042,199,100147,199,99962,199,100180,100,99922,100,100301,100,99907,100,100406,100,99894,100,100813,100,99871,100,100839,100,99853,100
2019-06-28 09:40:30.000000000,100104,269,100075,269,100105,264,100071,264,100128,364,100052,264,100147,100,100042,100,100180,100,99962,100,100301,100,99922,100,100406,100,99907,100,100813,100,99894,100,100839,100,99871,100,100868,100,99853,100
2019-06-28 09:40:31.148421257,100104,269,100075,269,100105,264,100071,264,100128,364,100052,264,100147,100,100042,100,100180,100,99962,100,100301,100,99922,100,100406,100,99907,100,100813,100,99894,100,100839,100,99871,100,100868,100,99853,100
2019-06-28 09:40:34.513898613,100104,169,100075,269,100105,264,100071,264,100128,364,100052,264,100147,100,100042,100,100180,100,99962,100,100301,100,99922,100,100406,100,99907,100,100813,100,99894,100,100839,100,99871,100,100868,100,99853,100
2019-06-28 09:40:40.000000000,100105,224,100075,224,100128,324,100071,224,100147,224,100052,224,100180,224,100042,224,100301,100,99962,100,100406,100,99922,100,100813,100,99907,100,100839,100,99894,100,100868,100,99871,100,100896,100,99853,100
2019-06-28 09:40:50.000000000,100105,348,100075,348,100128,448,100071,348,100147,100,100052,100,100180,100,100042,100,100301,100,99962,100,100406,100,99922,100,100813,100,99907,100,100839,100,99894,100,100868,100,99871,100,100896,100,99853,100
2019-06-28 09:41:00.000000000,100105,348,100075,348,100128,448,100071,348,100147,100,100052,100,100180,100,100042,100,100301,100,99962,100,100406,100,99922,100,100813,100,99907,100,100839,100,99894,100,100868,100,99871,100,100896,100,99853,100
2019-06-28 09:41:10.000000000,100105,597,100075,597,100128,200,100071,100,100147,100,100052,100,100180,100,100042,100,100301,100,99962,100,100406,100,99922,100,100813,100,99907,100,100839,100,99894,100,100868,100,99871,100,100896,100,99853,100
2019-06-28 09:41:12.171647763,100105,597,100075,597,100128,200,100071,100,100147,100,100052,100,100180,100,100042,100,100301,100,99962,100,100406,100,99922,100,100813,100,99907,100,100839,100,99894,100,100868,100,99871,100,100896,100,99853,100
2019-06-28 09:41:20.000000000,100105,348,100075,348,100128,448,100071,348,100147,100,100052,100,100180,100,100042,100,100301,100,99962,100,100406,100,99922,100,100813,100,99907,100,100839,100,99894,100,100868,100,99871,100,100896,100,99853,100
2019-06-28 09:41:30.000000000,100105,348,100075,348,100128,448,100071,348,100147,100,100052,100,100180,100,100042,100,100301,100,99962,100,100406,100,99922,100,100813,100,99907,100,100839,100,99894,100,100868,100,99871,100,100896,100,99853,100
2019-06-28 09:41:40.000000000,100105,224,100075,224,100128,324,100071,224,100147,224,100052,224,100180,224,100042,224,100301,100,99962,100,100406,100,99922,100,100813,100,99907,100,100839,100,99894,100,100868,100,99871,100,100896,100,99853,100
2019-06-28 09:41:40.800785774,100105,224,100099,100,100128,324,100075,224,100147,224,100071,224,100180,224,100052,224,100301,100,100042,224,100406,100,99962,100,100813,100,99922,100,100839,100,99907,100,100868,100,99894,100,100896,100,99871,100
2019-06-28 09:41:42.202120707,100105,124,100099,100,100128,324,100075,224,100147,224,100071,224,100180,224,100052,224,100301,100,100042,224,100406,100,99962,100,100813,100,99922,100,100839,100,99907,100,100868,100,99894,100,100896,100,99871,100
2019-06-28 09:41:47.700528916,100105,24,100099,100,100128,324,100075,224,100147,224,100071,224,100180,224,100052,224,100301,100,100042,224,100406,100,99962,100,100813,100,99922,100,100839,100,99907,100,100868,100,99894,100,100896,100,99871,100
2019-06-28 09:41:50.000000000,100128,448,100099,348,100147,348,100075,348,100180,100,100071,100,100301,100,100052,100,100406,100,100042,100,100813,100,99962,100,100839,100,99922,100,100868,100,99907,100,100896,100,99894,100,100916,100,99871,100
2019-06-28 09:42:00.000000000,100128,324,100099,224,100147,224,100075,224,100180,224,100071,224,100301,224,100052,224,100406,100,100042,100,100813,100,99962,100,100839,100,99922,100,100868,100,99907,100,100896,100,99894,100,100916,100,99871,100
2019-06-28 09:42:04.400324541,100128,324,100099,224,100147,224,100075,224,100180,224,100071,224,100301,224,100052,224,100406,100,100042,100,100813,100,99962,100,100839,100,99922,100,100868,100,99907,100,100896,100,99894,100,100916,100,99871,100
2019-06-28 09:42:04.889452297,100128,324,100099,224,100147,224,100075,224,100180,224,100071,224,100301,224,100052,224,100406,100,100042,100,100813,100,99962,100,100839,100,99922,100,100868,100,99907,100,100891,100,99894,100,100896,100,99871,100
2019-06-28 09:42:10.000000000,100128,369,100099,269,100147,264,100075,264,100180,264,100071,264,100301,100,100052,100,100406,100,100042,100,100813,100,99962,100,100839,100,99922,100,100868,100,99907,100,100891,100,99894,100,100896,100,99871,100
2019-06-28 09:42:17.932055284,100128,369,100099,269,100147,264,100075,264,100180,264,100071,264,100301,100,100042,100,100406,100,99962,100,100813,100,99922,100,100839,100,99907,100,100868,100,99894,100,100891,100,99871,100,100896,100,99853,100
2019-06-28 09:42:19.554028844,100128,369,100099,269,100147,264,100075,264,100180,264,100071,264,100301,100,100042,100,100406,100,99962,100,100813,100,99922,100,100839,100,99907,100,100868,100,99894,100,100891,100,99871,100,100896,100,99853,100
2019-06-28 09:42:20.000000000,100128,697,100099,597,100147,100,100075,100,100180,100,100071,100,100301,100,100042,100,100406,100,99962,100,100813,100,99922,100,100839,100,99907,100,100868,100,99894,100,100891,100,99871,100,100896,100,99853,100
2019-06-28 09:42:27.495893707,100128,597,100099,597,100147,100,100075,100,100180,100,100071,100,100301,100,100042,100,100406,100,99962,100,100813,100,99922,100,100839,100,99907,100,100868,100,99894,100,100891,100,99871,100,100916,100,99853,100
2019-06-28 09:42:29.367442117,100128,597,100099,597,100147,100,100075,100,100180,100,100071,100,100301,100,100042,100,100406,100,99962,100,100813,100,99922,100,100839,100,99907,100,100868,100,99894,100,100891,100,99871,100,100916,100,99853,100
2019-06-28 09:42:30.000000000,100128,269,100099,269,100147,264,100075,264,100180,264,100071,264,100301,100,100042,100,100406,100,99962,100,100813,100,99922,100,100839,100,99907,100,100868,100,99894,100,100891,100,99871,100,100916,100,99853,100
2019-06-28 09:42:30.449244555,100128,169,100099,269,100147,264,100075,264,100180,264,100071,264,100301,100,100042,100,100406,100,99962,100,100813,100,99922,100,100868,100,99907,100,100891,100,99894,100,100916,100,99871,100,100917,100,99853,100
2019-06-28 09:42:38.250203931,100128,69,100099,269,100147,264,100075,264,100180,264,100071,264,100301,100,100042,100,100406,100,99962,100,100813,100,99922,100,100868,100,99907,100,100891,100,99894,100,100916,100,99871,100,100917,100,99853,100
2019-06-28 09:42:40.000000000,100147,597,100099,597,100180,100,100075,100,100301,100,100071,100,100406,100,100042,100,100813,100,99962,100,100868,100,99922,100,100891,100,99907,100,100916,100,99894,100,100917,100,99871,100,100948,100,99853,100
2019-06-28 09:42:50.000000000,100147,597,100099,597,100180,100,100075,100,100301,100,100071,100,100406,100,100042,100,100813,100,99962,100,100868,100,99922,100,100891,100,99907,100,100916,100,99894,100,100917,100,99871,100,100948,100,99853,100
2019-06-28 09:42:57.178863427,100147,597,100128,100,100180,100,100099,597,100301,100,100075,100,100406,100,100071,100,100813,100,100042,100,100868,100,99962,100,100891,100,99922,100,100916,100,99907,100,100917,100,99894,100,100948,100,99871,100
2019-06-28 09:43:00.000000000,100147,348,100128,348,100180,348,100099,348,100301,100,100075,100,100406,100,100071,100,100813,100,100042,100,100868,100,99962,100,100891,100,99922,100,100916,100,99907,100,100917,100,99894,100,100948,100,99871,100
2019-06-28 09:43:10.000000000,100147,597,100128,597,100180,100,100099,100,100301,100,100075,100,100406,100,100071,100,100813,100,100042,100,100868,100,99962,100,100891,100,99922,100,100916,100,99907,100,100917,100,99894,100,100948,100,99871,100
2019-06-28 09:43:14.935013469,100147,497,100128,597,100180,100,100099,100,100301,100,100075,100,100406,100,100071,100,100813,100,100042,100,100868,100,99962,100,100891,100,99922,100,100916,100,99907,100,100917,100,99894,100,100948,100,99871,100
2019-06-28 09:43:20.000000000,100180,348,100128,348,100301,348,100099,348,100406,100,100075,100,100813,100,100071,100,100868,100,100042,100,100891,100,99962,100,100916,100,99922,100,100917,100,99907,100,100948,100,99894,100,100954,100,99871,100
2019-06-28 09:43:30.000000000,100180,597,100128,597,100301,100,100099,100,100406,100,100075,100,100813,100,100071,100,100868,100,100042,100,100891,100,99962,100,100916,100,99922,100,100917,100,99907,100,100948,100,99894,100,100954,100,99871,100
2019-06-28 09:43:31.379798646,100180,497,100128,597,100301,100,100099,100,100406,100,100075,100,100813,100,100071,100,100868,100,100042,100,100891,100,99962,100,100916,100,99922,100,100917,100,99907,100,100948,100,99894,100,100954,100,99871,100
2019-06-28 09:43:40.000000000,100301,269,100128,269,100406,264,100099,264,100813,264,100075,264,100868,100,100071,100,100891,100,100042,100,100916,100,99962,100,100917,100,99922,100,100948,100,99907,100,100954,100,99894,100,101004,100,99871,100
2019-06-28 09:43:49.086113843,100301,269,100128,269,100406,264,100099,264,100576,100,100075,264,100813,264,100071,100,100868,100,100042,100,100891,100,99962,100,100916,100,99922,100,100917,100,99907,100,100948,100,99894,100,100954,100,99871,100
2019-06-28 09:43:50.000000000,100301,199,100128,199,100406,199,100099,199,100576,199,100075,199,100813,199,100071,199,100868,199,100042,199,100891,100,99962,100,100916,100,99922,100,100917,100,99907,100,100948,100,99894,100,100954,100,99871,100
2019-06-28 09:44:00.000000000,100301,348,100128,348,100406,348,100099,348,100576,100,100075,100,100813,100,100071,100,100868,100,100042,100,100891,100,99962,100,100916,100,99922,100,100917,100,99907,100,100948,100,99894,100,100954,100,99871,100
2019-06-28 09:44:02.206047199,100301,248,100128,348,100406,348,100099,348,100576,100,100075,100,100813,100,100071,100,100868,100,100042,100,100891,100,99962,100,100916,100,99922,100,100917,100,99907,100,100948,100,99894,100,100954,100,99871,100
2019-06-28 09:44:10.000000000,100406,199,100128,199,100576,199,100099,199,100813,199,100075,199,100868,199,100071,199,100891,199,100042,199,100916,100,99962,100,100917,100,99922,100,100948,100,99907,100,100954,100,99894,100,101004,100,99871,100
2019-06-28 09:44:13.183990992,100406,199,100128,199,100576,199,100099,199,100813,199,100075,199,100868,199,100071,199,100891,199,100042,199,100916,100,99962,100,100917,100,99922,100,100922,100,99907,100,100948,100,99894,100,100954,100,99871,100
2019-06-28 09:44:14.282237688,100406,199,100180,100,100576,199,100128,199,100813,199,100099,199,100868,199,100075,199,100891,199,100071,199,100916,100,100042,199,100917,100,99962,100,100922,100,99922,100,100948,100,99907,100,100954,100,99894,100
2019-06-28 09:44:19.007395756,100406,99,100180,100,100576,199,100128,199,100813,199,100099,199,100868,199,100075,199,100891,199,100071,199,100916,100,100042,199,100917,100,99922,100,100922,100,99907,100,100948,100,99894,100,100954,100,99871,100
2019-06-28 09:44:20.000000000,100576,199,100180,199,100813,199,100128,199,100868,199,100099,199,100891,199,100075,199,100916,199,100071,199,100917,100,100042,100,100922,100,99922,100,100948,100,99907,100,100954,100,99894,100,101004,100,99871,100
2019-06-28 09:44:30.000000000,100576,348,100180,348,100813,348,100128,348,100868,100,100099,100,100891,100,100075,100,100916,100,100071,100,100917,100,100042,100,100922,100,99922,100,100948,100,99907,100,100954,100,99894,100,101004,100,99871,100
2019-06-28 09:44:39.910484531,100576,248,100180,348,100813,348,100128,348,100868,100,100099,100,100891,100,100075,100,100916,100,100071,100,100922,100,100042,100,100948,100,99922,100,100954,100,99907,100,101004,100,99894,100,101025,100,99871,100
2019-06-28 09:44:40.000000000,100813,224,100180,224,100868,224,100128,224,100891,224,100099,224,100916,224,100075,224,100922,100,100071,100,100948,100,100042,100,100954,100,99922,100,101004,100,99907,100,101025,100,99894,100,101065,100,99871,100
2019-06-28 09:44:43.238387475,100813,124,100180,224,100868,224,100128,224,100891,224,100099,224,100916,224,100075,224,100922,100,100071,100,100948,100,100042,100,100954,100,99922,100,101004,100,99907,100,101025,100,99894,100,101065,100,99871,100
2019-06-28 09:44:46.197103250,100813,124,100180,224,100868,224,100128,224,100891,224,100099,224,100916,224,100075,224,100922,100,100071,100,100954,100,100042,100,101004,100,99922,100,101025,100,99907,100,101065,100,99894,100,101090,100,99871,100
2019-06-28 09:44:50.000000000,100868,224,100180,224,100891,224,100128,224,100916,224,100099,224,100922,224,100075,224,100954,100,100071,100,101004,100,100042,100,101025,100,99922,100,101065,100,99907,100,101090,100,99894,100,101167,100,99871,100
2019-06-28 09:44:57.949695608,100868,224,100867,100,100891,224,100180,224,100916,224,100128,224,100922,224,100099,224,100954,100,100075,224,101004,100,100071,100,101025,100,100042,100,101065,100,99922,100,101090,100,99907,100,101167,100,99894,100
2019-06-28 09:45:00.000000000,100868,199,100867,199,100891,199,100180,199,100916,199,100128,199,100922,199,100099,199,100954,199,100075,199,101004,100,100071,100,101025,100,100042,100,101065,100,99922,100,101090,100,99907,100,101167,100,99894,100
2019-06-28 09:45:03.259326989,100868,199,100867,199,100891,199,100576,100,100916,199,100180,199,100922,199,100128,199,100954,199,100099,199,101004,100,100075,199,101025,100,100071,100,101065,100,100042,100,101090,100,99922,100,101167,100,99907,100
2019-06-28 09:45:06.238506060,100868,199,100867,199,100891,199,100576,100,100916,199,100180,199,100922,199,100128,199,100954,199,100099,199,101004,100,100075,199,101025,100,100071,100,101065,100,100042,100,101090,100,99922,100,101139,100,99907,100
2019-06-28 09:45:09.620521279,100868,199,100867,199,100891,199,100663,100,100916,199,100576,100,100922,199,100180,199,100954,199,100128,199,101004,100,100099,199,101025,100,100075,199,101065,100,100071,100,101090,100,100042,100,101139,100,99922,100
2019-06-28 09:45:10.000000000,100868,199,100867,199,100891,199,100663,199,100916,199,100576,199,100922,199,100180,199,100954,199,100128,199,101004,100,100099,100,101025,100,100075,100,101065,100,100071,100,101090,100,100042,100,101139,100,99922,100
2019-06-28 09:45:14.394061117,100868,199,100867,199,100891,199,100663,199,100916,199,100576,199,100922,199,100180,199,100954,199,100128,199,100999,100,100099,100,101004,100,100075,100,101025,100,100071,100,101065,100,100042,100,101090,100,99922,100
2019-06-28 09:45:19.886024900,100868,99,100867,199,100891,199,100663,199,100916,199,100576,199,100922,199,100180,199,100954,199,100128,199,100999,100,100099,100,101004,100,100075,100,101025,100,100071,100,101065,100,100042,100,101090,100,99922,100
2019-06-28 09:45:20.000000000,100891,224,100867,224,100916,224,100663,224,100922,224,100576,224,100954,224,100180,224,100999,100,100128,100,101004,100,100099,100,101025,100,100075,100,101065,100,100071,100,101090,100,100042,100,101167,100,99922,100
2019-06-28 09:45:28.345832940,100891,224,100867,224,100916,124,100858,100,100922,224,100663,224,100954,224,100576,224,100999,100,100180,224,101004,100,100128,100,101025,100,100099,100,101065,100,100075,100,101090,100,100071,100,101167,100,100042,100
2019-06-28 09:45:30.000000000,100891,597,100867,597,100922,100,100858,100,100954,100,100663,100,100999,100,100576,100,101004,100,100180,100,101025,100,100128,100,101065,100,100099,100,101090,100,100075,100,101167,100,100071,100,101216,100,100042,100
2019-06-28 09:45:40.000000000,100891,199,100867,199,100922,199,100858,199,100954,199,100663,199,100999,199,100576,199,101004,199,100180,199,101025,100,100128,100,101065,100,100099,100,101090,100,100075,100,101167,100,100071,100,101216,100,100042,100
2019-06-28 09:45:45.866760914,100891,199,100868,100,100922,199,100867,199,100954,199,100858,199,100999,199,100663,199,101004,199,100576,99,101025,100,100180,199,101065,100,100128,100,101090,100,100099,100,101167,100,100075,100,101216,100,100071,100
2019-06-28 09:45:50.000000000,100891,269,100868,269,100922,264,100867,264,100954,264,100858,264,100999,100,100663,100,101004,100,100180,100,101025,100,100128,100,101065,100,100099,100,101090,100,100075,100,101167,100,100071,100,101216,100,100042,100
2019-06-28 09:45:50.876328620,100891,269,100868,169,100922,264,100867,264,100954,264,100858,264,100999,100,100663,100,101004,100,100180,100,101025,100,100128,100,101065,100,100099,100,101090,100,100075,100,101167,100,100071,100,101216,100,100042,100
2019-06-28 09:46:00.000000000,100891,269,100867,269,100922,264,100858,264,100954,264,100663,264,100999,100,100180,100,101004,100,100128,100,101025,100,100099,100,101065,100,100075,100,101090,100,100071,100,101167,100,100042,100,101216,100,99922,100
2019-06-28 09:46:02.307603788,100891,269,100867,169,100922,264,100858,264,100954,264,100663,264,100999,100,100180,100,101004,100,100128,100,101025,100,100099,100,101065,100,100075,100,101090,100,100071,100,101167,100,100042,100,101216,100,99922,100
2019-06-28 09:46:06.442756602,100891,269,100867,169,100913,100,100858,264,100922,264,100663,264,100954,264,100180,100,100999,100,100128,100,101004,100,100099,100,101025,100,100075,100,101065,100,100071,100,101090,100,100042,100,101167,100,99922,100
2019-06-28 09:46:10.000000000,100891,597,100858,597,100913,100,100663,100,100922,100,100180,100,100954,100,100128,100,100999,100,100099,100,101004,100,100075,100,101025,100,100071,100,101065,100,100042,100,101090,100,99922,100,101167,100,99907,100
2019-06-28 09:46:20.000000000,100891,348,100858,348,100913,348,100663,348,100922,100,100180,100,100954,100,100128,100,100999,100,100099,100,101004,100,100075,100,101025,100,100071,100,101065,100,100042,100,101090,100,99922,100,101167,100,99907,100
2019-06-28 09:46:24.257942879,100891,348,100858,348,100913,348,100663,348,100922,100,100660,100,100954,100,100180,100,100999,100,100128,100,101025,100,100099,100,101065,100,100075,100,101090,100,100071,100,101167,100,100042,100,101216,100,99922,100
2019-06-28 09:46:29.074726222,100868,100,100858,348,100891,348,100663,348,100913,348,100660,100,100922,100,100128,100,100954,100,100099,100,100999,100,100075,100,101025,100,100071,100,101065,100,100042,100,101090,100,99922,100,101167,100,99907,100
2019-06-28 09:46:30.000000000,100868,348,100858,348,100891,348,100663,348,100913,100,100660,100,100922,100,100128,100,100954,100,100099,100,100999,100,100075,100,101025,100,100071,100,101065,100,100042,100,101090,100,99922,100,101167,100,99907,100
2019-06-28 09:46:40.000000000,100868,199,100858,199,100891,199,100663,199,100913,199,100660,199,100922,199,100128,199,100954,199,100099,199,100999,100,100075,100,101025,100,100071,100,101065,100,100042,100,101090,100,99922,100,101167,100,99907,100
2019-06-28 09:46:41.399597784,100868,199,100858,199,100891,199,100663,199,100913,199,100660,199,100922,199,100128,99,100954,199,100099,199,100999,100,100075,100,101025,100,100071,100,101065,100,100042,100,101090,100,99922,100,101167,100,99907,100
2019-06-28 09:46:50.000000000,100868,269,100858,269,100891,264,100663,264,100913,264,100660,264,100922,100,100099,100,100954,100,100075,100,100999,100,100071,100,101025,100,100042,100,101065,100,99922,100,101090,100,99907,100,101167,100,99894,100
2019-06-28 09:47:00.000000000,100868,597,100858,597,100891,100,100663,100,100913,100,100660,100,100922,100,100099,100,100954,100,100075,100,100999,100,100071,100,101025,100,100042,100,101065,100,99922,100,101090,100,99907,100,101167,100,99894,100
2019-06-28 09:47:10.000000000,100868,199,100858,199,100891,199,100663,199,100913,199,100660,199,100922,199,100099,199,100954,199,100075,199,100999,100,100071,100,101025,100,100042,100,101065,100,99922,100,101090,100,99907,100,101167,100,99894,100
2019-06-28 09:47:16.367275021,100868,199,100858,199,100891,199,100663,199,100913,199,100660,199,100922,199,100099,199,100954,99,100075,199,100999,100,100071,100,101025,100,100042,100,101048,100,99922,100,101065,100,99907,100,101090,100,99894,100
2019-06-28 09:47:20.000000000,100868,269,100858,269,100891,264,100663,264,100913,264,100660,264,100922,100,100099,100,100999,100,100075,100,101025,100,100071,100,101048,100,100042,100,101065,100,99922,100,101090,100,99907,100,101167,100,99894,100
2019-06-28 09:47:21.614751432,100868,169,100858,269,100891,264,100663,264,100913,264,100660,264,100922,100,100099,100,100999,100,100075,100,101025,100,100071,100,101048,100,100042,100,101065,100,99922,100,101090,100,99907,100,101216,100,99894,100
2019-06-28 09:47:22.642379733,100868,69,100858,269,100891,264,100663,264,100913,264,100660,264,100922,100,100099,100,100999,100,100075,100,101025,100,100071,100,101048,100,100042,100,101065,100,99922,100,101090,100,99907,100,101216,100,99894,100
2019-06-28 09:47:30.000000000,100891,269,100858,269,100913,264,100663,264,100922,264,100660,264,100999,100,100099,100,101025,100,100075,100,101048,100,100071,100,101065,100,100042,100,101090,100,99922,100,101216,100,99907,100,,,99894,100
2019-06-28 09:47:32.199077953,100891,269,100858,269,100913,264,100663,264,100922,264,100660,164,100999,100,100099,100,101025,100,100075,100,101048,100,100071,100,101065,100,100042,100,101090,100,99922,100,101105,100,99907,100,101216,100,99894,100
2019-06-28 09:47:40.000000000,100891,269,100858,269,100913,264,100663,264,100922,264,100099,264,100999,100,100075,100,101025,100,100071,100,101048,100,100042,100,101065,100,99922,100,101090,100,99907,100,101105,100,99894,100,101216,100,99871,100
2019-06-28 09:47:50.000000000,100891,224,100858,224,100913,224,100663,224,100922,224,100099,224,100999,224,100075,224,101025,100,100071,100,101048,100,100042,100,101065,100,99922,100,101090,100,99907,100,101105,100,99894,100,101216,100,99871,100
2019-06-28 09:47:51.937706025,100891,224,100858,224,100913,224,100836,100,100922,224,100663,224,100999,224,100099,224,101025,100,100075,224,101048,100,100071,100,101065,100,100042,100,101090,100,99922,100,101105,100,99907,100,101216,100,99871,100
2019-06-28 09:47:53.962042281,100891,224,100858,124,100913,224,100836,100,100922,224,100663,224,100999,224,100099,224,101025,100,100075,224,101048,100,100071,100,101065,100,100042,100,101090,100,99922,100,101105,100,99907,100,101216,100,99871,100
2019-06-28 09:47:54.750236380,100891,224,100858,124,100913,224,100836,100,100922,224,100663,224,100999,224,100638,100,101025,100,100099,224,101048,100,100075,224,101065,100,100071,100,101105,100,100042,100,101216,100,99922,100,,,99907,100
2019-06-28 09:47:56.689148865,100891,224,100858,24,100913,224,100836,100,100922,224,100663,224,100999,224,100638,100,101025,100,100099,224,101048,100,100075,224,101065,100,100071,100,101105,100,100042,100,101216,100,99922,100,,,99907,100
2019-06-28 09:48:00.000000000,100891,269,100836,269,100913,264,100663,264,100922,264,100638,264,100999,100,100099,100,101025,100,100075,100,101048,100,100071,100,101065,100,100042,100,101105,100,99922,100,101216,100,99907,100,,,99871,100
2019-06-28 09:48:10.000000000,100891,597,100836,597,100913,100,100663,100,100922,100,100638,100,100999,100,100099,100,101025,100,100075,100,101048,100,100071,100,101065,100,100042,100,101105,100,99922,100,101216,100,99907,100,,,99871,100
2019-06-28 09:48:12.431472413,100891,597,100836,497,100913,100,100663,100,100922,100,100638,100,100999,100,100099,100,101025,100,100075,100,101048,100,100071,100,101065,100,100042,100,101105,100,99922,100,101216,100,99907,100,,,99871,100
2019-06-28 09:48:13.857972199,100891,597,100836,397,100913,100,100663,100,100922,100,100638,100,100999,100,100099,100,101025,100,100075,100,101048,100,100071,100,101065,100,100042,100,101105,100,99922,100,101216,100,99907,100,,,99871,100
2019-06-28 09:48:20.000000000,100891,597,100663,597,100913,100,100638,100,100922,100,100099,100,100999,100,100075,100,101025,100,100071,100,101048,100,100042,100,101065,100,99922,100,101105,100,99907,100,101216,100,99871,100,,,99853,100
2019-06-28 09:48:30.000000000,100891,597,100663,597,100913,100,100638,100,100922,100,100099,100,100999,100,100075,100,101025,100,100071,100,101048,100,100042,100,101065,100,99922,100,101105,100,99907,100,101216,100,99871,100,,,99853,100
2019-06-28 09:48:40.000000000,100891,224,100663,224,100913,224,100638,224,100922,224,100099,224,100999,224,100075,224,101025,100,100071,100,101048,100,100042,100,101065,100,99922,100,101105,100,99907,100,101216,100,99871,100,,,99853,100
2019-06-28 09:48:47.023967894,100891,224,100663,224,100913,224,100638,224,100922,224,100619,100,100999,224,100099,224,101025,100,100075,224,101048,100,100071,100,101065,100,100042,100,101105,100,99922,100,101216,100,99907,100,,,99871,100
2019-06-28 09:48:50.000000000,100891,348,100663,348,100913,348,100638,348,100922,100,100619,100,100999,100,100099,100,101025,100,100075,100,101048,100,100071,100,101065,100,100042,100,101105,100,99922,100,101216,100,99907,100,,,99871,100
2019-06-28 09:49:00.000000000,100891,269,100663,269,100913,264,100638,264,100922,264,100619,264,100999,100,100099,100,101025,100,100075,100,101048,100,100071,100,101065,100,100042,100,101105,100,99922,100,101216,100,99907,100,,,99871,100
2019-06-28 09:49:00.239954655,100836,100,100663,269,100891,269,100638,264,100913,264,100619,264,100922,264,100099,100,100999,100,100075,100,101025,100,100071,100,101048,100,100042,100,101065,100,99922,100,101105,100,99907,100,101216,100,99871,100
2019-06-28 09:49:10.000000000,100836,224,100663,224,100891,224,100638,224,100913,224,100619,224,100922,224,100099,224,100999,100,100075,100,101025,100,100071,100,101048,100,100042,100,101065,100,99922,100,101105,100,99907,100,101216,100,99871,100
2019-06-28 09:49:17.789102156,100836,224,100663,124,100891,224,100638,224,100913,224,100619,224,100922,224,100099,224,100999,100,100075,100,101025,100,100071,100,101048,100,100042,100,101065,100,99922,100,101105,100,99907,100,101216,100,99871,100
2019-06-28 09:49:20.000000000,100836,269,100638,269,100891,264,100619,264,100913,264,100099,264,100922,100,100075,100,100999,100,100071,100,101025,100,100042,100,101048,100,99922,100,101065,100,99907,100,101105,100,99871,100,101216,100,99853,100
2019-06-28 09:49:30.000000000,100836,348,100638,348,100891,348,100619,348,100913,100,100099,100,100922,100,100075,100,100999,100,100071,100,101025,100,100042,100,101048,100,99922,100,101065,100,99907,100,101105,100,99871,100,101216,100,99853,100
2019-06-28 09:49:40.000000000,100836,224,100638,224,100891,224,100619,224,100913,224,100099,224,100922,224,100075,224,100999,100,100071,100,101025,100,100042,100,101048,100,99922,100,101065,100,99907,100,101105,100,99871,100,101216,100,99853,100
2019-06-28 09:49:40.168140434,100836,224,100638,224,100891,124,100619,224,100913,224,100099,224,100922,224,100075,224,100999,100,100071,100,101025,100,100042,100,101048,100,99922,100,101065,100,99907,100,101105,100,99871,100,101216,100,99853,100
2019-06-28 09:49:50.000000000,100836,224,100638,224,100913,224,100619,224,100922,224,100099,224,100999,224,100075,224,101025,100,100071,100,101048,100,100042,100,101065,100,99922,100,101105,100,99907,100,101216,100,99871,100,,,99853,100
2019-06-28 09:49:57.731568719,100836,224,100638,224,100913,224,100619,224,100922,224,100099,224,100999,224,100075,224,101025,100,100042,100,101048,100,99922,100,101065,100,99907,100,101105,100,99871,100,101216,100,99853,100,,,99802,100
2019-06-28 09:50:00.000000000,100836,224,100638,224,100913,224,100619,224,100922,224,100099,224,100999,224,100075,224,101025,100,100042,100,101048,100,99922,100,101065,100,99907,100,101105,100,99871,100,101216,100,99853,100,,,99802,100
2019-06-28 09:50:10.000000000,100836,269,100638,269,100913,264,100619,264,100922,264,100099,264,100999,100,100075,100,101025,100,100042,100,101048,100,99922,100,101065,100,99907,100,101105,100,99871,100,101216,100,99853,100,,,99802,100
2019-06-28 09:50:20.000000000,100836,597,100638,597,100913,100,100619,100,100922,100,100099,100,100999,100,100075,100,101025,100,100042,100,101048,100,99922,100,101065,100,99907,100,101105,100,99871,100,101216,100,99853,100,,,99802,100
2019-06-28 09:50:30.000000000,100836,224,100638,224,100913,224,100619,224,100922,224,100099,224,100999,224,100075,224,101025,100,100042,100,101048,100,99922,100,101065,100,99907,100,101105,100,99871,100,101216,100,99853,100,,,99802,100
2019-06-28 09:50:32.876445588,100836,224,100638,124,100913,224,100619,224,100922,224,100099,224,100999,224,100075,224,101025,100,100042,100,101048,100,99922,100,101065,100,99907,100,101105,100,99871,100,101216,100,99853,100,,,99802,100
2019-06-28 09:50:40.000000000,100836,348,100619,348,100913,348,100099,348,100922,100,100075,100,100999,100,100042,100,101025,100,99922,100,101048,100,99907,100,101065,100,99871,100,101105,100,99853,100,101216,100,99802,100,,,99460,100
2019-06-28 09:50:50.000000000,100836,269,100619,269,100913,264,100099,264,100922,264,100075,264,100999,100,100042,100,101025,100,99922,100,101048,100,99907,100,101065,100,99871,100,101105,100,99853,100,101216,100,99802,100,,,99460,100
2019-06-28 09:51:00.000000000,100836,199,100619,199,100913,199,100099,199,100922,199,100075,199,100999,199,100042,199,101025,199,99922,199,101048,100,99907,100,101065,100,99871,100,101105,100,99853,100,101216,100,99802,100,,,99460,100
2019-06-28 09:51:10.000000000,100836,199,100619,199,100913,199,100099,199,100922,199,100075,199,100999,199,100042,199,101025,199,99922,199,101048,100,99907,100,101065,100,99871,100,101105,100,99853,100,101216,100,99802,100,,,99460,100
2019-06-28 09:51:16.794258005,100836,199,100619,99,100913,199,100099,199,100922,199,100075,199,100999,199,100042,199,101025,199,99922,199,101048,100,99907,100,101065,100,99871,100,101105,100,99853,100,101216,100,99802,100,,,99460,100
2019-06-28 09:51:20.000000000,100836,269,100099,269,100913,264,100075,264,100922,264,100042,264,100999,100,99922,100,101025,100,99907,100,101048,100,99871,100,101065,100,99853,100,101105,100,99802,100,101216,100,99460,100,,,,
2019-06-28 09:51:30.000000000,100836,348,100099,348,100913,348,100075,348,100922,100,100042,100,100999,100,99922,100,101025,100,99907,100,101048,100,99871,100,101065,100,99853,100,101105,100,99802,100,101216,100,99460,100,,,,
2019-06-28 09:51:40.000000000,100836,224,100099,224,100913,224,100075,224,100922,224,100042,224,100999,224,99922,224,101025,100,99907,100,101048,100,99871,100,101065,100,99853,100,101105,100,99802,100,101216,100,99460,100,,,,
2019-06-28 09:51:40.574064281,100638,100,100099,224,100836,224,100075,224,100913,224,100042,224,100922,224,99922,224,100999,224,99907,100,101025,100,99871,100,101048,100,99853,100,101065,100,99802,100,101105,100,99460,100,101216,100,,
2019-06-28 09:51:50.000000000,100638,348,100099,348,100836,348,100075,348,100913,100,100042,100,100922,100,99922,100,100999,100,99907,100,101025,100,99871,100,101048,100,99853,100,101065,100,99802,100,101105,100,99460,100,101216,100,,
2019-06-28 09:51:58.794214471,100638,348,100099,348,100660,100,100075,348,100836,348,100042,100,100913,100,99922,100,100922,100,99907,100,100999,100,99853,100,101025,100,99802,100,101048,100,99460,100,101065,100,,,101105,100,,
2019-06-28 09:52:00.000000000,100638,597,100099,597,100660,100,100075,100,100836,100,100042,100,100913,100,99922,100,100922,100,99907,100,100999,100,99853,100,101025,100,99802,100,101048,100,99460,100,101065,100,,,101105,100,,
2019-06-28 09:52:10.000000000,100638,269,100099,269,100660,264,100075,264,100836,264,100042,264,100913,100,99922,100,100922,100,99907,100,100999,100,99853,100,101025,100,99802,100,101048,100,99460,100,101065,100,,,101105,100,,
2019-06-28 09:52:17.224859673,100638,269,100380,100,100660,264,100099,269,100836,264,100075,264,100913,100,100042,264,100922,100,99922,100,100999,100,99907,100,101025,100,99853,100,101048,100,99802,100,101065,100,99460,100,101105,100,,
2019-06-28 09:52:20.000000000,100638,597,100380,597,100660,100,100099,100,100836,100,100075,100,100913,100,100042,100,100922,100,99922,100,100999,100,99907,100,101025,100,99853,100,101048,100,99802,100,101065,100,99460,100,101105,100,,
2019-06-28 09:52:30.000000000,100638,224,100380,224,100660,224,100099,224,100836,224,100075,224,100913,224,100042,224,100922,100,99922,100,100999,100,99907,100,101025,100,99853,100,101048,100,99802,100,101065,100,99460,100,101105,100,,
2019-06-28 09:52:40.000000000,100638,269,100380,269,100660,264,100099,264,100836,264,100075,264,100913,100,100042,100,100922,100,99922,100,100999,100,99907,100,101025,100,99853,100,101048,100,99802,100,101065,100,99460,100,101105,100,,
2019-06-28 09:52:50.000000000,100638,224,100380,224,100660,224,100099,224,100836,224,100075,224,100913,224,100042,224,100922,100,99922,100,100999,100,99907,100,101025,100,99853,100,101048,100,99802,100,101065,100,99460,100,101105,100,,
2019-06-28 09:52:50.598578121,100638,224,100380,224,100660,224,100099,224,100836,224,100075,224,100894,100,100042,224,100913,224,99922,100,100922,100,99907,100,100999,100,99853,100,101025,100,99802,100,101048,100,99460,100,101065,100,,
2019-06-28 09:52:56.228300960,100615,100,100380,224,100638,224,100099,224,100660,224,100075,224,100836,224,100042,224,100894,100,99922,100,100913,224,99907,100,100922,100,99853,100,100999,100,99802,100,101025,100,99460,100,101048,100,,
2019-06-28 09:53:00.000000000,100615,348,100380,348,100638,348,100099,348,100660,100,100075,100,100836,100,100042,100,100894,100,99922,100,100913,100,99907,100,100922,100,99853,100,100999,100,99802,100,101025,100,99460,100,101048,100,,
2019-06-28 09:53:05.323142395,100615,348,100594,100,100638,348,100380,348,100660,100,100099,348,100836,100,100075,100,100894,100,100042,100,100913,100,99922,100,100922,100,99907,100,100999,100,99853,100,101025,100,99802,100,101048,100,99460,100
2019-06-28 09:53:10.000000000,100615,597,100594,597,100638,100,100380,100,100660,100,100099,100,100836,100,100075,100,100894,100,100042,100,100913,100,99922,100,100922,100,99907,100,100999,100,99853,100,101025,100,99802,100,101048,100,99460,100
2019-06-28 09:53:20.000000000,100615,348,100594,348,100638,348,100380,348,100660,100,100099,100,100836,100,100075,100,100894,100,100042,100,100913,100,99922,100,100922,100,99907,100,100999,100,99853,100,101025,100,99802,100,101048,100,99460,100
2019-06-28 09:53:27.488685875,100615,248,100594,348,100638,348,100380,348,100660,100,100099,100,100836,100,100075,100,100894,100,100042,100,100913,100,99922,100,100922,100,99907,100,100999,100,99853,100,101025,100,99802,100,101048,100,99460,100
2019-06-28 09:53:30.000000000,100638,199,100594,199,100660,199,100380,199,100836,199,100099,199,100894,199,100075,199,100913,199,100042,199,100922,100,99922,100,100999,100,99907,100,101025,100,99853,100,101048,100,99802,100,101065,100,99460,100
2019-06-28 09:53:34.338593340,100638,199,100594,199,100660,199,100380,199,100836,199,100099,199,100894,199,100075,199,100913,199,100042,199,100922,100,99922,100,100999,100,99907,100,101007,100,99853,100,101025,100,99802,100,101048,100,99460,100
2019-06-28 09:53:40.000000000,100638,348,100594,348,100660,348,100380,348,100836,100,100099,100,100894,100,100075,100,100913,100,100042,100,100922,100,99922,100,100999,100,99907,100,101007,100,99853,100,101025,100,99802,100,101048,100,99460,100
2019-06-28 09:53:50.000000000,100638,269,100594,269,100660,264,100380,264,100836,264,100099,264,100894,100,100075,100,100913,100,100042,100,100922,100,99922,100,100999,100,99907,100,101007,100,99853,100,101025,100,99802,100,101048,100,99460,100
2019-06-28 09:53:53.318038711,100638,269,100620,100,100660,264,100594,269,100836,264,100380,264,100894,100,100099,264,100913,100,100075,100,100922,100,100042,100,100999,100,99922,100,101007,100,99907,100,101025,100,99853,100,101048,100,99802,100
2019-06-28 09:54:00.000000000,100638,348,100620,348,100660,348,100594,348,100836,100,100380,100,100894,100,100099,100,100913,100,100075,100,100922,100,100042,100,100999,100,99922,100,101007,100,99907,100,101025,100,99853,100,101048,100,99802,100
2019-06-28 09:54:01.555952249,100638,348,100620,348,100660,348,100594,348,100836,100,100380,100,100894,100,100099,100,100913,100,100075,100,100922,100,100042,100,100999,100,99922,100,101007,100,99907,100,101025,100,99853,100,101048,100,99802,100
2019-06-28 09:54:05.169678274,100638,248,100620,348,100660,348,100594,348,100836,100,100380,100,100894,100,100099,100,100913,100,100075,100,100922,100,100042,100,100999,100,99922,100,101007,100,99907,100,101025,100,99853,100,101048,100,99802,100
2019-06-28 09:54:10.000000000,100660,199,100620,199,100836,199,100594,199,100894,199,100380,199,100913,199,100099,199,100922,199,100075,199,100999,100,100042,100,101007,100,99922,100,101025,100,99907,100,101048,100,99853,100,101065,100,99802,100
2019-06-28 09:54:20.000000000,100660,597,100620,597,100836,100,100594,100,100894,100,100380,100,100913,100,100099,100,100922,100,100075,100,100999,100,100042,100,101007,100,99922,100,101025,100,99907,100,101048,100,99853,100,101065,100,99802,100
2019-06-28 09:54:30.000000000,100660,224,100620,224,100836,224,100594,224,100894,224,100380,224,100913,224,100099,224,100922,100,100075,100,100999,100,100042,100,101007,100,99922,100,101025,100,99907,100,101048,100,99853,100,101065,100,99802,100
2019-06-28 09:54:40.000000000,100660,269,100620,269,100836,264,100594,264,100894,264,100380,264,100913,100,100099,100,100922,100,100075,100,100999,100,100042,100,101007,100,99922,100,101025,100,99907,100,101048,100,99853,100,101065,100,99802,100
2019-06-28 09:54:50.000000000,100660,597,100620,597,100836,100,100594,100,100894,100,100380,100,100913,100,100099,100,100922,100,100075,100,100999,100,100042,100,101007,100,99922,100,101025,100,99907,100,101048,100,99853,100,101065,100,99802,100
2019-06-28 09:54:50.491675880,100660,597,100620,597,100836,100,100594,100,100894,100,100380,100,100913,100,100099,100,100922,100,100075,100,100999,100,100042,100,101007,100,99922,100,101025,100,99907,100,101048,100,99853,100,101065,100,99802,100
2019-06-28 09:55:00.000000000,100660,348,100620,348,100836,348,100594,348,100894,100,100380,100,100913,100,100099,100,100922,100,100075,100,100999,100,100042,100,101007,100,99922,100,101025,100,99907,100,101048,100,99853,100,101065,100,99802,100
2019-06-28 09:55:10.000000000,100660,348,100620,348,100836,348,100594,348,100894,100,100380,100,100913,100,100099,100,100922,100,100075,100,100999,100,100042,100,101007,100,99922,100,101025,100,99907,100,101048,100,99853,100,101065,100,99802,100
2019-06-28 09:55:12.074731592,100660,248,100620,348,100836,348,100594,348,100894,100,100380,100,100913,100,100099,100,100922,100,100075,100,100999,100,100042,100,101007,100,99922,100,101025,100,99907,100,101048,100,99853,100,101065,100,99802,100
2019-06-28 09:55:14.365153171,100660,148,100620,348,100836,348,100594,348,100894,100,100380,100,100913,100,100099,100,100922,100,100075,100,100999,100,100042,100,101007,100,99922,100,101025,100,99907,100,101048,100,99853,100,101065,100,99802,100
2019-06-28 09:55:20.000000000,100836,199,100620,199,100894,199,100594,199,100913,199,100380,199,100922,199,100099,199,100999,199,100075,199,101007,100,100042,100,101025,100,99922,100,101048,100,99907,100,101065,100,99853,100,101105,100,99802,100
2019-06-28 09:55:21.452294162,100836,99,100620,199,100894,199,100594,199,100913,199,100380,199,100922,199,100099,199,100999,199,100075,199,101007,100,100042,100,101025,100,99922,100,101048,100,99907,100,101065,100,99853,100,101105,100,99802,100
2019-06-28 09:55:30.000000000,100894,597,100620,597,100913,100,100594,100,100922,100,100380,100,100999,100,100099,100,101007,100,100075,100,101025,100,100042,100,101048,100,99922,100,101065,100,99907,100,101105,100,99853,100,101106,100,99802,100
2019-06-28 09:55:37.828842466,100894,497,100620,597,100913,100,100594,100,100922,100,100380,100,100942,100,100099,100,100999,100,100075,100,101007,100,100042,100,101025,100,99922,100,101048,100,99907,100,101065,100,99853,100,101105,100,99802,100
2019-06-28 09:55:40.000000000,100913,348,100620,348,100922,348,100594,348,100942,100,100380,100,100999,100,100099,100,101007,100,100075,100,101025,100,100042,100,101048,100,99922,100,101065,100,99907,100,101105,100,99853,100,101106,100,99802,100
2019-06-28 09:55:50.000000000,100913,199,100620,199,100922,199,100594,199,100942,199,100380,199,100999,199,100099,199,101007,199,100075,199,101025,100,100042,100,101048,100,99922,100,101065,100,99907,100,101105,100,99853,100,101106,100,99802,100
2019-06-28 09:55:51.163922887,100913,199,100804,100,100922,199,100620,199,100942,99,100594,199,100999,199,100380,199,101007,199,100099,199,101025,100,100075,199,101048,100,100042,100,101065,100,99922,100,101105,100,99907,100,101106,100,99853,100
2019-06-28 09:56:00.000000000,100913,269,100804,269,100922,264,100620,264,100999,264,100594,264,101007,100,100380,100,101025,100,100099,100,101048,100,100075,100,101065,100,100042,100,101105,100,99922,100,101106,100,99907,100,101216,100,99853,100
2019-06-28 09:56:10.000000000,100913,269,100804,269,100922,264,100620,264,100999,264,100594,264,101007,100,100380,100,101025,100,100099,100,101048,100,100075,100,101065,100,100042,100,101105,100,99922,100,101106,100,99907,100,101216,100,99853,100
2019-06-28 09:56:18.843405512,100913,169,100804,269,100922,264,100620,264,100999,264,100594,264,101007,100,100380,100,101025,100,100099,100,101048,100,100075,100,101065,100,100042,100,101105,100,99922,100,101106,100,99907,100,101216,100,99853,100
2019-06-28 09:56:20.000000000,100922,348,100804,348,100999,348,100620,348,101007,100,100594,100,101025,100,100380,100,101048,100,100099,100,101065,100,100075,100,101105,100,100042,100,101106,100,99922,100,101216,100,99907,100,101228,100,99853,100
2019-06-28 09:56:22.203329788,100922,348,100804,348,100999,348,100696,100,101007,100,100620,348,101025,100,100380,100,101048,100,100099,100,101065,100,100075,100,101105,100,100042,100,101106,100,99922,100,101216,100,99907,100,101228,100,99853,100
2019-06-28 09:56:28.411031382,100922,348,100804,348,100999,348,100696,100,101007,100,100658,100,101025,100,100620,348,101048,100,100380,100,101065,100,100099,100,101105,100,100075,100,101106,100,100042,100,101216,100,99907,100,101228,100,99853,100
2019-06-28 09:56:30.000000000,100922,348,100804,348,100999,348,100696,348,101007,100,100658,100,101025,100,100620,100,101048,100,100380,100,101065,100,100099,100,101105,100,100075,100,101106,100,100042,100,101216,100,99907,100,101228,100,99853,100
2019-06-28 09:56:40.000000000,100922,269,100804,269,100999,264,100696,264,101007,264,100658,264,101025,100,100620,100,101048,100,100380,100,101065,100,100099,100,101105,100,100075,100,101106,100,100042,100,101216,100,99907,100,101228,100,99853,100
2019-06-28 09:56:50.000000000,100922,199,100804,199,100999,199,100696,199,101007,199,100658,199,101025,199,100620,199,101048,199,100380,199,101065,100,100099,100,101105,100,100075,100,101106,100,100042,100,101216,100,99907,100,101228,100,99853,100
2019-06-28 09:56:50.526781924,100922,199,100836,100,100999,199,100804,199,101007,199,100696,199,101025,199,100658,199,101048,199,100620,199,101065,100,100380,199,101105,100,100099,100,101106,100,100075,100,101216,100,100042,100,101228,100,99907,100
2019-06-28 09:57:00.000000000,100922,597,100836,597,100999,100,100804,100,101007,100,100696,100,101025,100,100658,100,101048,100,100620,100,101065,100,100380,100,101105,100,100099,100,101106,100,100075,100,101216,100,100042,100,101228,100,99907,100
2019-06-28 09:57:01.803849259,100922,597,100836,597,100999,100,100804,100,101007,100,100696,100,101025,100,100658,100,101048,100,100620,100,101065,100,100380,100,101105,100,100099,100,101106,100,100075,100,101174,100,100042,100,101216,100,99853,100
2019-06-28 09:57:10.000000000,100922,269,100836,269,100999,264,100804,264,101007,264,100696,264,101025,100,100658,100,101048,100,100620,100,101065,100,100380,100,101105,100,100099,100,101106,100,100075,100,101174,100,100042,100,101216,100,99853,100
2019-06-28 09:57:20.000000000,100922,597,100836,597,100999,100,100804,100,101007,100,100696,100,101025,100,100658,100,101048,100,100620,100,101065,100,100380,100,101105,100,100099,100,101106,100,100075,100,101174,100,100042,100,101216,100,99853,100
2019-06-28 09:57:30.000000000,100922,269,100836,269,100999,264,100804,264,101007,264,100696,264,101025,100,100658,100,101048,100,100620,100,101065,100,100380,100,101105,100,100099,100,101106,100,100075,100,101174,100,100042,100,101216,100,99853,100
2019-06-28 09:57:36.534966175,100922,269,100836,369,100999,264,100804,264,101007,264,100696,264,101025,100,100658,100,101048,100,100620,100,101065,100,100380,100,101105,100,100099,100,101106,100,100075,100,101174,100,100042,100,101216,100,99853,100
2019-06-28 09:57:40.000000000,100922,597,100836,697,100999,100,100804,100,101007,100,100696,100,101025,100,100658,100,101048,100,100620,100,101065,100,100380,100,101105,100,100099,100,101106,100,100075,100,101174,100,100042,100,101216,100,99853,100
2019-06-28 09:57:48.517143842,100922,497,100836,697,100999,100,100804,100,101007,100,100696,100,101025,100,100658,100,101048,100,100620,100,101065,100,100380,100,101105,100,100099,100,101106,100,100075,100,101174,100,100042,100,101216,100,99853,100
2019-06-28 09:57:50.000000000,100999,199,100836,299,101007,199,100804,199,101025,199,100696,199,101048,199,100658,199,101065,199,100620,199,101105,100,100380,100,101106,100,100099,100,101174,100,100075,100,101216,100,100042,100,101228,100,99853,100
2019-06-28 09:57:52.333398900,100999,199,100836,299,101007,199,100804,199,101025,199,100696,199,101048,199,100658,99,101065,199,100620,199,101105,100,100380,100,101106,100,100099,100,101174,100,100075,100,101216,100,100042,100,101228,100,99853,100
2019-06-28 09:58:00.000000000,100999,597,100836,697,101007,100,100804,100,101025,100,100696,100,101048,100,100620,100,101065,100,100380,100,101105,100,100099,100,101106,100,100075,100,101174,100,100042,100,101216,100,99853,100,101228,100,99802,100
2019-06-28 09:58:08.231322547,100999,597,100836,697,101007,100,100804,100,101025,100,100696,100,101048,100,100620,100,101065,100,100380,100,101105,100,100099,100,101106,100,100075,100,101174,100,100042,100,101216,100,99853,100,101228,100,99802,100
2019-06-28 09:58:09.323350389,100999,497,100836,697,101007,100,100804,100,101025,100,100696,100,101048,100,100620,100,101065,100,100380,100,101105,100,100099,100,101106,100,100075,100,101174,100,100042,100,101216,100,99853,100,101228,100,99802,100
2019-06-28 09:58:10.000000000,101007,597,100836,697,101025,100,100804,100,101048,100,100696,100,101065,100,100620,100,101105,100,100380,100,101106,100,100099,100,101174,100,100075,100,101216,100,100042,100,101228,100,99853,100,101311,100,99802,100
2019-06-28 09:58:10.393610311,101007,597,100836,697,101025,100,100804,100,101048,100,100696,100,101065,100,100620,100,101105,100,100380,100,101106,100,100099,100,101174,100,100075,100,101216,100,100042,100,101228,100,99853,100,101311,100,99802,100
2019-06-28 09:58:18.104429316,101007,597,100836,697,101025,100,100804,100,101048,100,100696,100,101065,100,100620,100,101105,100,100380,100,101106,100,100099,100,101174,100,100075,100,101216,100,100042,100,101228,100,99853,100,101311,100,99802,100
2019-06-28 09:58:20.000000000,101007,348,100836,448,101025,348,100804,348,101048,100,100696,100,101065,100,100620,100,101105,100,100380,100,101106,100,100099,100,101174,100,100075,100,101216,100,100042,100,101228,100,99853,100,101311,100,99802,100
2019-06-28 09:58:30.000000000,101007,597,100836,697,101025,100,100804,100,101048,100,100696,100,101065,100,100620,100,101105,100,100380,100,101106,100,100099,100,101174,100,100075,100,101216,100,100042,100,101228,100,99853,100,101311,100,99802,100
2019-06-28 09:58:40.000000000,101007,199,100836,299,101025,199,100804,199,101048,199,100696,199,101065,199,100620,199,101105,199,100380,199,101106,100,100099,100,101174,100,100075,100,101216,100,100042,100,101228,100,99853,100,101311,100,99802,100
2019-06-28 09:58:42.628959639,101007,199,100836,199,101025,199,100804,199,101048,199,100696,199,101065,199,100620,199,101105,199,100380,199,101106,100,100099,100,101174,100,100075,100,101216,100,100042,100,101228,100,99853,100,101311,100,99802,100
2019-06-28 09:58:50.000000000,101007,597,100836,597,101025,100,100804,100,101048,100,100696,100,101065,100,100620,100,101105,100,100380,100,101106,100,100099,100,101174,100,100075,100,101216,100,100042,100,101228,100,99853,100,101311,100,99802,100
2019-06-28 09:58:59.416886257,101007,597,100836,597,101025,100,100804,100,101048,100,100696,100,101065,100,100620,100,101105,100,100380,100,101106,100,100099,100,101174,100,100075,100,101216,100,100042,100,101228,100,99853,100,101311,100,99802,100
2019-06-28 09:59:00.000000000,101007,597,100836,597,101025,100,100804,100,101048,100,100696,100,101065,100,100620,100,101105,100,100380,100,101106,100,100099,100,101174,100,100075,100,101216,100,100042,100,101228,100,99853,100,101311,100,99802,100
2019-06-28 09:59:10.000000000,101007,224,100836,224,101025,224,100804,224,101048,224,100696,224,101065,224,100620,224,101105,100,100380,100,101106,100,100099,100,101174,100,100075,100,101216,100,100042,100,101228,100,99853,100,101311,100,99802,100
2019-06-28 09:59:20.000000000,101007,269,100836,269,101025,264,100804,264,101048,264,100696,264,101065,100,100620,100,101105,100,100380,100,101106,100,100099,100,101174,100,100075,100,101216,100,100042,100,101228,100,99853,100,101311,100,99802,100
2019-06-28 09:59:21.700490833,101007,269,100836,269,101025,264,100804,264,101048,264,100696,264,101095,100,100620,100,101105,100,100380,100,101106,100,100099,100,101174,100,100075,100,101216,100,100042,100,101228,100,99853,100,101311,100,99802,100
2019-06-28 09:59:23.406404139,101007,269,100836,169,101025,264,100804,264,101048,264,100696,264,101095,100,100620,100,101105,100,100380,100,101106,100,100099,100,101174,100,100075,100,101216,100,100042,100,101228,100,99853,100,101311,100,99802,100
2019-06-28 09:59:30.000000000,101007,348,100804,348,101025,348,100696,348,101048,100,100620,100,101095,100,100380,100,101105,100,100099,100,101106,100,100075,100,101174,100,100042,100,101216,100,99853,100,101228,100,99802,100,101311,100,,
2019-06-28 09:59:31.049690169,101007,348,100804,248,101025,348,100696,348,101048,100,100620,100,101095,100,100380,100,101105,100,100099,100,101106,100,100075,100,101174,100,100042,100,101216,100,99853,100,101228,100,99802,100,101330,100,,
2019-06-28 09:59:31.387117824,101007,348,100804,248,101025,348,100696,348,101040,100,100620,100,101048,100,100380,100,101095,100,100099,100,101105,100,100075,100,101106,100,100042,100,101174,100,99853,100,101216,100,99802,100,101228,100,,
2019-06-28 09:59:35.086521566,100888,100,100804,248,101007,348,100696,348,101025,348,100620,100,101040,100,100380,100,101048,100,100099,100,101095,100,100075,100,101105,100,100042,100,101174,100,99853,100,101216,100,99802,100,101228,100,,
2019-06-28 09:59:40.000000000,100888,269,100696,269,101007,264,100620,264,101025,264,100380,264,101040,100,100099,100,101048,100,100075,100,101095,100,100042,100,101105,100,99853,100,101174,100,99802,100,101216,100,,,101228,100,,
2019-06-28 09:59:40.932938375,100888,269,100696,269,100998,100,100620,264,101007,264,100380,264,101025,264,100099,100,101040,100,100075,100,101048,100,100042,100,101095,100,99853,100,101105,100,99802,100,101174,100,,,101216,100,,
2019-06-28 09:59:47.111776099,100777,100,100696,269,100888,269,100620,264,100998,100,100380,264,101007,264,100099,100,101025,264,100075,100,101040,100,100042,100,101048,100,99802,100,101095,100,,,101105,100,,,101174,100,,
2019-06-28 09:59:50.000000000,100777,597,100696,597,100888,100,100620,100,100998,100,100380,100,101007,100,100099,100,101025,100,100075,100,101040,100,100042,100,101048,100,99802,100,101095,100,,,101105,100,,,101174,100,,
2019-06-28 10:00:00.000000000,100777,269,100696,269,100888,264,100620,264,100998,264,100380,264,101007,100,100099,100,101025,100,100075,100,101040,100,100042,100,101048,100,99802,100,101095,100,,,101105,100,,,101174,100,,
2019-06-28 10:00:10.000000000,100777,597,100696,597,100888,100,100620,100,100998,100,100380,100,101007,100,100099,100,101025,100,100075,100,101040,100,100042,100,101048,100,99802,100,101095,100,,,101105,100,,,101174,100,,
2019-06-28 10:00:16.880111192,100777,597,100696,597,100888,100,100620,100,100998,100,100380,100,101007,100,100099,100,101025,100,100075,100,101040,100,100042,100,101048,100,99802,100,101095,100,,,101105,100,,,101174,100,,
2019-06-28 10:00:20.000000000,100777,269,100696,269,100888,264,100620,264,100998,264,100380,264,101007,100,100099,100,101025,100,100075,100,101040,100,100042,100,101048,100,99802,100,101095,100,,,101105,100,,,101174,100,,
2019-06-28 10:00:30.000000000,100777,597,100696,597,100888,100,100620,100,100998,100,100380,100,101007,100,100099,100,101025,100,100075,100,101040,100,100042,100,101048,100,99802,100,101095,100,,,101105,100,,,101174,100,,
2019-06-28 10:00:40.000000000,100777,269,100696,269,100888,264,100620,264,100998,264,100380,264,101007,100,100099,100,101025,100,100075,100,101040,100,100042,100,101048,100,99802,100,101095,100,,,101105,100,,,101174,100,,
2019-06-28 10:00:45.946864806,100777,269,100696,269,100833,100,100620,264,100888,264,100380,264,100998,264,100099,100,101007,100,100075,100,101025,100,100042,100,101040,100,99802,100,101048,100,,,101095,100,,,101105,100,,
2019-06-28 10:00:50.000000000,100777,597,100696,597,100833,100,100620,100,100888,100,100380,100,100998,100,100099,100,101007,100,100075,100,101025,100,100042,100,101040,100,99802,100,101048,100,,,101095,100,,,101105,100,,
2019-06-28 10:00:58.519422350,100777,597,100696,497,100833,100,100620,100,100888,100,100380,100,100998,100,100099,100,101007,100,100075,100,101025,100,100042,100,101040,100,99802,100,101048,100,,,101095,100,,,101105,100,,
2019-06-28 10:01:00.000000000,100777,597,100620,597,100833,100,100380,100,100888,100,100099,100,100998,100,100075,100,101007,100,100042,100,101025,100,99802,100,101040,100,,,101048,100,,,101095,100,,,101105,100,,
2019-06-28 10:01:08.763778918,100777,597,100620,597,100833,100,100380,100,100888,100,100185,100,100998,100,100099,100,101007,100,100075,100,101025,100,100042,100,101040,100,99802,100,101048,100,,,101095,100,,,101105,100,,
2019-06-28 10:01:10.000000000,100777,224,100620,224,100833,224,100380,224,100888,224,100185,224,100998,224,100099,224,101007,100,100075,100,101025,100,100042,100,101040,100,99802,100,101048,100,,,101095,100,,,101105,100,,
2019-06-28 10:01:18.184278626,100777,224,100620,224,100833,224,100380,224,100888,224,100325,100,100998,224,100185,224,101025,100,100099,224,101040,100,100075,100,101048,100,100042,100,101095,100,99802,100,101105,100,,,101174,100,,
2019-06-28 10:01:20.000000000,100777,224,100620,224,100833,224,100380,224,100888,224,100325,224,100998,224,100185,224,101025,100,100099,100,101040,100,100075,100,101048,100,100042,100,101095,100,99802,100,101105,100,,,101174,100,,
2019-06-28 10:01:26.399545307,100777,224,100620,124,100833,224,100380,224,100888,224,100325,224,100998,224,100185,224,101025,100,100099,100,101040,100,100075,100,101048,100,100042,100,101095,100,99802,100,101105,100,,,101174,100,,
2019-06-28 10:01:30.000000000,100777,597,100380,597,100833,100,100325,100,100888,100,100185,100,100998,100,100099,100,101025,100,100075,100,101040,100,100042,100,101048,100,99802,100,101095,100,,,101105,100,,,101174,100,,
2019-06-28 10:01:34.345750706,100696,100,100380,597,100777,597,100325,100,100833,100,100185,100,100888,100,100099,100,100998,100,100075,100,101025,100,100042,100,101040,100,99802,100,101048,100,,,101095,100,,,101105,100,,
2019-06-28 10:01:40.000000000,100696,348,100380,348,100777,348,100325,348,100833,100,100185,100,100888,100,100099,100,100998,100,100075,100,101025,100,100042,100,101040,100,99802,100,101048,100,,,101095,100,,,101105,100,,
2019-06-28 10:01:50.000000000,100696,597,100380,597,100777,100,100325,100,100833,100,100185,100,100888,100,100099,100,100998,100,100075,100,101025,100,100042,100,101040,100,99802,100,101048,100,,,101095,100,,,101105,100,,
2019-06-28 10:02:00.000000000,100696,597,100380,597,100777,100,100325,100,100833,100,100185,100,100888,100,100099,100,100998,100,100075,100,101025,100,100042,100,101040,100,99802,100,101048,100,,,101095,100,,,101105,100,,
2019-06-28 10:02:10.000000000,100696,597,100380,597,100777,100,100325,100,100833,100,100185,100,100888,100,100099,100,100998,100,100075,100,101025,100,100042,100,101040,100,99802,100,101048,100,,,101095,100,,,101105,100,,
2019-06-28 10:02:13.778019304,100696,597,100380,597,100777,100,100325,100,100833,100,100185,100,100888,100,100099,100,100998,100,100075,100,101025,100,100042,100,101040,100,99987,100,101048,100,99802,100,101095,100,,,101105,100,,
2019-06-28 10:02:20.000000000,100696,199,100380,199,100777,199,100325,199,100833,199,100185,199,100888,199,100099,199,100998,199,100075,199,101025,100,100042,100,101040,100,99987,100,101048,100,99802,100,101095,100,,,101105,100,,
2019-06-28 10:02:30.000000000,100696,348,100380,348,100777,348,100325,348,100833,100,100185,100,100888,100,100099,100,100998,100,100075,100,101025,100,100042,100,101040,100,99987,100,101048,100,99802,100,101095,100,,,101105,100,,
2019-06-28 10:02:40.000000000,100696,199,100380,199,100777,199,100325,199,100833,199,100185,199,100888,199,100099,199,100998,199,100075,199,101025,100,100042,100,101040,100,99987,100,101048,100,99802,100,101095,100,,,101105,100,,
2019-06-28 10:02:47.674045812,100696,199,100380,199,100777,199,100325,199,100833,199,100297,100,100888,199,100185,199,100998,199,100099,199,101025,100,100075,199,101040,100,100042,100,101048,100,99987,100,101095,100,99802,100,101105,100,,
2019-06-28 10:02:50.000000000,100696,224,100380,224,100777,224,100325,224,100833,224,100297,224,100888,224,100185,224,100998,100,100099,100,101025,100,100075,100,101040,100,100042,100,101048,100,99987,100,101095,100,99802,100,101105,100,,
2019-06-28 10:02:56.753223614,100696,224,100380,224,100777,224,100325,224,100833,224,100297,224,100888,224,100185,224,100998,100,100170,100,101025,100,100099,100,101040,100,100075,100,101048,100,100042,100,101095,100,99987,100,101105,100,99802,100
2019-06-28 10:03:00.000000000,100696,224,100380,224,100777,224,100325,224,100833,224,100297,224,100888,224,100185,224,100998,100,100170,100,101025,100,100099,100,101040,100,100075,100,101048,100,100042,100,101095,100,99987,100,101105,100,99802,100
2019-06-28 10:03:04.066171074,100696,224,100380,224,100777,224,100325,224,100833,224,100297,224,100888,224,100185,224,100998,100,100170,100,101025,100,100145,100,101048,100,100099,100,101095,100,100075,100,101105,100,100042,100,101174,100,99987,100
2019-06-28 10:03:04.815770127,100696,324,100380,224,100777,224,100325,224,100833,224,100297,224,100888,224,100185,224,101025,100,100170,100,101048,100,100145,100,101095,100,100099,100,101105,100,100075,100,101174,100,100042,100,101216,100,99987,100
2019-06-28 10:03:06.214119933,100696,424,100380,224,100777,224,100325,224,100833,224,100297,224,100888,224,100185,224,101025,100,100170,100,101048,100,100145,100,101095,100,100099,100,101105,100,100075,100,101174,100,100042,100,101216,100,99987,100
2019-06-28 10:03:10.000000000,100696,469,100380,269,100777,264,100325,264,100833,264,100297,264,100888,100,100185,100,101025,100,100170,100,101048,100,100145,100,101095,100,100099,100,101105,100,100075,100,101174,100,100042,100,101216,100,99987,100
2019-06-28 10:03:15.279216417,100696,469,100380,169,100777,264,100325,264,100833,264,100297,264,100888,100,100185,100,101025,100,100170,100,101048,100,100145,100,101095,100,100099,100,101105,100,100075,100,101174,100,100042,100,101216,100,99987,100
2019-06-28 10:03:20.000000000,100696,548,100325,348,100777,348,100297,348,100833,100,100185,100,100888,100,100170,100,101025,100,100145,100,101048,100,100099,100,101095,100,100075,100,101105,100,100042,100,101174,100,99987,100,101216,100,99802,100
2019-06-28 10:03:30.000000000,100696,797,100325,597,100777,100,100297,100,100833,100,100185,100,100888,100,100170,100,101025,100,100145,100,101048,100,100099,100,101095,100,100075,100,101105,100,100042,100,101174,100,99987,100,101216,100,99802,100
2019-06-28 10:03:32.064046827,100696,797,100325,497,100777,100,100297,100,100833,100,100185,100,100888,100,100170,100,101025,100,100145,100,101095,100,100099,100,101105,100,100075,100,101174,100,100042,100,101216,100,99987,100,101228,100,99802,100
2019-06-28 10:03:40.000000000,100696,548,100297,348,100777,348,100185,348,100833,100,100170,100,100888,100,100145,100,101025,100,100099,100,101095,100,100075,100,101105,100,100042,100,101174,100,99987,100,101216,100,99802,100,101228,100,,
2019-06-28 10:03:40.827553193,100696,548,100297,348,100777,348,100185,348,100833,100,100170,100,100888,100,100145,100,101025,100,100099,100,101095,100,100075,100,101105,100,100045,100,101174,100,100042,100,101216,100,99987,100,101228,100,99802,100
2019-06-28 10:03:45.613957234,100696,548,100297,348,100777,348,100185,348,100833,100,100170,100,100888,100,100145,100,101025,100,100099,100,101095,100,100075,100,101105,100,100045,100,101174,100,100042,100,101216,100,99987,100,101228,100,99877,100
2019-06-28 10:03:50.000000000,100696,469,100297,269,100777,264,100185,264,100833,264,100170,264,100888,100,100145,100,101025,100,100099,100,101095,100,100075,100,101105,100,100045,100,101174,100,100042,100,101216,100,99987,100,101228,100,99877,100
2019-06-28 10:03:57.152530857,100696,469,100297,169,100777,264,100185,264,100833,264,100170,264,100888,100,100145,100,101025,100,100099,100,101095,100,100075,100,101105,100,100045,100,101174,100,100042,100,101216,100,99987,100,101228,100,99877,100
2019-06-28 10:03:58.182896517,100696,469,100297,169,100777,264,100185,264,100833,264,100170,264,100888,100,100145,100,101025,100,100099,100,101095,100,100075,100,101105,100,100045,100,101174,100,100042,100,101216,100,99987,100,101228,100,99908,100
2019-06-28 10:04:00.000000000,100696,548,100185,348,100777,348,100170,348,100833,100,100145,100,100888,100,100099,100,101025,100,100075,100,101095,100,100045,100,101105,100,100042,100,101174,100,99987,100,101216,100,99908,100,101228,100,99877,100
2019-06-28 10:04:10.000000000,100696,469,100185,269,100777,264,100170,264,100833,264,100145,264,100888,100,100099,100,101025,100,100075,100,101095,100,100045,100,101105,100,100042,100,101174,100,99987,100,101216,100,99908,100,101228,100,99877,100
2019-06-28 10:04:20.000000000,100696,469,100185,269,100777,264,100170,264,100833,264,100145,264,100888,100,100099,100,101025,100,100075,100,101095,100,100045,100,101105,100,100042,100,101174,100,99987,100,101216,100,99908,100,101228,100,99877,100
2019-06-28 10:04:23.466757350,100696,469,100185,169,100777,264,100170,264,100833,264,100145,264,100888,100,100099,100,101025,100,100075,100,101095,100,100045,100,101105,100,100042,100,101174,100,99987,100,101216,100,99908,100,101228,100,99877,100
2019-06-28 10:04:29.879427109,100696,469,100185,69,100777,264,100170,264,100833,264,100145,264,100888,100,100099,100,101025,100,100075,100,101095,100,100045,100,101105,100,100042,100,101174,100,99987,100,101216,100,99908,100,101228,100,99877,100
2019-06-28 10:04:30.000000000,100696,469,100170,269,100777,264,100145,264,100833,264,100099,264,100888,100,100075,100,101025,100,100045,100,101095,100,100042,100,101105,100,99987,100,101174,100,99908,100,101216,100,99877,100,101228,100,99802,100
2019-06-28 10:04:40.000000000,100696,424,100170,224,100777,224,100145,224,100833,224,100099,224,100888,224,100075,224,101025,100,100045,100,101095,100,100042,100,101105,100,99987,100,101174,100,99908,100,101216,100,99877,100,101228,100,99802,100
2019-06-28 10:04:50.000000000,100696,424,100170,224,100777,224,100145,224,100833,224,100099,224,100888,224,100075,224,101025,100,100045,100,101095,100,100042,100,101105,100,99987,100,101174,100,99908,100,101216,100,99877,100,101228,100,99802,100
2019-06-28 10:05:00.000000000,100696,399,100170,199,100777,199,100145,199,100833,199,100099,199,100888,199,100075,199,101025,199,100045,199,101095,100,100042,100,101105,100,99987,100,101174,100,99908,100,101216,100,99877,100,101228,100,99802,100
2019-06-28 10:05:03.448146030,100696,399,100170,199,100777,199,100145,199,100833,199,100099,199,100888,199,100075,199,101025,199,100045,199,101095,100,100042,100,101105,100,99987,100,101174,100,99908,100,101216,100,99877,100,101330,100,99802,100
2019-06-28 10:05:08.265054190,100696,399,100170,99,100777,199,100145,199,100833,199,100099,199,100888,199,100075,199,101025,99,100045,199,101095,100,100042,100,101105,100,99987,100,101174,100,99908,100,101216,100,99877,100,101330,100,99802,100
2019-06-28 10:05:10.000000000,100696,548,100145,348,100777,348,100099,348,100833,100,100075,100,100888,100,100045,100,101095,100,100042,100,101105,100,99987,100,101174,100,99908,100,101216,100,99877,100,101330,100,99802,100,101560,100,99474,100
2019-06-28 10:05:20.000000000,100696,797,100145,597,100777,100,100099,100,100833,100,100075,100,100888,100,100045,100,101095,100,100042,100,101105,100,99987,100,101174,100,99908,100,101216,100,99877,100,101330,100,99802,100,101560,100,99474,100
2019-06-28 10:05:30.000000000,100696,548,100145,348,100777,348,100099,348,100833,100,100075,100,100888,100,100045,100,101095,100,100042,100,101105,100,99987,100,101174,100,99908,100,101216,100,99877,100,101330,100,99802,100,101560,100,99474,100
2019-06-28 10:05:32.264018861,100696,548,100145,248,100777,348,100099,348,100833,100,100075,100,100888,100,100045,100,101095,100,100042,100,101105,100,99987,100,101174,100,99908,100,101216,100,99877,100,101330,100,99802,100,101560,100,99474,100
2019-06-28 10:05:40.000000000,100696,469,100099,269,100777,264,100075,264,100833,264,100045,264,100888,100,100042,100,101095,100,99987,100,101105,100,99908,100,101174,100,99877,100,101216,100,99802,100,101330,100,99474,100,101560,100,,
2019-06-28 10:05:43.112466092,100696,469,100099,169,100777,264,100075,264,100833,264,100045,264,100888,100,100042,100,101095,100,99987,100,101105,100,99908,100,101174,100,99877,100,101216,100,99802,100,101330,100,99474,100,101560,100,,
2019-06-28 10:05:50.000000000,100696,424,100075,224,100777,224,100045,224,100833,224,100042,224,100888,224,99987,224,101095,100,99908,100,101105,100,99877,100,101174,100,99802,100,101216,100,99474,100,101330,100,,,101560,100,,
2019-06-28 10:06:00.000000000,100696,399,100075,199,100777,199,100045,199,100833,199,100042,199,100888,199,99987,199,101095,199,99908,199,101105,100,99877,100,101174,100,99802,100,101216,100,99474,100,101330,100,,,101560,100,,
2019-06-28 10:06:10.000000000,100696,548,100075,348,100777,348,100045,348,100833,100,100042,100,100888,100,99987,100,101095,100,99908,100,101105,100,99877,100,101174,100,99802,100,101216,100,99474,100,101330,100,,,101560,100,,
