,ask_price_1,ask_size_1,bid_price_1,bid_size_1,ask_price_2,ask_size_2,bid_price_2,bid_size_2,ask_price_3,ask_size_3,bid_price_3,bid_size_3,ask_price_4,ask_size_4,bid_price_4,bid_size_4,ask_price_5,ask_size_5,bid_price_5,bid_size_5,ask_price_6,ask_size_6,bid_price_6,bid_size_6,ask_price_7,ask_size_7,bid_price_7,bid_size_7,ask_price_8,ask_size_8,bid_price_8,bid_size_8,ask_price_9,ask_size_9,bid_price_9,bid_size_9,ask_price_10,ask_size_10,bid_price_10,bid_size_10
2019-06-28 09:30:00.000000000,100052,100,100022,100,100061,100,,,,,,,,,,,,,,,,,,,,,,,,,,,,,,,,,,
2019-06-28 09:30:00.000000004,100041,100,100022,100,100052,100,,,100061,100,,,100094,100,,,,,,,,,,,,,,,,,,,,,,,,,,
2019-06-28 09:30:00.000000005,100041,100,100022,100,100052,100,99899,100,100061,100,,,100094,100,,,,,,,,,,,,,,,,,,,,,,,,,,
2019-06-28 09:30:00.000000006,100041,100,100022,100,100052,100,99899,100,100061,100,99879,100,100094,100,,,,,,,,,,,,,,,,,,,,,,,,,,
2019-06-28 09:30:00.000000007,100041,100,100022,100,100052,100,99940,100,100061,100,99899,100,100094,100,99879,100,,,,,,,,,,,,,,,,,,,,,,,,
2019-06-28 09:30:00.000000009,100041,100,100022,100,100052,100,99940,100,100061,100,99899,100,100075,100,99879,100,100094,100,,,,,,,,,,,,,,,,,,,,,,
2019-06-28 09:30:00.000000010,100052,100,100022,100,100061,100,99940,100,100075,100,99919,100,100094,100,99899,100,,,99879,100,,,,,,,,,,,,,,,,,,,,
2019-06-28 09:30:00.000000011,100052,100,99940,100,100061,100,99919,100,100075,100,99899,100,100091,100,99879,100,100094,100,,,,,,,,,,,,,,,,,,,,,,
2019-06-28 09:30:00.000000012,100052,100,99940,100,100061,100,99919,100,100075,100,99899,100,100078,100,99879,100,100091,100,,,100094,100,,,,,,,,,,,,,,,,,,
2019-06-28 09:30:00.000000015,100052,100,99940,100,100061,100,99919,100,100075,100,99899,100,100078,100,99882,100,100091,100,99879,100,100094,100,,,,,,,,,,,,,,,,,,
2019-06-28 09:30:00.000000017,100052,100,99940,100,100061,100,99919,100,100075,100,99899,100,100078,100,99882,100,100090,100,99879,100,100091,100,,,100094,100,,,,,,,,,,,,,,
2019-06-28 09:30:00.000000020,99974,100,99940,100,100036,100,99919,100,100052,100,99899,100,100061,100,99882,100,100075,100,99879,100,100078,100,,,100090,100,,,100091,100,,,100094,100,,,,,,
2019-06-28 09:30:00.000000021,100036,100,99940,100,100052,100,99919,100,100061,100,99899,100,100075,100,99882,100,100078,100,99879,100,100090,100,,,100091,100,,,100094,100,,,,,,,,,,
2019-06-28 09:30:00.000000022,100036,100,99989,100,100052,100,99940,100,100061,100,99919,100,100075,100,99899,100,100078,100,99882,100,100090,100,99879,100,100091,100,,,100094,100,,,,,,,,,,
2019-06-28 09:30:00.000000028,100022,100,99989,100,100030,100,99940,100,100036,100,99919,100,100052,100,99899,100,100061,100,99882,100,100075,100,99879,100,100078,100,,,100090,100,,,100091,100,,,100094,100,,
2019-06-28 09:30:00.000000029,100030,100,100002,100,100036,100,99989,100,100052,100,99940,100,100061,100,99919,100,100075,100,99899,100,100078,100,99882,100,100090,100,99879,100,100091,100,,,100094,100,,,,,,
2019-06-28 09:30:00.000000030,100030,100,100002,100,100036,100,99989,100,100041,100,99940,100,100052,100,99919,100,100061,100,99899,100,100075,100,99882,100,100078,100,99879,100,100090,100,,,100091,100,,,100094,100,,
2019-06-28 09:30:00.000000031,100022,100,100002,100,100030,100,99989,100,100036,100,99940,100,100041,100,99919,100,100052,100,99899,100,100061,100,99882,100,100075,100,99879,100,100078,100,,,100090,100,,,100091,100,,
2019-06-28 09:30:00.000000036,100022,100,100002,100,100030,100,99989,100,100036,100,99940,100,100041,100,99919,100,100052,100,99899,100,100061,100,99882,100,100075,100,99879,100,100078,100,,,100090,100,,,100091,100,,
2019-06-28 09:30:00.000000038,100022,200,100002,100,100030,100,99989,100,100036,100,99940,100,100041,100,99919,100,100052,100,99899,100,100061,100,99882,100,100075,100,99879,100,100078,100,,,100090,100,,,100091,100,,
2019-06-28 09:30:00.000000040,100022,300,100002,100,100030,100,99989,100,100036,100,99940,100,100041,100,99919,100,100052,100,99899,100,100061,100,99882,100,100075,100,99879,100,100078,100,,,100090,100,,,100091,100,,
2019-06-28 09:30:00.000000043,100022,300,100002,100,100030,100,99989,100,100036,100,99940,100,100041,100,99919,100,100052,100,99899,100,100061,100,99882,100,100075,100,99879,100,100078,100,,,100090,100,,,100091,100,,
2019-06-28 09:30:00.000000045,100022,300,100002,100,100030,100,99990,100,100036,100,99989,100,100041,100,99940,100,100052,100,99919,100,100061,100,99899,100,100075,100,99882,100,100078,100,99879,100,100090,100,,,100091,100,,
2019-06-28 09:30:00.000000047,100022,400,100002,100,100030,100,99990,200,100036,100,99989,100,100041,100,99940,100,100052,100,99919,100,100061,100,99899,100,100075,100,99882,100,100078,100,99879,100,100090,100,,,100091,100,,
2019-06-28 09:30:00.000000049,100022,400,100002,100,100030,100,99990,200,100036,100,99989,100,100041,100,99940,100,100052,100,99919,100,100061,100,99899,100,100075,100,99882,100,100078,100,99879,100,100090,100,99811,100,100091,100,,
2019-06-28 09:30:00.000000050,100022,400,100002,100,100030,100,99990,200,100036,100,99989,100,100041,100,99940,100,100052,100,99919,100,100061,100,99899,100,100075,100,99882,100,100078,100,99879,100,100090,100,99811,100,100091,100,,
2019-06-28 09:30:00.000000053,100022,400,99990,200,100030,100,99989,100,100036,100,99940,100,100041,100,99919,100,100052,100,99899,100,100061,100,99882,100,100075,100,99879,100,100078,100,99811,100,100090,100,,,100091,100,,
2019-06-28 09:30:00.000000061,100022,400,99990,200,100030,100,99989,100,100036,100,99940,100,100041,100,99919,100,100052,100,99899,100,100061,100,99882,100,100075,100,99879,100,100078,100,99811,100,100083,100,,,100090,100,,
2019-06-28 09:30:00.000000063,100022,400,99990,200,100030,100,99989,100,100036,100,99940,100,100041,100,99919,100,100052,100,99899,100,100061,100,99882,100,100075,100,99879,100,100078,100,99811,100,100083,100,,,100089,100,,
2019-06-28 09:30:00.000000065,100021,100,99990,200,100022,400,99989,100,100030,100,99940,100,100036,100,99919,100,100041,100,99899,100,100052,100,99882,100,100061,100,99879,100,100075,100,99811,200,100078,100,,,100083,100,,
2019-06-28 09:30:00.000000066,100021,100,99990,200,100022,400,99989,100,100030,100,99940,100,100036,100,99919,100,100041,100,99899,100,100052,100,99894,100,100061,100,99882,100,100075,100,99879,100,100078,100,99811,200,100083,100,,
2019-06-28 09:30:00.000000070,100021,100,99990,200,100022,400,99989,100,100030,100,99940,100,100036,100,99919,100,100041,100,99911,100,100052,100,99899,100,100061,100,99894,100,100075,100,99882,100,100078,100,99879,100,100083,100,99811,200
2019-06-28 09:30:00.000000072,100021,100,99990,200,100022,400,99989,100,100030,100,99940,100,100036,100,99922,100,100041,100,99919,100,100052,100,99911,100,100061,100,99899,100,100075,100,99894,100,100078,100,99882,100,100083,100,99879,100
2019-06-28 09:30:00.000000074,100021,100,100002,100,100022,400,99990,200,100030,100,99989,100,100036,100,99940,100,100041,100,99922,100,100052,100,99919,100,100061,100,99911,100,100075,100,99899,100,100078,100,99894,100,100083,100,99882,100
2019-06-28 09:30:00.000000076,100021,100,99990,200,100022,400,99989,100,100030,100,99940,100,100036,100,99922,100,100041,100,99919,100,100052,100,99911,100,100061,100,99899,100,100075,100,99894,100,100078,100,99882,100,100083,100,99879,100
2019-06-28 09:30:00.000000079,100021,100,99990,200,100022,400,99989,100,100030,100,99940,100,100036,100,99922,100,100041,100,99919,100,100052,100,99911,100,100061,100,99899,100,100075,100,99894,100,100078,100,99882,100,100083,100,99879,100
2019-06-28 09:30:00.000000081,100021,100,99990,200,100022,400,99989,100,100030,100,99940,100,100032,100,99922,100,100036,100,99919,100,100041,100,99911,100,100052,100,99899,100,100061,100,99894,100,100075,100,99882,100,100078,100,99879,100
2019-06-28 09:30:00.000000082,100021,100,99990,200,100022,400,99989,100,100030,100,99940,100,100032,100,99922,100,100036,100,99919,100,100041,100,99911,100,100052,100,99899,100,100061,100,99894,100,100075,100,99882,100,100078,100,99879,100
2019-06-28 09:30:00.000000083,100018,100,99990,200,100021,100,99989,100,100022,400,99940,100,100030,100,99922,100,100032,100,99919,100,100036,100,99911,100,100041,100,99899,100,100052,100,99894,100,100061,100,99882,100,100075,100,99879,100
2019-06-28 09:30:00.000000086,100018,100,99990,200,100021,100,99989,100,100022,400,99940,100,100030,100,99922,100,100032,100,99919,100,100036,100,99911,100,100041,100,99901,100,100052,100,99899,100,100061,100,99894,100,100075,100,99882,100
2019-06-28 09:30:00.000000087,100018,100,99990,200,100021,100,99989,100,100022,400,99940,100,100030,100,99922,100,100032,100,99919,100,100036,100,99911,100,100041,100,99901,100,100052,100,99899,100,100061,100,99894,100,100075,100,99882,100
2019-06-28 09:30:00.000000088,100018,100,99990,200,100021,100,99989,100,100022,400,99940,100,100030,100,99922,100,100032,100,99919,100,100036,100,99911,100,100041,100,99901,100,100052,100,99899,100,100061,100,99894,100,100075,100,99882,100
2019-06-28 09:30:00.000000090,100018,100,99990,200,100021,100,99989,100,100022,400,99940,100,100030,100,99922,100,100032,100,99919,100,100036,100,99911,100,100041,100,99901,100,100052,100,99899,100,100057,100,99894,100,100061,100,99882,100
2019-06-28 09:30:00.000000091,100018,100,99990,200,100021,100,99989,100,100022,400,99940,100,100030,100,99922,100,100032,100,99919,100,100036,100,99911,100,100041,100,99901,100,100052,100,99899,100,100057,100,99894,100,100061,100,99882,100
2019-06-28 09:30:00.000000092,100018,100,99995,100,100021,100,99990,200,100022,400,99989,100,100030,100,99940,100,100032,100,99922,100,100036,100,99919,100,100041,100,99911,100,100052,100,99901,100,100057,100,99899,100,100061,100,99894,100
2019-06-28 09:30:00.000000093,99997,100,99995,100,100002,100,99990,200,100018,100,99989,100,100021,100,99940,100,100022,400,99922,100,100030,100,99919,100,100032,100,99911,100,100036,100,99901,100,100041,100,99899,100,100052,100,99894,100
2019-06-28 09:30:00.000000096,100002,100,99995,100,100018,100,99990,200,100021,100,99989,100,100022,400,99940,100,100030,100,99922,100,100032,100,99919,100,100036,100,99911,100,100041,100,99901,100,100052,100,99899,100,100057,100,99894,100
2019-06-28 09:30:00.000000099,100002,100,99995,100,100018,100,99990,200,100021,100,99989,100,100022,400,99940,100,100030,100,99922,100,100032,100,99919,100,100036,100,99914,100,100041,100,99911,100,100052,100,99901,100,100057,100,99899,100
2019-06-28 09:30:10.000000000,100002,192,99995,192,100018,189,99990,289,100021,189,99989,189,100022,400,99940,100,100030,100,99922,100,100032,100,99919,100,100036,100,99914,100,100041,100,99911,100,100052,100,99901,100,100057,100,99899,100
2019-06-28 09:30:20.000000000,100002,371,99995,371,100018,100,99990,200,100021,100,99989,100,100022,400,99940,100,100030,100,99922,100,100032,100,99919,100,100036,100,99914,100,100041,100,99911,100,100052,100,99901,100,100057,100,99899,100
2019-06-28 09:30:20.615790605,100002,271,99995,371,100018,100,99990,200,100021,100,99989,100,100022,400,99940,100,100030,100,99922,100,100032,100,99919,100,100036,100,99914,100,100041,100,99911,100,100052,100,99899,100,100057,100,99894,100
2019-06-28 09:30:30.000000000,100018,168,99995,168,100021,168,99990,268,100022,468,99989,168,100030,168,99940,168,100032,100,99922,100,100036,100,99919,100,100041,100,99914,100,100052,100,99911,100,100057,100,99899,100,100061,100,99894,100
2019-06-28 09:30:40.000000000,100018,192,99995,192,100021,189,99990,289,100022,489,99989,189,100030,100,99940,100,100032,100,99922,100,100036,100,99919,100,100041,100,99914,100,100052,100,99911,100,100057,100,99899,100,100061,100,99894,100
2019-06-28 09:30:50.000000000,100018,371,99995,371,100021,100,99990,200,100022,400,99989,100,100030,100,99940,100,100032,100,99922,100,100036,100,99919,100,100041,100,99914,100,100052,100,99911,100,100057,100,99899,100,100061,100,99894,100
2019-06-28 09:31:00.000000000,100018,154,99995,154,100021,154,99990,254,100022,454,99989,154,100030,154,99940,154,100032,154,99922,154,100036,100,99919,100,100041,100,99914,100,100052,100,99911,100,100057,100,99899,100,100061,100,99894,100
2019-06-28 09:31:01.606104381,100018,54,99995,154,100021,154,99990,254,100022,454,99989,154,100030,154,99940,154,100032,154,99922,54,100036,100,99919,100,100041,100,99914,100,100052,100,99911,100,100057,100,99899,100,100061,100,99894,100
2019-06-28 09:31:06.203156346,100021,154,100018,46,100022,454,99995,154,100030,154,99990,254,100032,154,99989,154,100036,100,99940,154,100041,100,99922,54,100052,100,99919,100,100057,100,99914,100,100061,100,99911,100,100075,100,99899,100
2019-06-28 09:31:10.000000000,100021,236,100018,182,100022,536,99995,236,100030,100,99990,200,100032,100,99989,100,100036,100,99940,100,100041,100,99919,100,100052,100,99914,100,100057,100,99911,100,100061,100,99899,100,100075,100,99894,100
2019-06-28 09:31:20.000000000,100021,236,100018,182,100022,536,99995,236,100030,100,99990,200,100032,100,99989,100,100036,100,99940,100,100041,100,99919,100,100052,100,99914,100,100057,100,99911,100,100061,100,99899,100,100075,100,99894,100
2019-06-28 09:31:30.000000000,100021,236,100018,182,100022,536,99995,236,100030,100,99990,200,100032,100,99989,100,100036,100,99940,100,100041,100,99919,100,100052,100,99914,100,100057,100,99911,100,100061,100,99899,100,100075,100,99894,100
2019-06-28 09:31:40.000000000,100021,371,100018,317,100022,400,99995,100,100030,100,99990,200,100032,100,99989,100,100036,100,99940,100,100041,100,99919,100,100052,100,99914,100,100057,100,99911,100,100061,100,99899,100,100075,100,99894,100
2019-06-28 09:31:48.982275823,100021,371,100018,317,100022,400,99995,100,100030,100,99990,200,100032,100,99989,100,100036,100,99940,100,100041,100,99919,100,100052,100,99914,100,100057,100,99911,100,100061,100,99899,100,100075,100,99894,100
2019-06-28 09:31:50.000000000,100021,192,100018,138,100022,489,99995,189,100030,189,99990,289,100032,100,99989,100,100036,100,99940,100,100041,100,99919,100,100052,100,99914,100,100057,100,99911,100,100061,100,99899,100,100075,100,99894,100
2019-06-28 09:31:50.110411684,100021,192,100018,138,100022,489,99995,189,100030,189,99990,289,100032,100,99989,100,100036,100,99940,100,100041,100,99936,100,100052,100,99919,100,100057,100,99914,100,100061,100,99911,100,100075,100,99899,100
2019-06-28 09:32:00.000000000,100021,192,100018,138,100022,489,99995,189,100030,189,99990,289,100032,100,99989,100,100036,100,99940,100,100041,100,99936,100,100052,100,99919,100,100057,100,99914,100,100061,100,99911,100,100075,100,99899,100
2019-06-28 09:32:10.000000000,100021,168,100018,114,100022,468,99995,168,100030,168,99990,268,100032,168,99989,168,100036,100,99940,100,100041,100,99936,100,100052,100,99919,100,100057,100,99914,100,100061,100,99911,100,100075,100,99899,100
2019-06-28 09:32:20.000000000,100021,192,100018,138,100022,489,99995,189,100030,189,99990,289,100032,100,99989,100,100036,100,99940,100,100041,100,99936,100,100052,100,99919,100,100057,100,99914,100,100061,100,99911,100,100075,100,99899,100
2019-06-28 09:32:24.452482151,100021,192,100018,38,100022,489,99995,189,100030,189,99990,289,100032,100,99989,100,100036,100,99940,100,100041,100,99936,100,100052,100,99919,100,100057,100,99914,100,100061,100,99911,100,100075,100,99899,100
2019-06-28 09:32:30.000000000,100021,236,99995,236,100022,536,99990,336,100030,100,99989,100,100032,100,99940,100,100036,100,99936,100,100041,100,99919,100,100052,100,99914,100,100057,100,99911,100,100061,100,99899,100,100075,100,99894,100
2019-06-28 09:32:37.308816308,100021,236,99995,236,100022,536,99990,336,100030,100,99989,100,100032,100,99940,100,100036,100,99936,100,100041,100,99919,100,100052,100,99914,100,100057,100,99911,100,100061,100,99899,100,100075,100,99894,100
2019-06-28 09:32:40.000000000,100021,371,99995,371,100022,400,99990,200,100030,100,99989,100,100032,100,99940,100,100036,100,99936,100,100041,100,99919,100,100052,100,99914,100,100057,100,99911,100,100061,100,99899,100,100075,100,99894,100
2019-06-28 09:32:43.769120318,100021,371,99995,271,100022,400,99990,200,100030,100,99989,100,100032,100,99940,100,100036,100,99936,100,100041,100,99914,100,100052,100,99911,100,100057,100,99899,100,100061,100,99894,100,100075,100,99882,100
2019-06-28 09:32:50.000000000,100021,371,99990,471,100022,400,99989,100,100030,100,99940,100,100032,100,99936,100,100036,100,99914,100,100041,100,99911,100,100052,100,99899,100,100057,100,99894,100,100061,100,99882,100,100075,100,99879,100
2019-06-28 09:33:00.000000000,100021,154,99990,254,100022,454,99989,154,100030,154,99940,154,100032,154,99936,154,100036,154,99914,154,100041,100,99911,100,100052,100,99899,100,100057,100,99894,100,100061,100,99882,100,100075,100,99879,100
2019-06-28 09:33:01.857404555,100021,154,99990,154,100022,454,99989,154,100030,154,99940,154,100032,154,99936,154,100036,154,99914,54,100041,100,99911,100,100052,100,99899,100,100057,100,99894,100,100061,100,99882,100,100075,100,99879,100
2019-06-28 09:33:06.198976769,100021,154,99990,154,100022,454,99989,154,100030,154,99940,154,100032,154,99936,154,100036,154,99914,54,100041,100,99911,100,100052,100,99899,100,100057,100,99894,100,100061,100,99882,100,100075,100,99879,100
2019-06-28 09:33:10.000000000,100021,168,99990,168,100022,468,99989,168,100030,168,99940,168,100032,168,99936,168,100036,100,99911,100,100041,100,99899,100,100052,100,99894,100,100057,100,99882,100,100061,100,99879,100,100075,100,99811,200
2019-06-28 09:33:17.775115784,100021,168,99990,168,100022,368,99989,168,100030,168,99940,168,100032,168,99936,168,100036,100,99911,100,100041,100,99899,100,100052,100,99894,100,100057,100,99882,100,100061,100,99879,100,100075,100,99811,200
2019-06-28 09:33:20.000000000,100021,371,99990,371,100022,300,99989,100,100030,100,99940,100,100032,100,99936,100,100036,100,99911,100,100041,100,99899,100,100052,100,99894,100,100057,100,99882,100,100061,100,99879,100,100075,100,99811,200
2019-06-28 09:33:22.713815835,100021,371,99990,371,100022,300,99989,100,100030,100,99940,100,100032,100,99936,100,100036,100,99920,100,100041,100,99911,100,100052,100,99899,100,100057,100,99894,100,100061,100,99882,100,100075,100,99879,100
2019-06-28 09:33:25.994709364,100021,371,99990,371,100022,300,99989,100,100030,100,99940,100,100032,100,99936,100,100036,100,99920,100,100041,100,99911,100,100057,100,99899,100,100061,100,99894,100,100075,100,99882,100,100078,100,99879,100
2019-06-28 09:33:30.000000000,100021,168,99990,168,100022,368,99989,168,100030,168,99940,168,100032,168,99936,168,100036,100,99920,100,100041,100,99911,100,100057,100,99899,100,100061,100,99894,100,100075,100,99882,100,100078,100,99879,100
2019-06-28 09:33:37.938023175,100021,168,99996,100,100022,368,99990,168,100030,168,99989,168,100032,168,99940,168,100036,100,99936,168,100041,100,99920,100,100057,100,99911,100,100061,100,99899,100,100075,100,99894,100,100078,100,99882,100
2019-06-28 09:33:40.000000000,100021,236,99996,236,100022,436,99990,236,100030,100,99989,100,100032,100,99940,100,100036,100,99936,100,100041,100,99920,100,100057,100,99911,100,100061,100,99899,100,100075,100,99894,100,100078,100,99882,100
2019-06-28 09:33:46.685763231,100021,236,99996,236,100022,436,99990,236,100030,100,99989,100,100036,100,99940,100,100041,100,99936,100,100057,100,99920,100,100061,100,99911,100,100075,100,99899,100,100078,100,99894,100,100080,100,99882,100
2019-06-28 09:33:50.000000000,100021,154,99996,154,100022,354,99990,154,100030,154,99989,154,100036,154,99940,154,100041,154,99936,154,100057,100,99920,100,100061,100,99911,100,100075,100,99899,100,100078,100,99894,100,100080,100,99882,100
2019-06-28 09:33:55.316768121,100021,154,99996,154,100022,354,99990,154,100030,154,99989,54,100036,154,99968,100,100041,154,99940,154,100057,100,99936,154,100061,100,99920,100,100075,100,99911,100,100078,100,99899,100,100080,100,99894,100
2019-06-28 09:34:00.000000000,100021,154,99996,154,100022,354,99990,154,100030,154,99968,154,100036,154,99940,154,100041,154,99936,154,100057,100,99920,100,100061,100,99911,100,100075,100,99899,100,100078,100,99894,100,100080,100,99882,100
2019-06-28 09:34:03.009699243,100021,154,99996,54,100022,254,99990,154,100030,154,99968,154,100036,154,99940,154,100041,154,99936,154,100057,100,99920,100,100061,100,99911,100,100075,100,99899,100,100078,100,99894,100,100080,100,99882,100
2019-06-28 09:34:10.000000000,100021,154,99990,154,100022,254,99968,154,100030,154,99940,154,100036,154,99936,154,100041,154,99920,154,100057,100,99911,100,100061,100,99899,100,100075,100,99894,100,100078,100,99882,100,100080,100,99879,100
2019-06-28 09:34:13.120865023,100021,154,99990,154,100022,254,99968,154,100030,154,99940,54,100036,154,99936,154,100041,154,99920,154,100057,100,99918,100,100061,100,99911,100,100075,100,99899,100,100078,100,99894,100,100080,100,99882,100
2019-06-28 09:34:20.000000000,100021,192,99990,192,100022,289,99968,189,100030,189,99936,189,100036,100,99920,100,100041,100,99918,100,100057,100,99911,100,100061,100,99899,100,100075,100,99894,100,100078,100,99882,100,100080,100,99879,100
2019-06-28 09:34:25.826558191,100021,192,99990,192,100022,289,99968,189,100030,189,99936,189,100036,100,99920,100,100041,100,99918,100,100057,100,99911,100,100061,100,99899,100,100075,100,99894,100,100078,100,99882,100,100080,100,99879,100
2019-06-28 09:34:26.584357873,100009,100,99990,192,100021,192,99968,189,100022,289,99936,189,100030,189,99920,100,100036,100,99918,100,100041,100,99911,100,100057,100,99899,100,100061,100,99894,100,100075,100,99882,100,100078,100,99879,100
2019-06-28 09:34:26.803664428,100009,100,99997,100,100021,192,99990,192,100022,289,99968,189,100030,189,99936,189,100036,100,99920,100,100041,100,99918,100,100057,100,99911,100,100061,100,99899,100,100075,100,99894,100,100078,100,99882,100
2019-06-28 09:34:30.000000000,100009,168,99997,168,100021,168,99990,168,100022,268,99968,168,100030,168,99936,168,100036,100,99920,100,100041,100,99918,100,100057,100,99911,100,100061,100,99899,100,100075,100,99894,100,100078,100,99882,100
2019-06-28 09:34:35.331666643,100009,168,99997,268,100021,168,99990,168,100022,268,99968,168,100030,168,99936,168,100036,100,99920,100,100041,100,99918,100,100057,100,99911,100,100061,100,99899,100,100075,100,99894,100,100078,100,99882,100
2019-06-28 09:34:40.000000000,100009,154,99997,254,100021,154,99990,154,100022,254,99968,154,100030,154,99936,154,100036,154,99920,154,100041,100,99918,100,100057,100,99911,100,100061,100,99899,100,100075,100,99894,100,100078,100,99882,100
2019-06-28 09:34:41.733294244,100009,54,99997,254,100021,154,99990,154,100022,254,99968,154,100030,154,99936,154,100036,154,99920,154,100041,100,99918,100,100057,100,99911,100,100061,100,99899,100,100075,100,99894,100,100078,100,99882,100
2019-06-28 09:34:50.000000000,100021,192,99997,292,100022,289,99990,189,100030,189,99968,189,100036,100,99936,100,100041,100,99920,100,100057,100,99918,100,100061,100,99911,100,100075,100,99899,100,100078,100,99894,100,100080,100,99882,100
2019-06-28 09:34:59.603077172,100021,192,99998,100,100022,289,99997,292,100030,189,99990,189,100036,100,99968,189,100041,100,99936,100,100057,100,99920,100,100061,100,99918,100,100075,100,99911,100,100078,100,99899,100,100080,100,99894,100
2019-06-28 09:35:00.000000000,100021,236,99998,236,100022,336,99997,336,100030,100,99990,100,100036,100,99968,100,100041,100,99936,100,100057,100,99920,100,100061,100,99918,100,100075,100,99911,100,100078,100,99899,100,100080,100,99894,100
2019-06-28 09:35:08.501071042,100021,136,99998,236,100022,336,99997,336,100030,100,99990,100,100036,100,99968,100,100041,100,99936,100,100057,100,99920,100,100061,100,99918,100,100075,100,99911,100,100078,100,99899,100,100080,100,99894,100
2019-06-28 09:35:08.657046195,100021,36,99998,236,100022,336,99997,336,100030,100,99990,100,100036,100,99968,100,100041,100,99936,100,100057,100,99920,100,100061,100,99918,100,100075,100,99911,100,100078,100,99899,100,100080,100,99894,100
2019-06-28 09:35:10.000000000,100022,336,99998,236,100030,236,99997,336,100036,100,99990,100,100041,100,99968,100,100057,100,99936,100,100061,100,99920,100,100075,100,99918,100,100078,100,99911,100,100080,100,99899,100,100083,100,99894,100
2019-06-28 09:35:13.598722450,100022,336,99998,236,100030,236,99997,336,100036,100,99990,100,100041,100,99968,100,100057,100,99936,100,100061,100,99920,100,100075,100,99918,100,100078,100,99911,100,100080,100,99899,100,100083,100,99894,100
2019-06-28 09:35:20.000000000,100022,471,99998,371,100030,100,99997,200,100036,100,99990,100,100041,100,99968,100,100057,100,99936,100,100061,100,99920,100,100075,100,99918,100,100078,100,99911,100,100080,100,99899,100,100083,100,99894,100
2019-06-28 09:35:30.000000000,100022,268,99998,168,100030,168,99997,268,100036,168,99990,168,100041,168,99968,168,100057,100,99936,100,100061,100,99920,100,100075,100,99918,100,100078,100,99911,100,100080,100,99899,100,100083,100,99894,100
2019-06-28 09:35:40.000000000,100022,471,99998,371,100030,100,99997,200,100036,100,99990,100,100041,100,99968,100,100057,100,99936,100,100061,100,99920,100,100075,100,99918,100,100078,100,99911,100,100080,100,99899,100,100083,100,99894,100
2019-06-28 09:35:50.000000000,100022,292,99998,192,100030,189,99997,289,100036,189,99990,189,100041,100,99968,100,100057,100,99936,100,100061,100,99920,100,100075,100,99918,100,100078,100,99911,100,100080,100,99899,100,100083,100,99894,100
2019-06-28 09:35:52.202765657,100022,192,99998,192,100030,189,99997,289,100036,189,99990,189,100041,100,99968,100,100057,100,99920,100,100061,100,99918,100,100075,100,99911,100,100078,100,99899,100,100080,100,99894,100,100083,100,99882,100
2019-06-28 09:35:54.224299222,100022,192,99998,192,100030,189,99997,289,100036,189,99990,189,100041,100,99920,100,100057,100,99918,100,100061,100,99911,100,100075,100,99899,100,100078,100,99894,100,100080,100,99882,100,100083,100,99879,100
2019-06-28 09:36:00.000000000,100022,168,99998,168,100030,168,99997,268,100036,168,99990,168,100041,168,99920,168,100057,100,99918,100,100061,100,99911,100,100075,100,99899,100,100078,100,99894,100,100080,100,99882,100,100083,100,99879,100
2019-06-28 09:36:04.636771204,100022,168,99998,168,100030,168,99997,268,100036,168,99990,168,100041,168,99920,168,100057,100,99918,100,100061,100,99911,100,100075,100,99899,100,100078,100,99894,100,100080,100,99882,100,100083,100,99879,100
2019-06-28 09:36:10.000000000,100022,168,99998,168,100030,168,99997,268,100036,168,99990,168,100041,168,99920,168,100057,100,99918,100,100061,100,99911,100,100075,100,99899,100,100078,100,99894,100,100080,100,99882,100,100083,100,99879,100
2019-06-28 09:36:20.000000000,100022,192,99998,192,100030,189,99997,289,100036,189,99990,189,100041,100,99920,100,100057,100,99918,100,100061,100,99911,100,100075,100,99899,100,100078,100,99894,100,100080,100,99882,100,100083,100,99879,100
2019-06-28 09:36:30.000000000,100022,154,99998,154,100030,154,99997,254,100036,154,99990,154,100041,154,99920,154,100057,154,99918,154,100061,100,99911,100,100075,100,99899,100,100078,100,99894,100,100080,100,99882,100,100083,100,99879,100
2019-06-28 09:36:39.695204127,100022,154,99998,154,100030,154,99997,254,100036,154,99990,154,100041,154,99920,154,100057,154,99918,154,100061,100,99911,100,100075,100,99899,100,100078,100,99894,100,100080,100,99882,100,100083,100,99879,100
2019-06-28 09:36:40.000000000,100022,192,99998,192,100030,189,99997,289,100036,189,99990,189,100041,100,99920,100,100057,100,99918,100,100061,100,99911,100,100075,100,99899,100,100078,100,99894,100,100080,100,99882,100,100083,100,99879,100
2019-06-28 09:36:42.766523970,100022,192,99998,192,100030,189,99997,289,100036,189,99990,189,100041,100,99920,100,100057,100,99918,100,100061,100,99911,100,100075,100,99899,100,100078,100,99894,100,100080,100,99882,100,100083,100,99879,100
2019-06-28 09:36:49.422244504,100022,92,99998,192,100030,189,99997,289,100036,189,99990,189,100041,100,99920,100,100057,100,99918,100,100061,100,99911,100,100075,100,99899,100,100078,100,99894,100,100080,100,99882,100,100083,100,99879,100
2019-06-28 09:36:50.000000000,100030,154,99998,154,100036,154,99997,254,100041,154,99990,154,100057,154,99920,154,100061,154,99918,154,100075,100,99911,100,100078,100,99899,100,100080,100,99894,100,100083,100,99882,100,100089,100,99879,100
2019-06-28 09:37:00.000000000,100030,154,99998,154,100036,154,99997,254,100041,154,99990,154,100057,154,99920,154,100061,154,99918,154,100075,100,99911,100,100078,100,99899,100,100080,100,99894,100,100083,100,99882,100,100089,100,99879,100
2019-06-28 09:37:10.000000000,100030,236,99998,236,100036,236,99997,336,100041,100,99990,100,100057,100,99920,100,100061,100,99918,100,100075,100,99911,100,100078,100,99899,100,100080,100,99894,100,100083,100,99882,100,100089,100,99879,100
2019-06-28 09:37:17.448877969,100030,236,99998,236,100036,236,99997,336,100041,100,99990,100,100057,100,99920,100,100061,100,99918,100,100075,100,99911,100,100078,100,99899,100,100080,100,99894,100,100083,100,99882,100,100089,100,99879,100
2019-06-28 09:37:20.000000000,100030,154,99998,154,100036,154,99997,254,100041,154,99990,154,100057,154,99920,154,100061,154,99918,154,100075,100,99911,100,100078,100,99899,100,100080,100,99894,100,100083,100,99882,100,100089,100,99879,100
2019-06-28 09:37:27.871117119,100021,100,99998,154,100030,154,99997,254,100036,154,99990,154,100041,154,99920,154,100057,154,99918,154,100061,154,99911,100,100075,100,99899,100,100078,100,99894,100,100080,100,99882,100,100083,100,99879,100
2019-06-28 09:37:27.997384606,100021,200,99998,154,100030,154,99997,254,100036,154,99990,154,100041,154,99920,154,100057,154,99918,154,100061,154,99911,100,100075,100,99899,100,100078,100,99894,100,100080,100,99882,100,100083,100,99879,100
2019-06-28 09:37:30.000000000,100021,254,99998,154,100030,154,99997,254,100036,154,99990,154,100041,154,99920,154,100057,154,99918,154,100061,100,99911,100,100075,100,99899,100,100078,100,99894,100,100080,100,99882,100,100083,100,99879,100
2019-06-28 09:37:36.052844231,100021,254,99998,54,100030,154,99997,254,100036,154,99990,154,100041,154,99920,154,100057,154,99918,154,100061,100,99911,100,100075,100,99899,100,100078,100,99894,100,100080,100,99882,100,100083,100,99879,100
2019-06-28 09:37:40.000000000,100021,254,99997,254,100030,154,99990,154,100036,154,99920,154,100041,154,99918,154,100057,154,99911,154,100061,100,99899,100,100075,100,99894,100,100078,100,99882,100,100080,100,99879,100,100083,100,99822,100
2019-06-28 09:37:50.000000000,100021,292,99997,292,100030,189,99990,189,100036,189,99920,189,100041,100,99918,100,100057,100,99911,100,100061,100,99899,100,100075,100,99894,100,100078,100,99882,100,100080,100,99879,100,100083,100,99822,100
2019-06-28 09:37:51.315371186,100021,292,99997,292,100030,189,99990,189,100036,189,99920,189,100041,100,99918,100,100057,100,99911,100,100061,100,99903,100,100075,100,99899,100,100078,100,99894,100,100080,100,99882,100,100083,100,99879,100
2019-06-28 09:38:00.000000000,100021,268,99997,268,100030,168,99990,168,100036,168,99920,168,100041,168,99918,168,100057,100,99911,100,100061,100,99903,100,100075,100,99899,100,100078,100,99894,100,100080,100,99882,100,100083,100,99879,100
2019-06-28 09:38:02.963736476,100020,100,99997,268,100021,268,99990,168,100030,168,99920,168,100036,168,99918,168,100041,168,99911,100,100057,100,99903,100,100061,100,99899,100,100075,100,99894,100,100078,100,99882,100,100080,100,99879,100
2019-06-28 09:38:03.230387799,100020,100,99997,268,100021,268,99990,168,100030,168,99970,100,100036,168,99920,168,100041,168,99918,168,100057,100,99911,100,100061,100,99903,100,100078,100,99899,100,100080,100,99894,100,100083,100,99882,100
2019-06-28 09:38:10.000000000,100020,236,99997,336,100021,336,99990,236,100030,100,99970,100,100036,100,99920,100,100041,100,99918,100,100057,100,99911,100,100061,100,99903,100,100078,100,99899,100,100080,100,99894,100,100083,100,99882,100
2019-06-28 09:38:18.711147593,100020,236,99997,236,100021,336,99990,236,100030,100,99920,100,100036,100,99918,100,100041,100,99911,100,100057,100,99903,100,100061,100,99899,100,100078,100,99894,100,100080,100,99882,100,100083,100,99879,100
2019-06-28 09:38:20.000000000,100020,168,99997,168,100021,268,99990,168,100030,168,99920,168,100036,168,99918,168,100041,100,99911,100,100057,100,99903,100,100061,100,99899,100,100078,100,99894,100,100080,100,99882,100,100083,100,99879,100
2019-06-28 09:38:30.000000000,100020,371,99997,371,100021,200,99990,100,100030,100,99920,100,100036,100,99918,100,100041,100,99911,100,100057,100,99903,100,100061,100,99899,100,100078,100,99894,100,100080,100,99882,100,100083,100,99879,100
2019-06-28 09:38:32.563330364,100020,371,99997,371,100021,200,99990,100,100030,100,99920,100,100036,100,99918,100,100041,100,99911,100,100057,100,99903,100,100061,100,99899,100,100078,100,99894,100,100080,100,99882,100,100083,100,99879,100
2019-06-28 09:38:40.000000000,100020,371,99997,371,100021,200,99990,100,100030,100,99920,100,100036,100,99918,100,100041,100,99911,100,100057,100,99903,100,100061,100,99899,100,100078,100,99894,100,100080,100,99882,100,100083,100,99879,100
2019-06-28 09:38:50.000000000,100020,192,99997,192,100021,289,99990,189,100030,189,99920,189,100036,100,99918,100,100041,100,99911,100,100057,100,99903,100,100061,100,99899,100,100078,100,99894,100,100080,100,99882,100,100083,100,99879,100
2019-06-28 09:38:53.521193422,100020,192,99997,92,100021,289,99990,189,100030,189,99920,189,100036,100,99918,100,100041,100,99911,100,100057,100,99903,100,100061,100,99899,100,100078,100,99894,100,100080,100,99882,100,100083,100,99879,100
2019-06-28 09:39:00.000000000,100020,154,99990,154,100021,254,99920,154,100030,154,99918,154,100036,154,99911,154,100041,154,99903,154,100057,100,99899,100,100061,100,99894,100,100078,100,99882,100,100080,100,99879,100,100083,100,99822,100
2019-06-28 09:39:00.620271148,100020,154,99990,54,100021,254,99920,154,100030,154,99918,154,100036,154,99911,154,100041,154,99903,154,100057,100,99899,100,100061,100,99894,100,100078,100,99882,100,100080,100,99879,100,100083,100,99822,100
2019-06-28 09:39:10.000000000,100020,371,99920,371,100021,200,99918,100,100030,100,99911,100,100036,100,99903,100,100041,100,99899,100,100057,100,99894,100,100061,100,99882,100,100078,100,99879,100,100080,100,99822,100,100083,100,99811,100
2019-06-28 09:39:11.121757453,100020,371,99920,371,100021,200,99918,100,100030,100,99911,100,100036,100,99903,100,100041,100,99899,100,100057,100,99894,100,100061,100,99882,100,100078,100,99879,100,100080,100,99822,100,100083,100,99811,100
2019-06-28 09:39:20.000000000,100020,154,99920,154,100021,254,99918,154,100030,154,99911,154,100036,154,99903,154,100041,154,99899,154,100057,100,99894,100,100061,100,99882,100,100078,100,99879,100,100080,100,99822,100,100083,100,99811,100
2019-06-28 09:39:29.331144747,100020,154,99920,154,100021,254,99918,154,100030,154,99911,154,100036,154,99903,54,100041,154,99899,154,100057,100,99894,100,100061,100,99882,100,100078,100,99879,100,100080,100,99825,100,100083,100,99822,100
2019-06-28 09:39:30.000000000,100020,154,99920,154,100021,254,99918,154,100030,154,99911,154,100036,154,99899,154,100041,154,99894,154,100057,100,99882,100,100061,100,99879,100,100078,100,99825,100,100080,100,99822,100,100083,100,99811,100
2019-06-28 09:39:34.247205958,100020,154,99920,154,100021,254,99918,154,100030,154,99911,154,100036,154,99899,154,100041,154,99894,154,100057,100,99882,100,100061,100,99879,100,100078,100,99825,100,100080,100,99822,100,100083,100,99811,100
2019-06-28 09:39:40.000000000,100020,154,99920,154,100021,254,99918,154,100030,154,99911,154,100036,154,99899,154,100041,154,99894,154,100057,100,99882,100,100061,100,99879,100,100078,100,99825,100,100080,100,99822,100,100083,100,99811,100
2019-06-28 09:39:50.000000000,100020,371,99920,371,100021,200,99918,100,100030,100,99911,100,100036,100,99899,100,100041,100,99894,100,100057,100,99882,100,100061,100,99879,100,100078,100,99825,100,100080,100,99822,100,100083,100,99811,100
2019-06-28 09:39:50.047722125,100020,271,99920,371,100021,200,99918,100,100030,100,99899,100,100036,100,99894,100,100041,100,99882,100,100057,100,99879,100,100061,100,99825,100,100078,100,99822,100,100080,100,99811,100,100083,100,99799,100
2019-06-28 09:39:53.100778309,100020,171,99920,371,100021,200,99918,100,100030,100,99899,100,100036,100,99894,100,100041,100,99882,100,100057,100,99879,100,100061,100,99825,100,100078,100,99822,100,100080,100,99811,100,100083,100,99799,100
2019-06-28 09:40:00.000000000,100021,471,99920,371,100030,100,99918,100,100036,100,99899,100,100041,100,99894,100,100057,100,99882,100,100061,100,99879,100,100078,100,99825,100,100080,100,99822,100,100083,100,99811,100,100089,100,99799,100
2019-06-28 09:40:10.000000000,100021,268,99920,168,100030,168,99918,168,100036,168,99899,168,100041,168,99894,168,100057,100,99882,100,100061,100,99879,100,100078,100,99825,100,100080,100,99822,100,100083,100,99811,100,100089,100,99799,100
2019-06-28 09:40:11.660593019,100021,168,99920,68,100030,168,99918,168,100036,168,99899,168,100041,168,99894,168,100057,100,99882,100,100061,100,99879,100,100078,100,99825,100,100080,100,99822,100,100083,100,99811,100,100089,100,99799,100
2019-06-28 09:40:14.527726898,100021,168,99920,68,100030,168,99918,168,100036,168,99899,168,100041,168,99894,168,100057,100,99882,100,100061,100,99879,100,100078,100,99825,100,100083,100,99822,100,100089,100,99811,100,100094,100,99799,100
2019-06-28 09:40:15.798855856,100021,168,100020,100,100030,168,99920,68,100036,168,99918,168,100041,168,99899,168,100057,100,99894,168,100061,100,99882,100,100078,100,99879,100,100083,100,99825,100,100089,100,99822,100,100094,100,99811,100
2019-06-28 09:40:20.000000000,100021,192,100020,192,100030,189,99918,189,100036,189,99899,189,100041,100,99894,100,100057,100,99882,100,100061,100,99879,100,100078,100,99825,100,100083,100,99822,100,100089,100,99811,100,100094,100,99799,100
2019-06-28 09:40:20.756397308,100021,92,100020,192,100030,189,99918,189,100036,189,99899,189,100041,100,99894,100,100057,100,99882,100,100061,100,99879,100,100078,100,99825,100,100083,100,99822,100,100089,100,99811,100,100094,100,99799,100
2019-06-28 09:40:30.000000000,100030,154,100020,154,100036,154,99918,154,100041,154,99899,154,100057,154,99894,154,100061,154,99882,154,100078,100,99879,100,100083,100,99825,100,100089,100,99822,100,100094,100,99811,100,100098,100,99799,100
2019-06-28 09:40:40.000000000,100030,154,100020,154,100036,154,99918,154,100041,154,99899,154,100057,154,99894,154,100061,154,99882,154,100078,100,99879,100,100083,100,99825,100,100089,100,99822,100,100094,100,99811,100,100098,100,99799,100
2019-06-28 09:40:50.000000000,100030,371,100020,371,100036,100,99918,100,100041,100,99899,100,100057,100,99894,100,100061,100,99882,100,100078,100,99879,100,100083,100,99825,100,100089,100,99822,100,100094,100,99811,100,100098,100,99799,100
2019-06-28 09:40:58.070351963,100030,371,100020,371,100036,100,99918,100,100041,100,99899,100,100061,100,99894,100,100078,100,99882,100,100083,100,99879,100,100089,100,99825,100,100094,100,99822,100,100098,100,99811,100,100117,100,99799,100
2019-06-28 09:41:00.000000000,100030,168,100020,168,100036,168,99918,168,100041,168,99899,168,100061,168,99894,168,100078,100,99882,100,100083,100,99879,100,100089,100,99825,100,100094,100,99822,100,100098,100,99811,100,100117,100,99799,100
2019-06-28 09:41:10.000000000,100030,154,100020,154,100036,154,99918,154,100041,154,99899,154,100061,154,99894,154,100078,154,99882,154,100083,100,99879,100,100089,100,99825,100,100094,100,99822,100,100098,100,99811,100,100117,100,99799,100
2019-06-28 09:41:20.000000000,100030,371,100020,371,100036,100,99918,100,100041,100,99899,100,100061,100,99894,100,100078,100,99882,100,100083,100,99879,100,100089,100,99825,100,100094,100,99822,100,100098,100,99811,100,100117,100,99799,100
2019-06-28 09:41:30.000000000,100030,154,100020,154,100036,154,99918,154,100041,154,99899,154,100061,154,99894,154,100078,154,99882,154,100083,100,99879,100,100089,100,99825,100,100094,100,99822,100,100098,100,99811,100,100117,100,99799,100
2019-06-28 09:41:33.892832147,100030,154,100020,54,100036,154,99918,154,100041,154,99899,154,100061,154,99894,154,100078,154,99882,154,100083,100,99879,100,100089,100,99825,100,100094,100,99822,100,100098,100,99799,100,100117,100,99724,100
2019-06-28 09:41:40.000000000,100030,236,99918,236,100036,236,99899,236,100041,100,99894,100,100061,100,99882,100,100078,100,99879,100,100083,100,99825,100,100089,100,99822,100,100094,100,99799,100,100098,100,99724,100,100117,100,99361,100
2019-06-28 09:41:43.961467046,100030,236,99918,136,100036,236,99899,236,100041,100,99894,100,100061,100,99882,100,100083,100,99879,100,100089,100,99825,100,100094,100,99822,100,100098,100,99799,100,100117,100,99724,100,100119,100,99361,100
2019-06-28 09:41:50.000000000,100030,371,99899,371,100036,100,99894,100,100041,100,99882,100,100061,100,99879,100,100083,100,99825,100,100089,100,99822,100,100094,100,99799,100,100098,100,99724,100,100117,100,99361,100,100119,100,,
2019-06-28 09:42:00.000000000,100030,236,99899,236,100036,236,99894,236,100041,100,99882,100,100061,100,99879,100,100083,100,99825,100,100089,100,99822,100,100094,100,99799,100,100098,100,99724,100,100117,100,99361,100,100119,100,,
2019-06-28 09:42:10.000000000,100030,371,99899,371,100036,100,99894,100,100041,100,99882,100,100061,100,99879,100,100083,100,99825,100,100089,100,99822,100,100094,100,99799,100,100098,100,99724,100,100117,100,99361,100,100119,100,,
2019-06-28 09:42:17.525567556,100030,371,99899,371,100036,100,99894,100,100041,100,99879,100,100061,100,99825,100,100083,100,99822,100,100089,100,99799,100,100094,100,99724,100,100098,100,99361,100,100117,100,99266,100,100119,100,,
2019-06-28 09:42:20.000000000,100030,168,99899,168,100036,168,99894,168,100041,168,99879,168,100061,168,99825,168,100083,100,99822,100,100089,100,99799,100,100094,100,99724,100,100098,100,99361,100,100117,100,99266,100,100119,100,,
2019-06-28 09:42:24.868719236,100030,168,99899,68,100036,168,99894,168,100041,168,99879,168,100061,168,99825,168,100083,100,99822,100,100089,100,99799,100,100094,100,99724,100,100098,100,99361,100,100117,100,99266,100,100119,100,,
2019-06-28 09:42:30.000000000,100030,168,99894,168,100036,168,99879,168,100041,168,99825,168,100061,168,99822,168,100083,100,99799,100,100089,100,99724,100,100094,100,99361,100,100098,100,99266,100,100117,100,,,100119,100,,
2019-06-28 09:42:32.503179678,100030,168,99894,68,100036,168,99879,168,100041,168,99825,168,100061,68,99822,168,100083,100,99799,100,100089,100,99724,100,100094,100,99361,100,100098,100,99266,100,100117,100,,,100119,100,,
2019-06-28 09:42:40.000000000,100030,236,99879,236,100036,236,99825,236,100041,100,99822,100,100083,100,99799,100,100089,100,99724,100,100094,100,99361,100,100098,100,99266,100,100117,100,,,100119,100,,,100120,100,,
2019-06-28 09:42:50.000000000,100030,371,99879,371,100036,100,99825,100,100041,100,99822,100,100083,100,99799,100,100089,100,99724,100,100094,100,99361,100,100098,100,99266,100,100117,100,,,100119,100,,,100120,100,,
2019-06-28 09:42:50.139274480,99899,100,99879,371,100030,371,99825,100,100036,100,99822,100,100041,100,99799,100,100083,100,99724,100,100089,100,99361,100,100094,100,99266,100,100098,100,,,100117,100,,,100119,100,,
2019-06-28 09:42:51.748888236,99899,200,99879,371,100030,371,99825,100,100036,100,99822,100,100041,100,99799,100,100083,100,99724,100,100089,100,99361,100,100094,100,99266,100,100098,100,,,100117,100,,,100119,100,,
2019-06-28 09:42:57.878055304,99899,200,99879,371,100030,371,99825,100,100036,100,99822,100,100041,100,99799,100,100083,100,99724,100,100089,100,99361,100,100094,100,99266,100,100098,100,99234,100,100117,100,,,100119,100,,
2019-06-28 09:43:00.000000000,99899,336,99879,236,100030,236,99825,236,100036,100,99822,100,100041,100,99799,100,100083,100,99724,100,100089,100,99361,100,100094,100,99266,100,100098,100,99234,100,100117,100,,,100119,100,,
2019-06-28 09:43:10.000000000,99899,471,99879,371,100030,100,99825,100,100036,100,99822,100,100041,100,99799,100,100083,100,99724,100,100089,100,99361,100,100094,100,99266,100,100098,100,99234,100,100117,100,,,100119,100,,
2019-06-28 09:43:20.000000000,99899,268,99879,168,100030,168,99825,168,100036,168,99822,168,100041,168,99799,168,100083,100,99724,100,100089,100,99361,100,100094,100,99266,100,100098,100,99234,100,100117,100,,,100119,100,,
2019-06-28 09:43:23.313385892,99899,268,99879,168,100030,168,99825,168,100036,168,99822,168,100041,168,99799,168,100083,100,99724,100,100089,100,99474,100,100094,100,99361,100,100098,100,99266,100,100119,100,99234,100,100120,100,,
2019-06-28 09:43:30.000000000,99899,268,99879,168,100030,168,99825,168,100036,168,99822,168,100041,168,99799,168,100083,100,99724,100,100089,100,99474,100,100094,100,99361,100,100098,100,99266,100,100119,100,99234,100,100120,100,,
2019-06-28 09:43:31.160166049,99899,268,99879,168,100030,168,99825,168,100036,168,99822,168,100041,168,99799,168,100083,100,99724,100,100089,100,99474,100,100094,100,99364,100,100098,100,99361,100,100119,100,99266,100,100120,100,99234,100
2019-06-28 09:43:40.000000000,99899,336,99879,236,100030,236,99825,236,100036,100,99822,100,100041,100,99799,100,100083,100,99724,100,100089,100,99474,100,100094,100,99364,100,100098,100,99361,100,100119,100,99266,100,100120,100,99234,100
2019-06-28 09:43:50.000000000,99899,336,99879,236,100030,236,99825,236,100036,100,99822,100,100041,100,99799,100,100083,100,99724,100,100089,100,99474,100,100094,100,99364,100,100098,100,99361,100,100119,100,99266,100,100120,100,99234,100
2019-06-28 09:44:00.000000000,99899,292,99879,192,100030,189,99825,189,100036,189,99822,189,100041,100,99799,100,100083,100,99724,100,100089,100,99474,100,100094,100,99364,100,100098,100,99361,100,100119,100,99266,100,100120,100,99234,100
2019-06-28 09:44:06.436615039,99899,292,99879,92,100030,189,99825,189,100036,189,99822,189,100041,100,99799,100,100083,100,99724,100,100094,100,99474,100,100098,100,99364,100,100119,100,99361,100,100120,100,99266,100,100208,100,99234,100
2019-06-28 09:44:10.000000000,99899,336,99825,236,100030,236,99822,236,100036,100,99799,100,100041,100,99724,100,100083,100,99474,100,100094,100,99364,100,100098,100,99361,100,100119,100,99266,100,100120,100,99234,100,100208,100,,
2019-06-28 09:44:20.000000000,99899,254,99825,154,100030,154,99822,154,100036,154,99799,154,100041,154,99724,154,100083,154,99474,154,100094,100,99364,100,100098,100,99361,100,100119,100,99266,100,100120,100,99234,100,100208,100,,
2019-06-28 09:44:23.208895130,99899,254,99825,54,100030,154,99822,154,100036,154,99799,154,100041,154,99724,154,100083,154,99474,154,100094,100,99364,100,100098,100,99361,100,100119,100,99266,100,100120,100,99234,100,100208,100,,
2019-06-28 09:44:30.000000000,99899,336,99822,236,100030,236,99799,236,100036,100,99724,100,100041,100,99474,100,100083,100,99364,100,100094,100,99361,100,100098,100,99266,100,100119,100,99234,100,100120,100,,,100208,100,,
2019-06-28 09:44:40.000000000,99899,268,99822,168,100030,168,99799,168,100036,168,99724,168,100041,168,99474,168,100083,100,99364,100,100094,100,99361,100,100098,100,99266,100,100119,100,99234,100,100120,100,,,100208,100,,
2019-06-28 09:44:42.251778442,99899,268,99822,68,100030,168,99799,168,100036,168,99724,168,100041,168,99474,168,100083,100,99364,100,100094,100,99361,100,100098,100,99266,100,100119,100,99234,100,100120,100,,,100208,100,,
2019-06-28 09:44:50.000000000,99899,292,99799,192,100030,189,99724,189,100036,189,99474,189,100041,100,99364,100,100083,100,99361,100,100094,100,99266,100,100098,100,99234,100,100119,100,,,100120,100,,,100208,100,,
2019-06-28 09:45:00.000000000,99899,471,99799,371,100030,100,99724,100,100036,100,99474,100,100041,100,99364,100,100083,100,99361,100,100094,100,99266,100,100098,100,99234,100,100119,100,,,100120,100,,,100208,100,,
2019-06-28 09:45:01.603472372,99899,471,99799,371,100030,100,99724,100,100036,100,99474,100,100041,100,99364,100,100083,100,99361,100,100094,100,99329,100,100098,100,99266,100,100119,100,99234,100,100120,100,,,100208,100,,
2019-06-28 09:45:03.119439857,99825,100,99799,371,99899,471,99724,100,100030,100,99474,100,100036,100,99364,100,100041,100,99361,100,100083,100,99329,100,100094,100,99266,100,100098,100,99234,100,100119,100,,,100120,100,,
2019-06-28 09:45:10.000000000,99825,371,99799,371,99899,200,99724,100,100030,100,99474,100,100036,100,99364,100,100041,100,99361,100,100083,100,99329,100,100094,100,99266,100,100098,100,99234,100,100119,100,,,100120,100,,
2019-06-28 09:45:20.000000000,99825,236,99799,236,99899,336,99724,236,100030,100,99474,100,100036,100,99364,100,100041,100,99361,100,100083,100,99329,100,100094,100,99266,100,100098,100,99234,100,100119,100,,,100120,100,,
2019-06-28 09:45:29.613797696,99825,236,99799,236,99899,336,99724,236,100036,100,99518,100,100041,100,99474,100,100083,100,99364,100,100094,100,99361,100,100098,100,99329,100,100119,100,99266,100,100120,100,99234,100,100208,100,,
2019-06-28 09:45:30.000000000,99825,371,99799,371,99899,200,99724,100,100036,100,99518,100,100041,100,99474,100,100083,100,99364,100,100094,100,99361,100,100098,100,99329,100,100119,100,99266,100,100120,100,99234,100,100208,100,,
2019-06-28 09:45:40.000000000,99825,236,99799,236,99899,336,99724,236,100036,100,99518,100,100041,100,99474,100,100083,100,99364,100,100094,100,99361,100,100098,100,99329,100,100119,100,99266,100,100120,100,99234,100,100208,100,,
2019-06-28 09:45:47.906405097,99825,336,99799,236,99899,336,99724,236,100036,100,99518,100,100041,100,99474,100,100083,100,99364,100,100094,100,99361,100,100098,100,99329,100,100119,100,99266,100,100120,100,99234,100,100208,100,,
2019-06-28 09:45:50.000000000,99825,254,99799,154,99899,254,99724,154,100036,154,99518,154,100041,154,99474,154,100083,154,99364,154,100094,100,99361,100,100098,100,99329,100,100119,100,99266,100,100120,100,99234,100,100208,100,,
2019-06-28 09:46:00.000000000,99825,336,99799,236,99899,336,99724,236,100036,100,99518,100,100041,100,99474,100,100083,100,99364,100,100094,100,99361,100,100098,100,99329,100,100119,100,99266,100,100120,100,99234,100,100208,100,,
2019-06-28 09:46:10.000000000,99825,292,99799,192,99899,289,99724,189,100036,189,99518,189,100041,100,99474,100,100083,100,99364,100,100094,100,99361,100,100098,100,99329,100,100119,100,99266,100,100120,100,99234,100,100208,100,,
2019-06-28 09:46:14.492481329,99825,392,99799,192,99899,289,99724,189,100036,189,99518,189,100041,100,99474,100,100083,100,99364,100,100094,100,99361,100,100098,100,99329,100,100119,100,99266,100,100120,100,99234,100,100208,100,,
2019-06-28 09:46:19.240899829,99825,392,99799,192,99899,289,99724,189,100036,189,99518,189,100041,100,99474,100,100083,100,99364,100,100094,100,99361,100,100098,100,99329,100,100114,100,99266,100,100119,100,99234,100,100120,100,,
2019-06-28 09:46:20.000000000,99825,354,99799,154,99899,254,99724,154,100036,154,99518,154,100041,154,99474,154,100083,154,99364,154,100094,100,99361,100,100098,100,99329,100,100114,100,99266,100,100119,100,99234,100,100120,100,,
2019-06-28 09:46:30.000000000,99825,571,99799,371,99899,200,99724,100,100036,100,99518,100,100041,100,99474,100,100083,100,99364,100,100094,100,99361,100,100098,100,99329,100,100114,100,99266,100,100119,100,99234,100,100120,100,,
2019-06-28 09:46:40.000000000,99825,392,99799,192,99899,289,99724,189,100036,189,99518,189,100041,100,99474,100,100083,100,99364,100,100094,100,99361,100,100098,100,99329,100,100114,100,99266,100,100119,100,99234,100,100120,100,,
2019-06-28 09:46:50.000000000,99825,392,99799,192,99899,289,99724,189,100036,189,99518,189,100041,100,99474,100,100083,100,99364,100,100094,100,99361,100,100098,100,99329,100,100114,100,99266,100,100119,100,99234,100,100120,100,,
2019-06-28 09:47:00.000000000,99825,436,99799,236,99899,336,99724,236,100036,100,99518,100,100041,100,99474,100,100083,100,99364,100,100094,100,99361,100,100098,100,99329,100,100114,100,99266,100,100119,100,99234,100,100120,100,,
2019-06-28 09:47:10.000000000,99825,392,99799,192,99899,289,99724,189,100036,189,99518,189,100041,100,99474,100,100083,100,99364,100,100094,100,99361,100,100098,100,99329,100,100114,100,99266,100,100119,100,99234,100,100120,100,,
2019-06-28 09:47:20.000000000,99825,368,99799,168,99899,268,99724,168,100036,168,99518,168,100041,168,99474,168,100083,100,99364,100,100094,100,99361,100,100098,100,99329,100,100114,100,99266,100,100119,100,99234,100,100120,100,,
2019-06-28 09:47:30.000000000,99825,392,99799,192,99899,289,99724,189,100036,189,99518,189,100041,100,99474,100,100083,100,99364,100,100094,100,99361,100,100098,100,99329,100,100114,100,99266,100,100119,100,99234,100,100120,100,,
2019-06-28 09:47:40.000000000,99825,571,99799,371,99899,200,99724,100,100036,100,99518,100,100041,100,99474,100,100083,100,99364,100,100094,100,99361,100,100098,100,99329,100,100114,100,99266,100,100119,100,99234,100,100120,100,,
2019-06-28 09:47:50.000000000,99825,354,99799,154,99899,254,99724,154,100036,154,99518,154,100041,154,99474,154,100083,154,99364,154,100094,100,99361,100,100098,100,99329,100,100114,100,99266,100,100119,100,99234,100,100120,100,,
2019-06-28 09:47:55.969246930,99825,254,99799,154,99899,254,99724,154,100036,154,99518,154,100041,154,99474,154,100083,154,99364,154,100094,100,99361,100,100098,100,99329,100,100114,100,99266,100,100119,100,99234,100,100120,100,,
2019-06-28 09:48:00.000000000,99825,254,99799,154,99899,254,99724,154,100036,154,99518,154,100041,154,99474,154,100083,154,99364,154,100094,100,99361,100,100098,100,99329,100,100114,100,99266,100,100119,100,99234,100,100120,100,,
2019-06-28 09:48:05.466475151,99825,154,99799,154,99899,254,99724,154,100036,154,99518,154,100041,154,99474,154,100083,154,99364,154,100094,100,99361,100,100098,100,99329,100,100114,100,99266,100,100119,100,99234,100,100120,100,,
2019-06-28 09:48:10.000000000,99825,154,99799,154,99899,254,99724,154,100036,154,99518,154,100041,154,99474,154,100083,154,99364,154,100094,100,99361,100,100098,100,99329,100,100114,100,99266,100,100119,100,99234,100,100120,100,,
2019-06-28 09:48:20.000000000,99825,236,99799,236,99899,336,99724,236,100036,100,99518,100,100041,100,99474,100,100083,100,99364,100,100094,100,99361,100,100098,100,99329,100,100114,100,99266,100,100119,100,99234,100,100120,100,,
2019-06-28 09:48:24.915733838,99825,236,99799,236,99899,336,99724,236,100036,100,99518,100,100041,100,99474,100,100083,100,99364,100,100094,100,99361,100,100098,100,99329,100,100114,100,99234,100,100119,100,,,100120,100,,
2019-06-28 09:48:26.381169958,99825,236,99799,236,99899,336,99724,236,100036,100,99518,100,100041,100,99474,100,100083,100,99364,100,100094,100,99361,100,100098,100,99329,100,100114,100,99234,100,100119,100,,,100120,100,,
2019-06-28 09:48:30.000000000,99825,192,99799,192,99899,289,99724,189,100036,189,99518,189,100041,100,99474,100,100083,100,99364,100,100094,100,99361,100,100098,100,99329,100,100114,100,99234,100,100119,100,,,100120,100,,
2019-06-28 09:48:40.000000000,99825,236,99799,236,99899,336,99724,236,100036,100,99518,100,100041,100,99474,100,100083,100,99364,100,100094,100,99361,100,100098,100,99329,100,100114,100,99234,100,100119,100,,,100120,100,,
2019-06-28 09:48:49.200461964,99825,236,99799,236,99899,336,99724,236,100036,100,99518,100,100041,100,99474,100,100083,100,99364,100,100094,100,99361,100,100098,100,99329,100,100114,100,99234,100,100119,100,,,100120,100,,
2019-06-28 09:48:50.000000000,99825,154,99799,154,99899,254,99724,154,100036,154,99518,154,100041,154,99474,154,100083,154,99364,154,100094,100,99361,100,100098,100,99329,100,100114,100,99234,100,100119,100,,,100120,100,,
2019-06-28 09:48:54.483071662,99825,154,99799,154,99899,254,99724,154,100036,154,99518,154,100041,154,99474,154,100083,154,99364,154,100094,100,99361,100,100098,100,99329,100,100114,100,99234,100,100119,100,,,100120,100,,
2019-06-28 09:49:00.000000000,99825,154,99799,154,99899,254,99724,154,100036,154,99518,154,100041,154,99474,154,100083,154,99364,154,100094,100,99361,100,100098,100,99329,100,100114,100,99234,100,100119,100,,,100120,100,,
2019-06-28 09:49:10.000000000,99825,192,99799,192,99899,289,99724,189,100036,189,99518,189,100041,100,99474,100,100083,100,99364,100,100094,100,99361,100,100098,100,99329,100,100114,100,99234,100,100119,100,,,100120,100,,
2019-06-28 09:49:12.764419073,99825,92,99799,192,99899,289,99724,189,100036,189,99518,189,100041,100,99474,100,100083,100,99364,100,100094,100,99361,100,100098,100,99329,100,100114,100,99234,100,100119,100,,,100120,100,,
2019-06-28 09:49:16.214193635,99899,289,99825,8,100036,189,99799,192,100041,100,99724,189,100083,100,99518,189,100094,100,99474,100,100098,100,99364,100,100114,100,99361,100,100119,100,99329,100,100120,100,99234,100,100208,100,,
2019-06-28 09:49:17.842410303,99899,289,99825,8,100036,189,99799,192,100041,100,99724,189,100083,100,99518,189,100094,100,99474,100,100098,100,99364,100,100114,100,99361,100,100119,100,99329,100,100120,100,99234,100,100208,100,,
2019-06-28 09:49:20.000000000,99899,268,99825,76,100036,168,99799,168,100041,168,99724,168,100083,168,99518,168,100094,100,99474,100,100098,100,99364,100,100114,100,99361,100,100119,100,99329,100,100120,100,99234,100,100208,100,,
2019-06-28 09:49:30.000000000,99899,292,99825,100,100036,189,99799,189,100041,189,99724,189,100083,100,99518,100,100094,100,99474,100,100098,100,99364,100,100114,100,99361,100,100119,100,99329,100,100120,100,99234,100,100208,100,,
2019-06-28 09:49:40.000000000,99899,336,99825,144,100036,236,99799,236,100041,100,99724,100,100083,100,99518,100,100094,100,99474,100,100098,100,99364,100,100114,100,99361,100,100119,100,99329,100,100120,100,99234,100,100208,100,,
2019-06-28 09:49:50.000000000,99899,336,99825,144,100036,236,99799,236,100041,100,99724,100,100083,100,99518,100,100094,100,99474,100,100098,100,99364,100,100114,100,99361,100,100119,100,99329,100,100120,100,99234,100,100208,100,,
2019-06-28 09:49:54.561768460,99899,236,99825,144,100036,236,99799,236,100041,100,99724,100,100083,100,99518,100,100094,100,99474,100,100098,100,99364,100,100114,100,99361,100,100119,100,99329,100,100120,100,99234,100,100208,100,,
2019-06-28 09:50:00.000000000,99899,154,99825,62,100036,154,99799,154,100041,154,99724,154,100083,154,99518,154,100094,154,99474,154,100098,100,99364,100,100114,100,99361,100,100119,100,99329,100,100120,100,99234,100,100208,100,,
2019-06-28 09:50:10.000000000,99899,192,99825,100,100036,189,99799,189,100041,189,99724,189,100083,100,99518,100,100094,100,99474,100,100098,100,99364,100,100114,100,99361,100,100119,100,99329,100,100120,100,99234,100,100208,100,,
2019-06-28 09:50:13.633915908,99899,92,99825,100,100036,189,99799,189,100041,189,99724,189,100083,100,99518,100,100094,100,99474,100,100098,100,99364,100,100114,100,99361,100,100119,100,99329,100,100120,100,99234,100,100208,100,,
2019-06-28 09:50:20.000000000,100036,371,99825,279,100041,100,99799,100,100083,100,99724,100,100094,100,99518,100,100098,100,99474,100,100114,100,99364,100,100119,100,99361,100,100120,100,99329,100,100208,100,99234,100,100212,100,,
2019-06-28 09:50:30.000000000,100036,236,99825,144,100041,236,99799,236,100083,100,99724,100,100094,100,99518,100,100098,100,99474,100,100114,100,99364,100,100119,100,99361,100,100120,100,99329,100,100208,100,99234,100,100212,100,,
2019-06-28 09:50:40.000000000,100036,154,99825,62,100041,154,99799,154,100083,154,99724,154,100094,154,99518,154,100098,154,99474,154,100114,100,99364,100,100119,100,99361,100,100120,100,99329,100,100208,100,99234,100,100212,100,,
2019-06-28 09:50:48.575071693,100036,54,99825,62,100041,154,99799,154,100083,154,99724,154,100094,154,99518,154,100098,154,99474,154,100114,100,99364,100,100119,100,99361,100,100120,100,99329,100,100208,100,99234,100,100212,100,,
2019-06-28 09:50:50.000000000,100041,154,99825,62,100083,154,99799,154,100094,154,99724,154,100098,154,99518,154,100114,154,99474,154,100119,100,99364,100,100120,100,99361,100,100208,100,99329,100,100212,100,99234,100,100276,100,,
2019-06-28 09:51:00.000000000,100041,168,99825,76,100083,168,99799,168,100094,168,99724,168,100098,168,99518,168,100114,100,99474,100,100119,100,99364,100,100120,100,99361,100,100208,100,99329,100,100212,100,99234,100,100276,100,,
2019-06-28 09:51:03.017812292,100041,68,99825,76,100083,168,99799,168,100094,168,99724,168,100098,168,99518,168,100114,100,99474,100,100119,100,99364,100,100120,100,99361,100,100212,100,99329,100,100276,100,99234,100,100378,100,,
2019-06-28 09:51:06.089320884,100041,68,100036,100,100083,168,99825,76,100094,168,99799,168,100098,168,99724,168,100114,100,99518,168,100119,100,99474,100,100120,100,99364,100,100212,100,99361,100,100276,100,99329,100,100378,100,99234,100
2019-06-28 09:51:07.284133213,100041,68,100036,200,100083,168,99825,76,100094,168,99799,168,100098,168,99724,168,100114,100,99518,168,100119,100,99474,100,100120,100,99364,100,100212,100,99361,100,100276,100,99329,100,100378,100,99234,100
2019-06-28 09:51:10.000000000,100083,154,100036,254,100094,154,99825,62,100098,154,99799,154,100114,154,99724,154,100119,154,99518,154,100120,100,99474,100,100212,100,99364,100,100276,100,99361,100,100378,100,99329,100,100991,100,99234,100
2019-06-28 09:51:20.000000000,100083,236,100036,336,100094,236,99825,144,100098,100,99799,100,100114,100,99724,100,100119,100,99518,100,100120,100,99474,100,100212,100,99364,100,100276,100,99361,100,100378,100,99329,100,100991,100,99234,100
2019-06-28 09:51:23.118626555,100083,236,100036,336,100094,236,99825,144,100098,100,99799,100,100114,100,99724,100,100119,100,99518,100,100120,100,99474,100,100212,100,99364,100,100276,100,99361,100,100378,100,99329,100,100862,100,99234,100
2019-06-28 09:51:30.000000000,100083,236,100036,336,100094,236,99825,144,100098,100,99799,100,100114,100,99724,100,100119,100,99518,100,100120,100,99474,100,100212,100,99364,100,100276,100,99361,100,100378,100,99329,100,100862,100,99234,100
2019-06-28 09:51:36.290383407,100083,136,100036,336,100094,236,99825,144,100098,100,99799,100,100114,100,99724,100,100119,100,99518,100,100120,100,99474,100,100212,100,99364,100,100276,100,99361,100,100378,100,99329,100,100862,100,99234,100
2019-06-28 09:51:40.000000000,100094,168,100036,268,100098,168,99825,76,100114,168,99799,168,100119,168,99724,168,100120,100,99518,100,100212,100,99474,100,100276,100,99364,100,100378,100,99361,100,100862,100,99329,100,100991,100,99234,100
2019-06-28 09:51:50.000000000,100094,236,100036,336,100098,236,99825,144,100114,100,99799,100,100119,100,99724,100,100120,100,99518,100,100212,100,99474,100,100276,100,99364,100,100378,100,99361,100,100862,100,99329,100,100991,100,99234,100
2019-06-28 09:52:00.000000000,100094,154,100036,254,100098,154,99825,62,100114,154,99799,154,100119,154,99724,154,100120,154,99518,154,100212,100,99474,100,100276,100,99364,100,100378,100,99361,100,100862,100,99329,100,100991,100,99234,100
2019-06-28 09:52:10.000000000,100094,168,100036,268,100098,168,99825,76,100114,168,99799,168,100119,168,99724,168,100120,100,99518,100,100212,100,99474,100,100276,100,99364,100,100378,100,99361,100,100862,100,99329,100,100991,100,99234,100
2019-06-28 09:52:14.610564646,100094,68,100036,268,100098,168,99825,76,100114,168,99799,168,100119,168,99724,168,100120,100,99518,100,100212,100,99474,100,100276,100,99364,100,100378,100,99361,100,100862,100,99329,100,100991,100,99234,100
2019-06-28 09:52:20.000000000,100098,192,100036,292,100114,189,99825,97,100119,189,99799,189,100120,100,99724,100,100212,100,99518,100,100276,100,99474,100,100378,100,99364,100,100862,100,99361,100,100991,100,99329,100,101069,100,99234,100
2019-06-28 09:52:30.000000000,100098,154,100036,254,100114,154,99825,62,100119,154,99799,154,100120,154,99724,154,100212,154,99518,154,100276,100,99474,100,100378,100,99364,100,100862,100,99361,100,100991,100,99329,100,101069,100,99234,100
2019-06-28 09:52:32.425638831,100098,54,100036,254,100114,154,99825,62,100119,154,99799,154,100120,154,99724,154,100212,154,99518,154,100276,100,99474,100,100378,100,99364,100,100862,100,99361,100,100991,100,99329,100,101069,100,99234,100
2019-06-28 09:52:40.000000000,100114,168,100036,268,100119,168,99825,76,100120,168,99799,168,100212,168,99724,168,100276,100,99518,100,100378,100,99474,100,100862,100,99364,100,100991,100,99361,100,101069,100,99329,100,101183,100,99234,100
2019-06-28 09:52:50.000000000,100114,192,100036,292,100119,189,99825,97,100120,189,99799,189,100212,100,99724,100,100276,100,99518,100,100378,100,99474,100,100862,100,99364,100,100991,100,99361,100,101069,100,99329,100,101183,100,99234,100
2019-06-28 09:53:00.000000000,100114,371,100036,471,100119,100,99825,8,100120,100,99799,100,100212,100,99724,100,100276,100,99518,100,100378,100,99474,100,100862,100,99364,100,100991,100,99361,100,101069,100,99329,100,101183,100,99234,100
2019-06-28 09:53:10.000000000,100114,168,100036,268,100119,168,99825,76,100120,168,99799,168,100212,168,99724,168,100276,100,99518,100,100378,100,99474,100,100862,100,99364,100,100991,100,99361,100,101069,100,99329,100,101183,100,99234,100
2019-06-28 09:53:20.000000000,100114,192,100036,292,100119,189,99825,97,100120,189,99799,189,100212,100,99724,100,100276,100,99518,100,100378,100,99474,100,100862,100,99364,100,100991,100,99361,100,101069,100,99329,100,101183,100,99234,100
2019-06-28 09:53:30.000000000,100114,168,100036,268,100119,168,99825,76,100120,168,99799,168,100212,168,99724,168,100276,100,99518,100,100378,100,99474,100,100862,100,99364,100,100991,100,99361,100,101069,100,99329,100,101183,100,99234,100
2019-06-28 09:53:32.624065057,100114,168,100036,268,100119,168,99825,76,100120,168,99799,168,100212,168,99724,168,100222,100,99518,100,100276,100,99474,100,100378,100,99364,100,100862,100,99361,100,100991,100,99329,100,101069,100,,
2019-06-28 09:53:40.000000000,100114,168,100036,268,100119,168,99825,76,100120,168,99799,168,100212,168,99724,168,100222,100,99518,100,100276,100,99474,100,100378,100,99364,100,100862,100,99361,100,100991,100,99329,100,101069,100,,
2019-06-28 09:53:50.000000000,100114,154,100036,254,100119,154,99825,62,100120,154,99799,154,100212,154,99724,154,100222,154,99518,154,100276,100,99474,100,100378,100,99364,100,100862,100,99361,100,100991,100,99329,100,101069,100,,
2019-06-28 09:54:00.000000000,100114,154,100036,254,100119,154,99825,62,100120,154,99799,154,100212,154,99724,154,100222,154,99518,154,100276,100,99474,100,100378,100,99364,100,100862,100,99361,100,100991,100,99329,100,101069,100,,
2019-06-28 09:54:10.000000000,100114,236,100036,336,100119,236,99825,144,100120,100,99799,100,100212,100,99724,100,100222,100,99518,100,100276,100,99474,100,100378,100,99364,100,100862,100,99361,100,100991,100,99329,100,101069,100,,
2019-06-28 09:54:11.110665821,100114,236,100036,336,100119,236,99825,144,100120,100,99799,100,100212,100,99724,100,100222,100,99518,100,100276,100,99474,100,100378,100,99364,100,100583,100,99361,100,100862,100,99329,100,100991,100,,
2019-06-28 09:54:14.309311381,100114,236,100036,336,100119,136,99825,144,100120,100,99799,100,100212,100,99724,100,100222,100,99518,100,100276,100,99474,100,100378,100,99364,100,100569,100,99361,100,100583,100,99329,100,100862,100,,
2019-06-28 09:54:17.459516807,100114,136,100036,336,100119,136,99825,144,100120,100,99799,100,100212,100,99724,100,100276,100,99518,100,100378,100,99474,100,100569,100,99364,100,100583,100,99361,100,100862,100,99329,100,100991,100,,
2019-06-28 09:54:20.000000000,100120,236,100036,336,100212,236,99825,144,100276,100,99799,100,100378,100,99724,100,100569,100,99518,100,100583,100,99474,100,100862,100,99364,100,100991,100,99361,100,101069,100,99329,100,101183,100,,
2019-06-28 09:54:28.426456548,100120,236,100036,336,100212,236,99825,144,100276,100,99799,100,100378,100,99724,100,100432,100,99518,100,100569,100,99474,100,100583,100,99364,100,100862,100,99361,100,100991,100,99329,100,101069,100,,
2019-06-28 09:54:30.000000000,100120,154,100036,254,100212,154,99825,62,100276,154,99799,154,100378,154,99724,154,100432,154,99518,154,100569,100,99474,100,100583,100,99364,100,100862,100,99361,100,100991,100,99329,100,101069,100,,
2019-06-28 09:54:40.000000000,100120,192,100036,292,100212,189,99825,97,100276,189,99799,189,100378,100,99724,100,100432,100,99518,100,100569,100,99474,100,100583,100,99364,100,100862,100,99361,100,100991,100,99329,100,101069,100,,
2019-06-28 09:54:50.000000000,100120,371,100036,471,100212,100,99825,8,100276,100,99799,100,100378,100,99724,100,100432,100,99518,100,100569,100,99474,100,100583,100,99364,100,100862,100,99361,100,100991,100,99329,100,101069,100,,
2019-06-28 09:54:55.516799678,100120,371,100098,100,100212,100,100036,471,100276,100,99825,8,100378,100,99799,100,100432,100,99724,100,100569,100,99518,100,100583,100,99474,100,100862,100,99364,100,100991,100,99361,100,101069,100,99329,100
2019-06-28 09:55:00.000000000,100120,371,100098,371,100212,100,100036,200,100276,100,99825,8,100378,100,99799,100,100432,100,99724,100,100569,100,99518,100,100583,100,99474,100,100862,100,99364,100,100991,100,99361,100,101069,100,99329,100
2019-06-28 09:55:03.979053197,100120,371,100098,371,100212,100,100036,100,100276,100,99825,8,100378,100,99799,100,100432,100,99724,100,100569,100,99518,100,100583,100,99474,100,100862,100,99364,100,100991,100,99361,100,101069,100,99329,100
2019-06-28 09:55:08.793592026,100120,371,100104,100,100212,100,100098,371,100276,100,100036,100,100378,100,99825,8,100432,100,99799,100,100583,100,99724,100,100862,100,99518,100,100991,100,99474,100,101069,100,99364,100,101183,100,99361,100
2019-06-28 09:55:10.000000000,100120,371,100104,371,100212,100,100098,100,100276,100,100036,100,100378,100,99825,8,100432,100,99799,100,100583,100,99724,100,100862,100,99518,100,100991,100,99474,100,101069,100,99364,100,101183,100,99361,100
2019-06-28 09:55:10.046888398,100120,371,100104,371,100175,100,100098,100,100212,100,100036,100,100276,100,99825,8,100378,100,99799,100,100432,100,99724,100,100583,100,99518,100,100862,100,99474,100,100991,100,99364,100,101069,100,99361,100
2019-06-28 09:55:20.000000000,100120,371,100104,371,100175,100,100098,100,100212,100,100036,100,100276,100,99825,8,100378,100,99799,100,100432,100,99724,100,100583,100,99518,100,100862,100,99474,100,100991,100,99364,100,101069,100,99361,100
2019-06-28 09:55:30.000000000,100120,192,100104,192,100175,189,100098,189,100212,189,100036,189,100276,100,99825,8,100378,100,99799,100,100432,100,99724,100,100583,100,99518,100,100862,100,99474,100,100991,100,99364,100,101069,100,99361,100
2019-06-28 09:55:40.000000000,100120,236,100104,236,100175,236,100098,236,100212,100,100036,100,100276,100,99825,8,100378,100,99799,100,100432,100,99724,100,100583,100,99518,100,100862,100,99474,100,100991,100,99364,100,101069,100,99361,100
2019-06-28 09:55:50.000000000,100120,168,100104,168,100175,168,100098,168,100212,168,100036,168,100276,168,99825,76,100378,100,99799,100,100432,100,99724,100,100583,100,99518,100,100862,100,99474,100,100991,100,99364,100,101069,100,99361,100
2019-06-28 09:55:50.328344250,100120,168,100104,168,100175,168,100098,168,100212,168,100036,168,100276,168,99825,76,100378,100,99799,100,100432,100,99724,100,100583,100,99518,100,100862,100,99474,100,100991,100,99432,100,101069,100,99364,100
2019-06-28 09:56:00.000000000,100120,236,100104,236,100175,236,100098,236,100212,100,100036,100,100276,100,99825,8,100378,100,99799,100,100432,100,99724,100,100583,100,99518,100,100862,100,99474,100,100991,100,99432,100,101069,100,99364,100
2019-06-28 09:56:10.000000000,100120,168,100104,168,100175,168,100098,168,100212,168,100036,168,100276,168,99825,76,100378,100,99799,100,100432,100,99724,100,100583,100,99518,100,100862,100,99474,100,100991,100,99432,100,101069,100,99364,100
2019-06-28 09:56:20.000000000,100120,371,100104,371,100175,100,100098,100,100212,100,100036,100,100276,100,99825,8,100378,100,99799,100,100432,100,99724,100,100583,100,99518,100,100862,100,99474,100,100991,100,99432,100,101069,100,99364,100
2019-06-28 09:56:30.000000000,100120,236,100104,236,100175,236,100098,236,100212,100,100036,100,100276,100,99825,8,100378,100,99799,100,100432,100,99724,100,100583,100,99518,100,100862,100,99474,100,100991,100,99432,100,101069,100,99364,100
2019-06-28 09:56:33.531725130,100120,236,100104,136,100175,236,100098,236,100212,100,100036,100,100276,100,99825,8,100378,100,99799,100,100432,100,99724,100,100583,100,99518,100,100862,100,99474,100,100991,100,99432,100,101069,100,99364,100
2019-06-28 09:56:40.000000000,100120,154,100098,154,100175,154,100036,154,100212,154,99825,62,100276,154,99799,154,100378,154,99724,154,100432,100,99518,100,100583,100,99474,100,100862,100,99432,100,100991,100,99364,100,101069,100,99361,100
2019-06-28 09:56:50.000000000,100120,154,100098,154,100175,154,100036,154,100212,154,99825,62,100276,154,99799,154,100378,154,99724,154,100432,100,99518,100,100583,100,99474,100,100862,100,99432,100,100991,100,99364,100,101069,100,99361,100
2019-06-28 09:56:51.493112612,100120,154,100098,54,100175,154,100036,154,100212,154,99825,62,100276,154,99799,154,100378,154,99724,154,100432,100,99518,100,100583,100,99474,100,100862,100,99432,100,100991,100,99364,100,101069,100,99361,100
2019-06-28 09:57:00.000000000,100120,192,100036,192,100175,189,99825,97,100212,189,99799,189,100276,100,99724,100,100378,100,99518,100,100432,100,99474,100,100583,100,99432,100,100862,100,99364,100,100991,100,99361,100,101069,100,99329,100
2019-06-28 09:57:10.000000000,100120,192,100036,192,100175,189,99825,97,100212,189,99799,189,100276,100,99724,100,100378,100,99518,100,100432,100,99474,100,100583,100,99432,100,100862,100,99364,100,100991,100,99361,100,101069,100,99329,100
2019-06-28 09:57:19.469438659,100104,100,100036,192,100120,192,99825,97,100175,189,99799,189,100212,189,99724,100,100276,100,99518,100,100378,100,99474,100,100432,100,99432,100,100583,100,99364,100,100862,100,99361,100,100991,100,99329,100
2019-06-28 09:57:20.000000000,100104,192,100036,192,100120,189,99825,97,100175,189,99799,189,100212,100,99724,100,100276,100,99518,100,100378,100,99474,100,100432,100,99432,100,100583,100,99364,100,100862,100,99361,100,100991,100,99329,100
2019-06-28 09:57:20.464066000,100104,192,100036,92,100120,189,99825,97,100175,189,99799,189,100212,100,99724,100,100276,100,99518,100,100378,100,99474,100,100432,100,99432,100,100583,100,99364,100,100862,100,99361,100,100991,100,99329,100
2019-06-28 09:57:22.472770191,100104,192,100036,92,100120,189,99825,97,100175,189,99799,189,100212,100,99724,100,100276,100,99518,100,100378,100,99494,100,100432,100,99474,100,100583,100,99432,100,100862,100,99364,100,100991,100,99361,100
2019-06-28 09:57:23.780069815,100104,192,100036,92,100120,89,99825,97,100175,189,99799,189,100212,100,99724,100,100276,100,99518,100,100378,100,99494,100,100432,100,99474,100,100583,100,99439,100,100862,100,99432,100,100991,100,99364,100
2019-06-28 09:57:27.975240754,100036,8,99825,97,100104,192,99799,189,100120,89,99724,100,100175,189,99518,100,100276,100,99494,100,100378,100,99474,100,100432,100,99439,100,100583,100,99432,100,100862,100,99364,100,100991,100,99361,100
2019-06-28 09:57:30.000000000,100036,144,99825,144,100104,236,99799,236,100175,100,99724,100,100276,100,99518,100,100378,100,99494,100,100432,100,99474,100,100583,100,99439,100,100862,100,99432,100,100991,100,99364,100,101069,100,99361,100
2019-06-28 09:57:32.323293917,100036,244,99825,136,100104,236,99799,236,100175,100,99724,100,100276,100,99518,100,100378,100,99494,100,100432,100,99474,100,100583,100,99439,100,100862,100,99432,100,100991,100,99364,100,101069,100,99361,100
2019-06-28 09:57:33.213390908,100036,244,99825,136,100104,236,99799,236,100175,100,99724,100,100276,100,99518,100,100378,100,99494,100,100432,100,99474,100,100583,100,99439,100,100862,100,99432,100,100991,100,99371,100,101069,100,99364,100
2019-06-28 09:57:40.000000000,100036,244,99799,236,100104,236,99724,236,100175,100,99518,100,100276,100,99494,100,100378,100,99474,100,100432,100,99439,100,100583,100,99432,100,100862,100,99371,100,100991,100,99364,100,101069,100,99361,100
2019-06-28 09:57:46.825898374,100036,244,99799,136,100104,236,99724,236,100175,100,99494,100,100276,100,99474,100,100378,100,99439,100,100432,100,99432,100,100583,100,99371,100,100862,100,99364,100,100991,100,99361,100,101069,100,99329,100
2019-06-28 09:57:50.000000000,100036,176,99724,168,100104,168,99494,168,100175,168,99474,168,100276,168,99439,168,100378,100,99432,100,100432,100,99371,100,100583,100,99364,100,100862,100,99361,100,100991,100,99329,100,101069,100,,
2019-06-28 09:58:00.000000000,100036,162,99724,154,100104,154,99494,154,100175,154,99474,154,100276,154,99439,154,100378,154,99432,154,100432,100,99371,100,100583,100,99364,100,100862,100,99361,100,100991,100,99329,100,101069,100,,
2019-06-28 09:58:10.000000000,100036,244,99724,236,100104,236,99494,236,100175,100,99474,100,100276,100,99439,100,100378,100,99432,100,100432,100,99371,100,100583,100,99364,100,100862,100,99361,100,100991,100,99329,100,101069,100,,
2019-06-28 09:58:17.519025545,100035,100,99724,236,100036,244,99494,236,100104,236,99474,100,100175,100,99439,100,100276,100,99432,100,100378,100,99371,100,100432,100,99364,100,100583,100,99361,100,100862,100,99329,100,100991,100,,
2019-06-28 09:58:20.000000000,100035,192,99724,192,100036,197,99494,189,100104,189,99474,189,100175,100,99439,100,100276,100,99432,100,100378,100,99371,100,100432,100,99364,100,100583,100,99361,100,100862,100,99329,100,100991,100,,
2019-06-28 09:58:30.000000000,100035,192,99724,192,100036,197,99494,189,100104,189,99474,189,100175,100,99439,100,100276,100,99432,100,100378,100,99371,100,100432,100,99364,100,100583,100,99361,100,100862,100,99329,100,100991,100,,
2019-06-28 09:58:36.774054931,100035,192,99724,92,100036,197,99494,189,100104,189,99474,189,100175,100,99439,100,100276,100,99432,100,100378,100,99371,100,100432,100,99364,100,100583,100,99361,100,100862,100,99329,100,100991,100,,
2019-06-28 09:58:40.000000000,100035,236,99494,236,100036,244,99474,236,100104,100,99439,100,100175,100,99432,100,100276,100,99371,100,100378,100,99364,100,100432,100,99361,100,100583,100,99329,100,100862,100,,,100991,100,,
2019-06-28 09:58:43.888199791,99628,100,99494,236,100035,236,99474,236,100036,244,99439,100,100104,100,99432,100,100175,100,99371,100,100276,100,99364,100,100378,100,99361,100,100432,100,99329,100,100583,100,,,100862,100,,
2019-06-28 09:58:50.000000000,99628,154,99494,154,100035,154,99474,154,100036,162,99439,154,100104,154,99432,154,100175,154,99371,154,100276,100,99364,100,100378,100,99361,100,100432,100,99329,100,100583,100,,,100862,100,,
2019-06-28 09:58:56.741321035,99628,154,99494,154,99785,100,99474,154,100035,154,99439,154,100036,162,99432,154,100104,154,99371,154,100175,154,99364,100,100276,100,99329,100,100378,100,,,100432,100,,,100583,100,,
2019-06-28 09:59:00.000000000,99628,236,99494,236,99785,236,99474,236,100035,100,99439,100,100036,108,99432,100,100104,100,99371,100,100175,100,99364,100,100276,100,99329,100,100378,100,,,100432,100,,,100583,100,,
2019-06-28 09:59:01.108171646,99628,136,99494,236,99785,236,99474,236,100035,100,99439,100,100036,108,99432,100,100104,100,99371,100,100175,100,99364,100,100276,100,99329,100,100378,100,,,100432,100,,,100583,100,,
2019-06-28 09:59:08.224135619,99628,136,99494,236,99724,100,99474,236,99785,236,99439,100,100035,100,99432,100,100036,108,99371,100,100104,100,99364,100,100175,100,99329,100,100276,100,,,100378,100,,,100432,100,,
2019-06-28 09:59:10.000000000,99724,371,99494,371,99785,100,99474,100,100035,100,99439,100,100036,108,99432,100,100104,100,99371,100,100175,100,99364,100,100276,100,99329,100,100378,100,,,100432,100,,,100583,100,,
2019-06-28 09:59:14.644786481,99724,371,99494,371,99785,100,99474,100,99942,100,99439,100,100035,100,99432,100,100036,108,99371,100,100104,100,99364,100,100175,100,99329,100,100276,100,,,100378,100,,,100432,100,,
2019-06-28 09:59:20.000000000,99724,236,99494,236,99785,236,99474,236,99942,100,99439,100,100035,100,99432,100,100036,108,99371,100,100104,100,99364,100,100175,100,99329,100,100276,100,,,100378,100,,,100432,100,,
2019-06-28 09:59:30.000000000,99724,371,99494,371,99785,100,99474,100,99942,100,99439,100,100035,100,99432,100,100036,108,99371,100,100104,100,99364,100,100175,100,99329,100,100276,100,,,100378,100,,,100432,100,,
2019-06-28 09:59:39.013984256,99724,371,99494,371,99942,100,99474,100,100035,100,99439,100,100036,108,99432,100,100104,100,99371,100,100175,100,99364,100,100276,100,99329,100,100289,100,,,100378,100,,,100432,100,,
2019-06-28 09:59:40.000000000,99724,168,99494,168,99942,168,99474,168,100035,168,99439,168,100036,176,99432,168,100104,100,99371,100,100175,100,99364,100,100276,100,99329,100,100289,100,,,100378,100,,,100432,100,,
2019-06-28 09:59:50.000000000,99724,168,99494,168,99942,168,99474,168,100035,168,99439,168,100036,176,99432,168,100104,100,99371,100,100175,100,99364,100,100276,100,99329,100,100289,100,,,100378,100,,,100432,100,,
2019-06-28 09:59:54.126954501,99724,168,99494,168,99942,168,99474,168,100035,168,99439,168,100036,176,99432,168,100104,100,99371,100,100175,100,99364,100,100273,100,99329,100,100276,100,,,100289,100,,,100378,100,,
2019-06-28 10:00:00.000000000,99724,236,99494,236,99942,236,99474,236,100035,100,99439,100,100036,108,99432,100,100104,100,99371,100,100175,100,99364,100,100273,100,99329,100,100276,100,,,100289,100,,,100378,100,,
2019-06-28 10:00:04.323427435,99724,136,99494,236,99942,236,99474,236,100035,100,99439,100,100036,108,99432,100,100104,100,99371,100,100175,100,99364,100,100273,100,99329,100,100276,100,,,100378,100,,,100432,100,,
2019-06-28 10:00:04.759232977,99724,136,99494,236,99942,236,99474,236,100035,100,99439,100,100036,108,99432,100,100050,100,99371,100,100104,100,99364,100,100175,100,99329,100,100273,100,,,100276,100,,,100378,100,,
2019-06-28 10:00:10.000000000,99942,371,99494,371,100035,100,99474,100,100036,108,99439,100,100050,100,99432,100,100104,100,99371,100,100175,100,99364,100,100273,100,99329,100,100276,100,,,100378,100,,,100432,100,,
2019-06-28 10:00:20.000000000,99942,236,99494,236,100035,236,99474,236,100036,108,99439,100,100050,100,99432,100,100104,100,99371,100,100175,100,99364,100,100273,100,99329,100,100276,100,,,100378,100,,,100432,100,,
2019-06-28 10:00:29.204123050,99942,236,99494,236,100035,236,99474,236,100036,108,99439,100,100050,100,99432,100,100104,100,99371,100,100175,100,99364,100,100273,100,99329,100,100276,100,,,100378,100,,,100432,100,,
2019-06-28 10:00:30.000000000,99942,371,99494,371,100035,100,99474,100,100036,108,99439,100,100050,100,99432,100,100104,100,99371,100,100175,100,99364,100,100273,100,99329,100,100276,100,,,100378,100,,,100432,100,,
2019-06-28 10:00:40.000000000,99942,154,99494,154,100035,154,99474,154,100036,162,99439,154,100050,154,99432,154,100104,154,99371,154,100175,100,99364,100,100273,100,99329,100,100276,100,,,100378,100,,,100432,100,,
2019-06-28 10:00:50.000000000,99942,168,99494,168,100035,168,99474,168,100036,176,99439,168,100050,168,99432,168,100104,100,99371,100,100175,100,99364,100,100273,100,99329,100,100276,100,,,100378,100,,,100432,100,,
2019-06-28 10:01:00.000000000,99942,236,99494,236,100035,236,99474,236,100036,108,99439,100,100050,100,99432,100,100104,100,99371,100,100175,100,99364,100,100273,100,99329,100,100276,100,,,100378,100,,,100432,100,,
2019-06-28 10:01:02.844424576,99942,136,99494,236,100035,236,99474,236,100036,108,99439,100,100050,100,99432,100,100104,100,99371,100,100175,100,99364,100,100273,100,99329,100,100276,100,,,100378,100,,,100432,100,,
2019-06-28 10:01:03.653308307,99942,136,99724,100,100035,236,99494,236,100036,108,99474,236,100050,100,99439,100,100175,100,99432,100,100273,100,99371,100,100276,100,99364,100,100378,100,99329,100,100432,100,,,100583,100,,
2019-06-28 10:01:05.909408623,99942,36,99724,100,100035,236,99494,236,100036,108,99474,236,100050,100,99439,100,100175,100,99432,100,100276,100,99371,100,100378,100,99364,100,100432,100,99329,100,100583,100,,,100862,100,,
2019-06-28 10:01:10.000000000,100035,236,99724,236,100036,244,99494,236,100050,100,99474,100,100175,100,99439,100,100276,100,99432,100,100378,100,99371,100,100432,100,99364,100,100583,100,99329,100,100862,100,,,100991,100,,
2019-06-28 10:01:10.339353816,100035,236,99724,136,100036,244,99494,236,100050,100,99474,100,100175,100,99439,100,100276,100,99432,100,100378,100,99371,100,100432,100,99364,100,100583,100,99329,100,100862,100,,,100991,100,,
2019-06-28 10:01:12.876141158,100035,236,99724,136,100036,244,99494,236,100050,100,99474,100,100175,100,99439,100,100276,100,99432,100,100378,100,99371,100,100432,100,99364,100,100583,100,99329,100,100862,100,,,100991,100,,
2019-06-28 10:01:13.783736371,100035,236,99724,136,100036,244,99494,236,100050,100,99474,100,100175,100,99439,100,100378,100,99432,100,100432,100,99371,100,100583,100,99364,100,100862,100,99329,100,100991,100,,,101254,100,,
2019-06-28 10:01:20.000000000,100035,192,99494,192,100036,197,99474,189,100050,189,99439,189,100175,100,99432,100,100378,100,99371,100,100432,100,99364,100,100583,100,99329,100,100862,100,,,100991,100,,,101254,100,,
2019-06-28 10:01:30.000000000,100035,371,99494,371,100036,108,99474,100,100050,100,99439,100,100175,100,99432,100,100378,100,99371,100,100432,100,99364,100,100583,100,99329,100,100862,100,,,100991,100,,,101254,100,,
2019-06-28 10:01:35.350487610,100035,271,99942,100,100036,108,99494,371,100050,100,99474,100,100175,100,99439,100,100378,100,99432,100,100432,100,99371,100,100583,100,99364,100,100862,100,99329,100,100991,100,,,101254,100,,
2019-06-28 10:01:40.000000000,100036,176,99942,168,100050,168,99494,168,100175,168,99474,168,100378,168,99439,168,100432,100,99432,100,100583,100,99371,100,100862,100,99364,100,100991,100,99329,100,101254,100,,,101343,100,,
2019-06-28 10:01:50.000000000,100036,162,99942,154,100050,154,99494,154,100175,154,99474,154,100378,154,99439,154,100432,154,99432,154,100583,100,99371,100,100862,100,99364,100,100991,100,99329,100,101254,100,,,101343,100,,
2019-06-28 10:01:52.517525660,100036,62,99942,154,100050,154,99494,154,100175,154,99474,154,100378,154,99439,154,100432,154,99432,154,100583,100,99371,100,100862,100,99364,100,100991,100,99329,100,101254,100,,,101343,100,,
2019-06-28 10:01:52.576885246,100036,62,99943,100,100050,154,99942,154,100175,154,99494,154,100378,154,99474,154,100432,154,99439,154,100583,100,99432,154,100862,100,99371,100,100991,100,99364,100,101254,100,99329,100,101343,100,,
2019-06-28 10:01:56.167118514,100036,62,99943,100,100050,154,99942,154,100175,154,99494,154,100378,154,99474,154,100432,154,99439,154,100583,100,99432,154,100862,100,99371,100,100991,100,99364,100,101254,100,99329,100,101343,100,,
2019-06-28 10:02:00.000000000,100036,279,99943,371,100050,100,99942,100,100175,100,99494,100,100378,100,99474,100,100432,100,99439,100,100583,100,99432,100,100862,100,99371,100,100991,100,99364,100,101254,100,99329,100,101343,100,,
2019-06-28 10:02:02.408642907,100036,179,99943,371,100050,100,99942,100,100175,100,99494,100,100378,100,99474,100,100432,100,99439,100,100583,100,99432,100,100862,100,99371,100,100991,100,99364,100,101254,100,99329,100,101343,100,,
2019-06-28 10:02:05.331841402,100036,79,99943,371,100050,100,99942,100,100175,100,99494,100,100378,100,99474,100,100432,100,99439,100,100583,100,99432,100,100862,100,99371,100,100991,100,99329,100,101254,100,,,101343,100,,
2019-06-28 10:02:10.000000000,100050,154,99943,154,100175,154,99942,154,100378,154,99494,154,100432,154,99474,154,100583,154,99439,154,100862,100,99432,100,100991,100,99371,100,101254,100,99329,100,101343,100,,,101383,100,,
2019-06-28 10:02:20.000000000,100050,168,99943,168,100175,168,99942,168,100378,168,99494,168,100432,168,99474,168,100583,100,99439,100,100862,100,99432,100,100991,100,99371,100,101254,100,99329,100,101343,100,,,101383,100,,
2019-06-28 10:02:20.510419048,100050,168,99943,168,100175,168,99942,168,100378,168,99494,168,100432,168,99474,168,100583,100,99439,100,100862,100,99432,100,100991,100,99329,100,101254,100,,,101299,100,,,101343,100,,
2019-06-28 10:02:30.000000000,100050,192,99943,192,100175,189,99942,189,100378,189,99494,189,100432,100,99474,100,100583,100,99439,100,100862,100,99432,100,100991,100,99329,100,101254,100,,,101299,100,,,101343,100,,
2019-06-28 10:02:40.000000000,100050,236,99943,236,100175,236,99942,236,100378,100,99494,100,100432,100,99474,100,100583,100,99439,100,100862,100,99432,100,100991,100,99329,100,101254,100,,,101299,100,,,101343,100,,
2019-06-28 10:02:50.000000000,100050,371,99943,371,100175,100,99942,100,100378,100,99494,100,100432,100,99474,100,100583,100,99439,100,100862,100,99432,100,100991,100,99329,100,101254,100,,,101299,100,,,101343,100,,
2019-06-28 10:02:55.254420391,100050,371,100036,100,100175,100,99943,371,100378,100,99942,100,100432,100,99494,100,100583,100,99474,100,100862,100,99439,100,100991,100,99432,100,101254,100,99329,100,101299,100,,,101343,100,,
2019-06-28 10:03:00.000000000,100050,371,100036,371,100175,100,99943,100,100378,100,99942,100,100432,100,99494,100,100583,100,99474,100,100862,100,99439,100,100991,100,99432,100,101254,100,99329,100,101299,100,,,101343,100,,
2019-06-28 10:03:10.000000000,100050,192,100036,192,100175,189,99943,189,100378,189,99942,189,100432,100,99494,100,100583,100,99474,100,100862,100,99439,100,100991,100,99432,100,101254,100,99329,100,101299,100,,,101343,100,,
2019-06-28 10:03:20.000000000,100050,192,100036,192,100175,189,99943,189,100378,189,99942,189,100432,100,99494,100,100583,100,99474,100,100862,100,99439,100,100991,100,99432,100,101254,100,99329,100,101299,100,,,101343,100,,
2019-06-28 10:03:30.000000000,100050,371,100036,371,100175,100,99943,100,100378,100,99942,100,100432,100,99494,100,100583,100,99474,100,100862,100,99439,100,100991,100,99432,100,101254,100,99329,100,101299,100,,,101343,100,,
2019-06-28 10:03:40.000000000,100050,236,100036,236,100175,236,99943,236,100378,100,99942,100,100432,100,99494,100,100583,100,99474,100,100862,100,99439,100,100991,100,99432,100,101254,100,99329,100,101299,100,,,101343,100,,
2019-06-28 10:03:50.000000000,100050,236,100036,236,100175,236,99943,236,100378,100,99942,100,100432,100,99494,100,100583,100,99474,100,100862,100,99439,100,100991,100,99432,100,101254,100,99329,100,101299,100,,,101343,100,,
2019-06-28 10:03:51.452340209,100050,136,100036,236,100175,236,99943,236,100378,100,99942,100,100432,100,99494,100,100583,100,99474,100,100862,100,99439,100,100991,100,99432,100,101254,100,99329,100,101299,100,,,101343,100,,
2019-06-28 10:03:59.313581287,100050,36,100036,236,100175,236,99943,236,100378,100,99942,100,100432,100,99494,100,100583,100,99474,100,100862,100,99439,100,100991,100,99432,100,101254,100,99329,100,101299,100,,,101343,100,,
2019-06-28 10:03:59.361362309,100175,236,100050,64,100378,100,100036,236,100432,100,99943,236,100583,100,99942,100,100862,100,99494,100,100991,100,99474,100,101254,100,99439,100,101299,100,99432,100,101343,100,99329,100,101383,100,,
2019-06-28 10:04:00.000000000,100175,236,100050,200,100378,236,100036,236,100432,100,99943,100,100583,100,99942,100,100862,100,99494,100,100991,100,99474,100,101254,100,99439,100,101299,100,99432,100,101343,100,99329,100,101383,100,,
2019-06-28 10:04:10.000000000,100175,192,100050,156,100378,189,100036,189,100432,189,99943,189,100583,100,99942,100,100862,100,99494,100,100991,100,99474,100,101254,100,99439,100,101299,100,99432,100,101343,100,99329,100,101383,100,,
2019-06-28 10:04:12.555016873,100175,92,100050,156,100378,189,100036,189,100432,189,99943,189,100583,100,99942,100,100862,100,99494,100,100991,100,99474,100,101254,100,99439,100,101299,100,99432,100,101343,100,99329,100,101383,100,,
2019-06-28 10:04:15.933986450,100378,189,100175,8,100432,189,100050,156,100583,100,100036,189,100862,100,99943,189,100991,100,99942,100,101254,100,99494,100,101299,100,99474,100,101343,100,99439,100,101383,100,99432,100,101470,100,99329,100
2019-06-28 10:04:20.000000000,100378,371,100175,279,100432,100,100050,64,100583,100,100036,100,100862,100,99943,100,100991,100,99942,100,101254,100,99494,100,101299,100,99474,100,101343,100,99439,100,101383,100,99432,100,101470,100,99329,100
2019-06-28 10:04:30.000000000,100378,236,100175,144,100432,236,100050,200,100583,100,100036,100,100862,100,99943,100,100991,100,99942,100,101254,100,99494,100,101299,100,99474,100,101343,100,99439,100,101383,100,99432,100,101470,100,99329,100
2019-06-28 10:04:40.000000000,100378,371,100175,279,100432,100,100050,64,100583,100,100036,100,100862,100,99943,100,100991,100,99942,100,101254,100,99494,100,101299,100,99474,100,101343,100,99439,100,101383,100,99432,100,101470,100,99329,100
2019-06-28 10:04:50.000000000,100378,168,100175,76,100432,168,100050,132,100583,168,100036,168,100862,168,99943,168,100991,100,99942,100,101254,100,99494,100,101299,100,99474,100,101343,100,99439,100,101383,100,99432,100,101470,100,99329,100
2019-06-28 10:04:55.781293087,100378,68,100175,76,100432,168,100050,132,100583,168,100036,168,100862,168,99943,168,100991,100,99942,100,101254,100,99494,100,101299,100,99474,100,101343,100,99439,100,101383,100,99432,100,101470,100,99329,100
2019-06-28 10:05:00.000000000,100432,154,100175,62,100583,154,100050,118,100862,154,100036,154,100991,154,99943,154,101254,154,99942,154,101299,100,99494,100,101343,100,99474,100,101383,100,99439,100,101470,100,99432,100,,,99329,100
2019-06-28 10:05:00.939351434,100432,54,100175,62,100583,154,100050,118,100862,154,100036,154,100991,154,99943,154,101254,154,99942,154,101299,100,99494,100,101343,100,99474,100,101383,100,99439,100,101470,100,99432,100,,,99329,100
2019-06-28 10:05:10.000000000,100583,168,100175,76,100862,168,100050,132,100991,168,100036,168,101254,168,99943,168,101299,100,99942,100,101343,100,99494,100,101383,100,99474,100,101470,100,99439,100,,,99432,100,,,99329,100
2019-06-28 10:05:13.508758045,100583,68,100175,76,100862,168,100050,132,100991,168,100036,168,101254,168,99943,168,101299,100,99942,100,101343,100,99494,100,101383,100,99474,100,101470,100,99439,100,,,99432,100,,,99329,100
2019-06-28 10:05:20.000000000,100862,371,100175,279,100991,100,100050,64,101254,100,100036,100,101299,100,99943,100,101343,100,99942,100,101383,100,99494,100,101470,100,99474,100,,,99439,100,,,99432,100,,,99329,100
2019-06-28 10:05:30.000000000,100862,236,100175,144,100991,236,100050,200,101254,100,100036,100,101299,100,99943,100,101343,100,99942,100,101383,100,99494,100,101470,100,99474,100,,,99439,100,,,99432,100,,,99329,100
2019-06-28 10:05:31.396327496,100862,236,100175,144,100991,236,100050,200,101254,100,100036,100,101299,100,99943,100,101343,100,99494,100,101383,100,99474,100,101470,100,99439,100,,,99432,100,,,99329,100,,,,
2019-06-28 10:05:39.985309230,100862,236,100541,100,100991,236,100175,144,101254,100,100050,200,101299,100,100036,100,101343,100,99943,100,101383,100,99494,100,101470,100,99474,100,,,99439,100,,,99432,100,,,99329,100
2019-06-28 10:05:40.000000000,100862,168,100541,168,100991,168,100175,76,101254,168,100050,132,101299,168,100036,168,101343,100,99943,100,101383,100,99494,100,101470,100,99474,100,,,99439,100,,,99432,100,,,99329,100
2019-06-28 10:05:50.000000000,100862,192,100541,192,100991,189,100175,97,101254,189,100050,153,101299,100,100036,100,101343,100,99943,100,101383,100,99494,100,101470,100,99474,100,,,99439,100,,,99432,100,,,99329,100
2019-06-28 10:06:00.000000000,100862,154,100541,154,100991,154,100175,62,101254,154,100050,118,101299,154,100036,154,101343,154,99943,154,101383,100,99494,100,101470,100,99474,100,,,99439,100,,,99432,100,,,99329,100
2019-06-28 10:06:10.000000000,100862,371,100541,371,100991,100,100175,8,101254,100,100050,64,101299,100,100036,100,101343,100,99943,100,101383,100,99494,100,101470,100,99474,100,,,99439,100,,,99432,100,,,99329,100
2019-06-28 10:06:18.593741346,100582,100,100541,371,100862,371,100175,8,100991,100,100050,64,101254,100,100036,100,101299,100,99943,100,101343,100,99494,100,101383,100,99474,100,101470,100,99439,100,,,99432,100,,,99329,100
2019-06-28 10:06:20.000000000,100582,192,100541,192,100862,189,100175,97,100991,189,100050,153,101254,100,100036,100,101299,100,99943,100,101343,100,99494,100,101383,100,99474,100,101470,100,99439,100,,,99432,100,,,99329,100
2019-06-28 10:06:23.549009416,100582,92,100541,192,100862,189,100175,97,100991,189,100050,153,101254,100,100036,100,101299,100,99943,100,101343,100,99494,100,101383,100,99474,100,101470,100,99439,100,,,99432,100,,,99329,100
2019-06-28 10:06:26.084537273,100582,92,100541,192,100685,100,100175,97,100862,189,100050,153,100991,189,100036,100,101254,100,99943,100,101299,100,99494,100,101343,100,99474,100,101383,100,99439,100,101470,100,99432,100,,,99329,100
2019-06-28 10:06:30.000000000,100685,236,100541,236,100862,236,100175,144,100991,100,100050,64,101254,100,100036,100,101299,100,99943,100,101343,100,99494,100,101383,100,99474,100,101470,100,99439,100,,,99432,100,,,99329,100
2019-06-28 10:06:35.924096209,100685,236,100541,236,100862,236,100540,100,100991,100,100175,144,101254,100,100050,64,101299,100,100036,100,101343,100,99943,100,101383,100,99494,100,101470,100,99474,100,,,99439,100,,,99432,100
2019-06-28 10:06:40.000000000,100685,192,100541,192,100862,189,100540,189,100991,189,100175,97,101254,100,100050,64,101299,100,100036,100,101343,100,99943,100,101383,100,99494,100,101470,100,99474,100,,,99439,100,,,99432,100
2019-06-28 10:06:49.924819796,100685,192,100541,192,100862,189,100540,189,100991,189,100175,97,101254,100,100058,100,101299,100,100050,64,101343,100,100036,100,101383,100,99943,100,101470,100,99494,100,,,99474,100,,,99439,100
2019-06-28 10:06:50.000000000,100685,168,100541,168,100862,168,100540,168,100991,168,100175,76,101254,168,100058,168,101299,100,100050,64,101343,100,100036,100,101383,100,99943,100,101470,100,99494,100,,,99474,100,,,99439,100
2019-06-28 10:06:56.087301773,100685,168,100541,68,100862,168,100540,168,100991,168,100175,76,101254,168,100058,168,101299,100,100050,64,101343,100,100036,100,101383,100,99943,100,101470,100,99494,100,,,99439,100,,,99432,100
2019-06-28 10:07:00.000000000,100685,371,100540,371,100862,100,100175,8,100991,100,100058,100,101254,100,100050,64,101299,100,100036,100,101343,100,99943,100,101383,100,99494,100,101470,100,99439,100,,,99432,100,,,99329,100
2019-06-28 10:07:10.000000000,100685,236,100540,236,100862,236,100175,144,100991,100,100058,100,101254,100,100050,64,101299,100,100036,100,101343,100,99943,100,101383,100,99494,100,101470,100,99439,100,,,99432,100,,,99329,100
2019-06-28 10:07:20.000000000,100685,236,100540,236,100862,236,100175,144,100991,100,100058,100,101254,100,100050,64,101299,100,100036,100,101343,100,99943,100,101383,100,99494,100,101470,100,99439,100,,,99432,100,,,99329,100
2019-06-28 10:07:30.000000000,100685,192,100540,192,100862,189,100175,97,100991,189,100058,189,101254,100,100050,64,101299,100,100036,100,101343,100,99943,100,101383,100,99494,100,101470,100,99439,100,,,99432,100,,,99329,100
2019-06-28 10:07:33.558851341,100581,100,100540,192,100685,192,100175,97,100862,189,100058,189,100991,189,100050,64,101254,100,100036,100,101299,100,99943,100,101343,100,99494,100,101383,100,99439,100,101470,100,99432,100,,,99329,100
2019-06-28 10:07:39.481351904,100581,100,100540,92,100685,192,100175,97,100862,189,100058,189,100991,189,100050,64,101254,100,100036,100,101299,100,99943,100,101343,100,99494,100,101383,100,99439,100,101470,100,99432,100,,,99329,100
2019-06-28 10:07:40.000000000,100581,371,100175,279,100685,100,100058,100,100862,100,100050,64,100991,100,100036,100,101254,100,99943,100,101299,100,99494,100,101343,100,99439,100,101383,100,99432,100,101470,100,99329,100,,,,
2019-06-28 10:07:43.486029490,100581,371,100175,179,100685,100,100058,100,100862,100,100050,64,100991,100,100036,100,101254,100,99943,100,101299,100,99494,100,101343,100,99439,100,101383,100,99432,100,101470,100,99329,100,,,,
2019-06-28 10:07:50.000000000,100581,192,100058,192,100685,189,100050,153,100862,189,100036,189,100991,100,99943,100,101254,100,99494,100,101299,100,99439,100,101343,100,99432,100,101383,100,99329,100,101470,100,,,,,,
2019-06-28 10:08:00.000000000,100581,192,100058,192,100685,189,100050,153,100862,189,100036,189,100991,100,99943,100,101254,100,99494,100,101299,100,99439,100,101343,100,99432,100,101383,100,99329,100,101470,100,,,,,,
