,ask_price_1,ask_size_1,bid_price_1,bid_size_1,ask_price_2,ask_size_2,bid_price_2,bid_size_2,ask_price_3,ask_size_3,bid_price_3,bid_size_3,ask_price_4,ask_size_4,bid_price_4,bid_size_4,ask_price_5,ask_size_5,bid_price_5,bid_size_5,ask_price_6,ask_size_6,bid_price_6,bid_size_6,ask_price_7,ask_size_7,bid_price_7,bid_size_7,ask_price_8,ask_size_8,bid_price_8,bid_size_8,ask_price_9,ask_size_9,bid_price_9,bid_size_9,ask_price_10,ask_size_10,bid_price_10,bid_size_10
2019-06-28 09:30:00.000000000,100026,100,,,100032,100,,,,,,,,,,,,,,,,,,,,,,,,,,,,,,,,,,
2019-06-28 09:30:00.000000002,100026,100,99943,100,100032,100,99880,100,,,,,,,,,,,,,,,,,,,,,,,,,,,,,,,,
2019-06-28 09:30:00.000000005,100026,100,100005,100,100032,100,99943,100,,,99880,100,,,,,,,,,,,,,,,,,,,,,,,,,,,,
2019-06-28 09:30:00.000000006,100026,100,100005,100,100032,100,99943,100,,,99941,100,,,99935,100,,,99880,100,,,,,,,,,,,,,,,,,,,,
2019-06-28 09:30:00.000000007,100026,100,100005,100,100032,100,99952,100,,,99943,100,,,99941,100,,,99935,100,,,99880,100,,,99856,100,,,,,,,,,,,,
2019-06-28 09:30:00.000000009,100026,100,100005,100,100032,100,99952,100,100062,100,99943,100,,,99941,100,,,99935,100,,,99880,100,,,99856,100,,,,,,,,,,,,
2019-06-28 09:30:00.000000013,100026,100,99981,100,100032,100,99952,100,100062,100,99943,100,,,99941,100,,,99935,100,,,99880,100,,,99856,100,,,,,,,,,,,,
2019-06-28 09:30:00.000000015,100026,100,99981,100,100032,100,99962,100,100062,100,99952,100,,,99943,100,,,99941,100,,,99935,100,,,99880,100,,,99856,100,,,,,,,,
2019-06-28 09:30:00.000000016,100026,100,99981,100,100032,100,99962,100,100062,100,99952,100,100160,100,99943,100,,,99941,100,,,99935,100,,,99887,100,,,99880,100,,,99856,100,,,,
2019-06-28 09:30:00.000000017,100026,100,99981,100,100032,100,99962,100,100062,100,99955,100,100160,100,99952,100,,,99943,100,,,99941,100,,,99935,100,,,99887,100,,,99880,100,,,99856,100
2019-06-28 09:30:00.000000018,100026,100,99962,100,100032,100,99955,100,100062,100,99952,100,100160,100,99943,100,,,99941,100,,,99935,100,,,99887,100,,,99880,100,,,99856,100,,,,
2019-06-28 09:30:00.000000024,100026,100,99962,100,100032,100,99955,100,100062,100,99952,100,100160,100,99943,100,,,99941,100,,,99935,100,,,99891,100,,,99887,100,,,99880,100,,,99856,100
2019-06-28 09:30:00.000000026,100026,100,99962,100,100032,100,99955,100,100062,100,99952,100,100160,100,99947,100,,,99943,100,,,99941,100,,,99935,100,,,99891,100,,,99887,100,,,99880,100
2019-06-28 09:30:00.000000028,100032,100,99962,100,100061,100,99955,100,100062,100,99952,100,100160,100,99947,100,,,99943,100,,,99941,100,,,99935,100,,,99891,100,,,99887,100,,,99880,100
2019-06-28 09:30:00.000000030,100026,100,99962,100,100032,100,99955,100,100061,100,99952,100,100062,100,99947,100,100160,100,99943,100,,,99941,100,,,99935,100,,,99891,100,,,99887,100,,,99880,100
2019-06-28 09:30:00.000000031,100026,100,99962,100,100032,100,99955,100,100061,100,99952,100,100062,100,99947,100,100076,100,99943,100,100160,100,99941,100,,,99935,100,,,99891,100,,,99887,100,,,99880,100
2019-06-28 09:30:00.000000034,100026,100,99962,100,100032,100,99955,100,100061,100,99952,100,100062,100,99947,100,100076,100,99943,100,100160,100,99941,100,,,99935,100,,,99891,100,,,99887,100,,,99880,100
2019-06-28 09:30:00.000000036,100026,100,99962,100,100032,100,99955,100,100061,100,99952,100,100062,100,99947,100,100076,100,99943,100,100160,100,99941,100,,,99935,100,,,99928,100,,,99891,100,,,99887,100
2019-06-28 09:30:00.000000041,100026,100,99962,100,100032,100,99955,100,100061,100,99952,100,100062,100,99947,100,100076,100,99943,100,100160,100,99941,100,,,99935,100,,,99928,100,,,99891,100,,,99887,100
2019-06-28 09:30:00.000000043,100026,100,99955,100,100032,100,99952,100,100061,100,99947,100,100062,100,99943,100,100076,100,99941,100,100160,100,99935,100,,,99928,100,,,99891,100,,,99887,100,,,99880,100
2019-06-28 09:30:00.000000044,99962,100,99955,100,100026,100,99952,100,100032,100,99947,100,100061,100,99943,100,100062,100,99941,100,100076,100,99935,100,100160,100,99928,100,,,99891,100,,,99887,100,,,99880,100
2019-06-28 09:30:00.000000045,99962,100,99955,100,100026,100,99952,100,100032,100,99947,100,100061,100,99943,100,100062,200,99941,100,100076,100,99935,100,100160,100,99928,100,,,99891,100,,,99887,100,,,99880,100
2019-06-28 09:30:00.000000047,99962,100,99955,100,100026,100,99952,100,100032,100,99947,100,100052,100,99943,100,100061,100,99941,100,100062,200,99935,100,100076,100,99928,100,100160,100,99891,100,,,99887,100,,,99880,100
2019-06-28 09:30:00.000000048,99962,200,99955,100,100026,100,99952,100,100032,100,99947,100,100052,100,99943,100,100061,100,99941,100,100062,200,99935,100,100076,100,99928,100,100160,100,99891,100,,,99887,100,,,99880,100
2019-06-28 09:30:00.000000052,99962,200,99955,100,99978,100,99952,100,100026,100,99947,100,100032,100,99943,100,100052,100,99941,100,100061,100,99935,100,100062,200,99928,100,100076,100,99891,100,100160,100,99887,100,,,99880,100
2019-06-28 09:30:00.000000055,99962,100,99955,100,99978,100,99952,100,100026,100,99947,100,100032,100,99943,100,100052,100,99941,100,100061,100,99935,100,100062,200,99928,100,100076,100,99891,100,100160,100,99887,100,,,99880,100
2019-06-28 09:30:00.000000062,99962,100,99955,100,99978,100,99952,100,100026,100,99947,100,100032,100,99943,100,100052,100,99941,100,100061,100,99939,100,100062,200,99935,100,100076,100,99928,100,100160,100,99891,100,,,99887,100
2019-06-28 09:30:00.000000063,99962,100,99955,100,99978,100,99952,100,100026,100,99947,100,100032,100,99943,100,100052,100,99941,100,100061,100,99939,100,100062,200,99935,100,100076,100,99928,100,100160,100,99891,100,,,99887,100
2019-06-28 09:30:00.000000064,99962,200,99955,100,99978,100,99952,100,100026,100,99947,100,100032,100,99943,100,100052,100,99941,100,100061,100,99939,100,100062,200,99935,100,100076,100,99928,100,100160,100,99891,100,,,99887,100
2019-06-28 09:30:00.000000066,99962,200,99955,100,99978,100,99952,100,100026,100,99947,100,100032,100,99943,100,100052,100,99941,100,100061,100,99939,100,100062,200,99935,100,100076,100,99929,100,100160,100,99928,100,,,99891,100
2019-06-28 09:30:00.000000067,99962,200,99955,100,99978,100,99952,100,100026,100,99947,100,100032,100,99943,100,100033,100,99941,100,100052,100,99939,100,100061,100,99935,100,100062,200,99929,100,100076,100,99928,100,100160,100,99891,100
2019-06-28 09:30:00.000000070,99962,200,99955,100,99978,100,99952,100,100026,100,99947,100,100032,100,99943,100,100033,100,99941,100,100052,100,99939,100,100061,100,99935,100,100062,200,99929,100,100076,100,99928,100,100160,100,99891,100
2019-06-28 09:30:00.000000071,99978,100,99955,100,100026,100,99952,100,100032,100,99947,100,100033,100,99943,100,100052,100,99941,100,100061,100,99939,100,100062,200,99935,100,100076,100,99929,100,100160,100,99928,100,,,99891,100
2019-06-28 09:30:00.000000072,99978,100,99955,100,100001,100,99952,100,100026,100,99947,100,100032,100,99943,100,100033,100,99941,100,100052,100,99939,100,100061,100,99935,100,100062,200,99929,100,100076,100,99928,100,100160,100,99891,100
2019-06-28 09:30:00.000000073,100026,100,99978,100,100032,100,99955,100,100033,100,99952,100,100052,100,99947,100,100061,100,99943,100,100062,200,99941,100,100076,100,99939,100,100160,100,99935,100,,,99929,100,,,99928,100
2019-06-28 09:30:00.000000076,100032,100,99978,100,100033,100,99955,100,100052,100,99952,100,100061,100,99947,100,100062,200,99943,100,100076,100,99941,100,100160,100,99939,100,,,99935,100,,,99929,100,,,99928,100
2019-06-28 09:30:00.000000078,100032,100,99987,100,100033,100,99978,100,100052,100,99955,100,100061,100,99952,100,100062,200,99947,100,100076,100,99943,100,100160,100,99941,100,,,99939,100,,,99935,100,,,99929,100
2019-06-28 09:30:00.000000079,100026,100,99987,100,100032,100,99978,100,100033,100,99955,100,100052,100,99952,100,100061,100,99947,100,100062,200,99943,100,100076,100,99941,100,100160,100,99939,100,,,99935,100,,,99929,100
2019-06-28 09:30:00.000000080,100032,100,99987,100,100033,100,99978,100,100052,100,99955,100,100061,100,99952,100,100062,200,99947,100,100076,100,99943,100,100160,100,99941,100,,,99939,100,,,99935,100,,,99929,100
2019-06-28 09:30:00.000000082,100032,100,99987,100,100033,100,99978,100,100052,100,99955,100,100061,100,99952,100,100062,200,99947,100,100076,100,99943,100,100125,100,99941,100,100160,100,99939,100,,,99935,100,,,99929,100
2019-06-28 09:30:00.000000083,100032,100,99987,100,100033,100,99978,100,100052,100,99955,100,100061,100,99952,100,100062,200,99947,100,100076,100,99943,100,100100,100,99941,100,100125,100,99939,100,100160,100,99935,100,,,99929,200
2019-06-28 09:30:00.000000084,100033,100,100026,100,100052,100,99987,100,100061,100,99978,100,100062,200,99955,100,100076,100,99952,100,100100,100,99947,100,100125,100,99943,100,100160,100,99941,100,,,99939,100,,,99935,100
2019-06-28 09:30:00.000000089,100033,100,99987,100,100052,100,99978,100,100061,100,99955,100,100062,200,99952,100,100076,100,99947,100,100100,100,99943,100,100125,100,99941,100,100160,100,99939,100,,,99935,100,,,99929,200
2019-06-28 09:30:00.000000091,100033,100,99987,100,100052,100,99978,100,100061,100,99955,100,100062,200,99952,100,100076,100,99947,100,100100,200,99943,100,100125,100,99941,100,100160,100,99939,100,,,99935,100,,,99929,200
2019-06-28 09:30:00.000000092,100032,100,99987,100,100033,100,99978,100,100052,100,99955,100,100061,100,99952,100,100062,200,99947,100,100076,100,99943,100,100100,200,99941,100,100125,100,99939,100,100160,100,99935,100,100207,100,99929,200
2019-06-28 09:30:00.000000093,100032,100,99987,100,100033,100,99978,100,100052,100,99955,100,100061,100,99952,100,100062,200,99947,100,100076,100,99943,100,100100,200,99941,100,100125,100,99939,100,100160,100,99935,100,100207,100,99929,200
2019-06-28 09:30:00.000000094,100032,100,99987,100,100033,100,99978,100,100052,100,99955,100,100061,100,99952,100,100062,200,99947,100,100076,100,99943,100,100100,200,99941,100,100117,100,99939,100,100125,100,99935,100,100160,100,99929,200
2019-06-28 09:30:00.000000099,100032,100,99997,100,100033,100,99987,100,100052,100,99978,100,100061,100,99955,100,100062,200,99952,100,100076,100,99947,100,100100,200,99943,100,100117,100,99941,100,100125,100,99939,100,100160,100,99935,100
2019-06-28 09:30:10.000000000,100032,155,99997,155,100033,155,99987,155,100052,155,99978,155,100061,155,99955,155,100062,255,99952,155,100076,100,99947,100,100100,200,99943,100,100117,100,99941,100,100125,100,99939,100,100160,100,99935,100
2019-06-28 09:30:11.652339665,100032,155,99997,155,100033,155,99987,155,100052,155,99978,155,100061,155,99955,155,100062,255,99952,155,100076,100,99947,100,100100,200,99943,100,100117,100,99941,100,100125,100,99939,100,100160,100,99935,100
2019-06-28 09:30:18.285433308,100032,155,99997,155,100033,155,99987,155,100052,155,99978,155,100061,155,99955,155,100062,255,99952,155,100076,100,99947,100,100100,200,99943,100,100117,100,99941,100,100125,100,99939,100,100160,100,99935,100
2019-06-28 09:30:20.000000000,100032,194,99997,194,100033,191,99987,191,100052,191,99978,191,100061,100,99955,100,100062,200,99952,100,100076,100,99947,100,100100,200,99943,100,100117,100,99941,100,100125,100,99939,100,100160,100,99935,100
2019-06-28 09:30:30.000000000,100032,155,99997,155,100033,155,99987,155,100052,155,99978,155,100061,155,99955,155,100062,255,99952,155,100076,100,99947,100,100100,200,99943,100,100117,100,99941,100,100125,100,99939,100,100160,100,99935,100
2019-06-28 09:30:40.000000000,100032,194,99997,194,100033,191,99987,191,100052,191,99978,191,100061,100,99955,100,100062,200,99952,100,100076,100,99947,100,100100,200,99943,100,100117,100,99941,100,100125,100,99939,100,100160,100,99935,100
2019-06-28 09:30:50.000000000,100032,194,99997,194,100033,191,99987,191,100052,191,99978,191,100061,100,99955,100,100062,200,99952,100,100076,100,99947,100,100100,200,99943,100,100117,100,99941,100,100125,100,99939,100,100160,100,99935,100
2019-06-28 09:30:56.860480424,100032,94,99997,194,100033,191,99987,191,100052,191,99978,191,100061,100,99955,100,100062,200,99952,100,100076,100,99947,100,100100,200,99943,100,100117,100,99941,100,100125,100,99939,100,100160,100,99935,100
2019-06-28 09:31:00.000000000,100033,194,99997,194,100052,191,99987,191,100061,191,99978,191,100062,200,99955,100,100076,100,99952,100,100100,200,99947,100,100117,100,99943,100,100125,100,99941,100,100160,100,99939,100,100207,100,99935,100
2019-06-28 09:31:10.000000000,100033,376,99997,376,100052,100,99987,100,100061,100,99978,100,100062,200,99955,100,100076,100,99952,100,100100,200,99947,100,100117,100,99943,100,100125,100,99941,100,100160,100,99939,100,100207,100,99935,100
2019-06-28 09:31:12.047861912,100033,376,100026,100,100052,100,99997,376,100061,100,99987,100,100062,200,99978,100,100076,100,99955,100,100100,200,99952,100,100117,100,99947,100,100125,100,99943,100,100160,100,99941,100,100207,100,99939,100
2019-06-28 09:31:19.836259459,100033,376,100026,100,100052,100,99997,376,100061,100,99987,100,100062,200,99978,100,100076,100,99955,100,100100,200,99952,100,100117,100,99947,100,100125,100,99943,100,100160,100,99941,100,100207,100,99939,100
2019-06-28 09:31:20.000000000,100033,238,100026,238,100052,238,99997,238,100061,100,99987,100,100062,200,99978,100,100076,100,99955,100,100100,200,99952,100,100117,100,99947,100,100125,100,99943,100,100160,100,99941,100,100207,100,99939,100
2019-06-28 09:31:24.824297840,100033,138,100026,238,100052,238,99997,238,100061,100,99987,100,100062,200,99978,100,100076,100,99955,100,100100,100,99952,100,100117,100,99947,100,100125,100,99943,100,100160,100,99941,100,100207,100,99939,100
2019-06-28 09:31:30.000000000,100052,155,100026,155,100061,155,99997,155,100062,255,99987,155,100076,155,99978,155,100100,155,99955,155,100117,100,99952,100,100125,100,99947,100,100160,100,99943,100,100207,100,99941,100,100580,100,99939,100
2019-06-28 09:31:40.000000000,100052,376,100026,376,100061,100,99997,100,100062,200,99987,100,100076,100,99978,100,100100,100,99955,100,100117,100,99952,100,100125,100,99947,100,100160,100,99943,100,100207,100,99941,100,100580,100,99939,100
2019-06-28 09:31:50.000000000,100052,376,100026,376,100061,100,99997,100,100062,200,99987,100,100076,100,99978,100,100100,100,99955,100,100117,100,99952,100,100125,100,99947,100,100160,100,99943,100,100207,100,99941,100,100580,100,99939,100
2019-06-28 09:32:00.000000000,100052,238,100026,238,100061,238,99997,238,100062,200,99987,100,100076,100,99978,100,100100,100,99955,100,100117,100,99952,100,100125,100,99947,100,100160,100,99943,100,100207,100,99941,100,100580,100,99939,100
2019-06-28 09:32:10.000000000,100052,238,100026,238,100061,238,99997,238,100062,200,99987,100,100076,100,99978,100,100100,100,99955,100,100117,100,99952,100,100125,100,99947,100,100160,100,99943,100,100207,100,99941,100,100580,100,99939,100
2019-06-28 09:32:20.000000000,100052,155,100026,155,100061,155,99997,155,100062,255,99987,155,100076,155,99978,155,100100,155,99955,155,100117,100,99952,100,100125,100,99947,100,100160,100,99943,100,100207,100,99941,100,100580,100,99939,100
2019-06-28 09:32:30.000000000,100052,376,100026,376,100061,100,99997,100,100062,200,99987,100,100076,100,99978,100,100100,100,99955,100,100117,100,99952,100,100125,100,99947,100,100160,100,99943,100,100207,100,99941,100,100580,100,99939,100
2019-06-28 09:32:31.096053788,100052,376,100026,376,100061,100,99997,100,100062,200,99987,100,100076,100,99978,100,100100,100,99955,100,100117,100,99952,100,100125,100,99947,100,100160,100,99943,100,100207,100,99941,100,100580,100,99939,100
2019-06-28 09:32:40.000000000,100052,169,100026,169,100061,169,99997,169,100062,269,99987,169,100076,169,99978,169,100100,100,99955,100,100117,100,99952,100,100125,100,99947,100,100160,100,99943,100,100207,100,99941,100,100580,100,99939,100
2019-06-28 09:32:50.000000000,100052,169,100026,169,100061,169,99997,169,100062,269,99987,169,100076,169,99978,169,100100,100,99955,100,100117,100,99952,100,100125,100,99947,100,100160,100,99943,100,100207,100,99941,100,100580,100,99939,100
2019-06-28 09:33:00.000000000,100052,155,100026,155,100061,155,99997,155,100062,255,99987,155,100076,155,99978,155,100100,155,99955,155,100117,100,99952,100,100125,100,99947,100,100160,100,99943,100,100207,100,99941,100,100580,100,99939,100
2019-06-28 09:33:10.000000000,100052,194,100026,194,100061,191,99997,191,100062,291,99987,191,100076,100,99978,100,100100,100,99955,100,100117,100,99952,100,100125,100,99947,100,100160,100,99943,100,100207,100,99941,100,100580,100,99939,100
2019-06-28 09:33:20.000000000,100052,376,100026,376,100061,100,99997,100,100062,200,99987,100,100076,100,99978,100,100100,100,99955,100,100117,100,99952,100,100125,100,99947,100,100160,100,99943,100,100207,100,99941,100,100580,100,99939,100
2019-06-28 09:33:30.000000000,100052,169,100026,169,100061,169,99997,169,100062,269,99987,169,100076,169,99978,169,100100,100,99955,100,100117,100,99952,100,100125,100,99947,100,100160,100,99943,100,100207,100,99941,100,100580,100,99939,100
2019-06-28 09:33:33.346482565,100052,169,100026,169,100061,169,99997,169,100062,269,99987,169,100076,169,99978,169,100100,100,99955,100,100117,100,99952,100,100125,100,99947,100,100160,100,99943,100,100207,100,99941,100,100580,100,99939,100
2019-06-28 09:33:34.493672024,100052,169,100032,100,100061,169,100026,169,100062,269,99997,169,100076,169,99987,169,100100,100,99978,69,100117,100,99955,100,100125,100,99952,100,100160,100,99947,100,100207,100,99943,100,100580,100,99941,100
2019-06-28 09:33:36.863317785,100052,169,100032,100,100061,169,100026,169,100062,269,99997,169,100076,169,99987,169,100100,100,99978,69,100117,100,99955,100,100125,100,99952,100,100160,100,99947,100,100207,100,99943,100,100580,100,99941,100
2019-06-28 09:33:40.000000000,100052,169,100032,169,100061,169,100026,169,100062,269,99997,169,100076,169,99987,169,100100,100,99955,100,100117,100,99952,100,100125,100,99947,100,100160,100,99943,100,100207,100,99941,100,100580,100,99939,100
2019-06-28 09:33:40.511087463,100052,169,100032,169,100061,169,100026,169,100062,269,99997,169,100076,169,99987,169,100100,100,99955,100,100117,100,99952,100,100125,100,99947,100,100160,100,99943,100,100207,100,99941,100,100580,100,99939,100
2019-06-28 09:33:50.000000000,100052,238,100032,238,100061,238,100026,238,100062,200,99997,100,100076,100,99987,100,100100,100,99955,100,100117,100,99952,100,100125,100,99947,100,100160,100,99943,100,100207,100,99941,100,100580,100,99939,100
2019-06-28 09:34:00.000000000,100052,155,100032,155,100061,155,100026,155,100062,255,99997,155,100076,155,99987,155,100100,155,99955,155,100117,100,99952,100,100125,100,99947,100,100160,100,99943,100,100207,100,99941,100,100580,100,99939,100
2019-06-28 09:34:10.000000000,100052,194,100032,194,100061,191,100026,191,100062,291,99997,191,100076,100,99987,100,100100,100,99955,100,100117,100,99952,100,100125,100,99947,100,100160,100,99943,100,100207,100,99941,100,100580,100,99939,100
2019-06-28 09:34:20.000000000,100052,169,100032,169,100061,169,100026,169,100062,269,99997,169,100076,169,99987,169,100100,100,99955,100,100117,100,99952,100,100125,100,99947,100,100160,100,99943,100,100207,100,99941,100,100580,100,99939,100
2019-06-28 09:34:30.000000000,100052,169,100032,169,100061,169,100026,169,100062,269,99997,169,100076,169,99987,169,100100,100,99955,100,100117,100,99952,100,100125,100,99947,100,100160,100,99943,100,100207,100,99941,100,100580,100,99939,100
2019-06-28 09:34:40.000000000,100052,194,100032,194,100061,191,100026,191,100062,291,99997,191,100076,100,99987,100,100100,100,99955,100,100117,100,99952,100,100125,100,99947,100,100160,100,99943,100,100207,100,99941,100,100580,100,99939,100
2019-06-28 09:34:41.273238758,100052,194,100032,294,100061,191,100026,191,100062,291,99997,191,100076,100,99987,100,100100,100,99955,100,100117,100,99952,100,100125,100,99947,100,100160,100,99943,100,100207,100,99941,100,100580,100,99939,100
2019-06-28 09:34:50.000000000,100052,169,100032,269,100061,169,100026,169,100062,269,99997,169,100076,169,99987,169,100100,100,99955,100,100117,100,99952,100,100125,100,99947,100,100160,100,99943,100,100207,100,99941,100,100580,100,99939,100
2019-06-28 09:34:57.635143515,100052,69,100032,269,100061,169,100026,169,100062,269,99997,169,100076,169,99987,169,100100,100,99955,100,100117,100,99952,100,100125,100,99947,100,100160,100,99943,100,100207,100,99941,100,100774,100,99939,100
2019-06-28 09:35:00.000000000,100061,194,100032,294,100062,291,100026,191,100076,191,99997,191,100100,100,99987,100,100117,100,99955,100,100125,100,99952,100,100160,100,99947,100,100207,100,99943,100,100774,100,99941,100,100998,100,99939,100
2019-06-28 09:35:00.571941771,100061,94,100032,294,100062,291,100026,191,100076,91,99997,191,100100,100,99987,100,100117,100,99955,100,100125,100,99952,100,100160,100,99947,100,100207,100,99943,100,100774,100,99941,100,100998,100,99939,100
2019-06-28 09:35:10.000000000,100062,255,100032,255,100100,155,100026,155,100117,155,99997,155,100125,155,99987,155,100160,155,99955,155,100207,100,99952,100,100774,100,99947,100,100998,100,99943,100,101037,100,99941,100,101110,100,99939,100
2019-06-28 09:35:20.000000000,100062,476,100032,476,100100,100,100026,100,100117,100,99997,100,100125,100,99987,100,100160,100,99955,100,100207,100,99952,100,100774,100,99947,100,100998,100,99943,100,101037,100,99941,100,101110,100,99939,100
2019-06-28 09:35:30.000000000,100062,338,100032,338,100100,238,100026,238,100117,100,99997,100,100125,100,99987,100,100160,100,99955,100,100207,100,99952,100,100774,100,99947,100,100998,100,99943,100,101037,100,99941,100,101110,100,99939,100
2019-06-28 09:35:40.000000000,100062,255,100032,255,100100,155,100026,155,100117,155,99997,155,100125,155,99987,155,100160,155,99955,155,100207,100,99952,100,100774,100,99947,100,100998,100,99943,100,101037,100,99941,100,101110,100,99939,100
2019-06-28 09:35:50.000000000,100062,294,100032,294,100100,191,100026,191,100117,191,99997,191,100125,100,99987,100,100160,100,99955,100,100207,100,99952,100,100774,100,99947,100,100998,100,99943,100,101037,100,99941,100,101110,100,99939,100
2019-06-28 09:36:00.000000000,100062,476,100032,476,100100,100,100026,100,100117,100,99997,100,100125,100,99987,100,100160,100,99955,100,100207,100,99952,100,100774,100,99947,100,100998,100,99943,100,101037,100,99941,100,101110,100,99939,100
2019-06-28 09:36:10.000000000,100062,476,100032,476,100100,100,100026,100,100117,100,99997,100,100125,100,99987,100,100160,100,99955,100,100207,100,99952,100,100774,100,99947,100,100998,100,99943,100,101037,100,99941,100,101110,100,99939,100
2019-06-28 09:36:20.000000000,100062,255,100032,255,100100,155,100026,155,100117,155,99997,155,100125,155,99987,155,100160,155,99955,155,100207,100,99952,100,100774,100,99947,100,100998,100,99943,100,101037,100,99941,100,101110,100,99939,100
2019-06-28 09:36:30.000000000,100062,255,100032,255,100100,155,100026,155,100117,155,99997,155,100125,155,99987,155,100160,155,99955,155,100207,100,99952,100,100774,100,99947,100,100998,100,99943,100,101037,100,99941,100,101110,100,99939,100
2019-06-28 09:36:36.185104417,100062,255,100032,155,100100,155,100026,155,100117,155,99997,155,100125,155,99987,155,100160,155,99955,155,100207,100,99952,100,100774,100,99947,100,100998,100,99943,100,101037,100,99941,100,101110,100,99939,100
2019-06-28 09:36:40.000000000,100062,476,100032,376,100100,100,100026,100,100117,100,99997,100,100125,100,99987,100,100160,100,99955,100,100207,100,99952,100,100774,100,99947,100,100998,100,99943,100,101037,100,99941,100,101110,100,99939,100
2019-06-28 09:36:49.067690187,100062,476,100032,276,100100,100,100026,100,100117,100,99997,100,100125,100,99987,100,100160,100,99955,100,100207,100,99952,100,100774,100,99943,100,100998,100,99941,100,101037,100,99939,100,101110,100,99935,100
2019-06-28 09:36:50.000000000,100062,338,100026,238,100100,238,99997,238,100117,100,99987,100,100125,100,99955,100,100160,100,99952,100,100207,100,99943,100,100774,100,99941,100,100998,100,99939,100,101037,100,99935,100,101110,100,99929,200
2019-06-28 09:37:00.000000000,100062,269,100026,169,100100,169,99997,169,100117,169,99987,169,100125,169,99955,169,100160,100,99952,100,100207,100,99943,100,100774,100,99941,100,100998,100,99939,100,101037,100,99935,100,101110,100,99929,200
2019-06-28 09:37:00.664156472,100062,269,100026,69,100100,169,99997,169,100117,169,99987,169,100125,169,99955,169,100160,100,99952,100,100207,100,99941,100,100774,100,99939,100,100998,100,99935,100,101037,100,99929,200,101110,100,99912,100
2019-06-28 09:37:10.000000000,100062,255,99997,155,100100,155,99987,155,100117,155,99955,155,100125,155,99952,155,100160,155,99941,155,100207,100,99939,100,100774,100,99935,100,100998,100,99929,200,101037,100,99912,100,101110,100,99911,100
2019-06-28 09:37:20.000000000,100062,476,99997,376,100100,100,99987,100,100117,100,99955,100,100125,100,99952,100,100160,100,99941,100,100207,100,99939,100,100774,100,99935,100,100998,100,99929,200,101037,100,99912,100,101110,100,99911,100
2019-06-28 09:37:28.864003819,100062,476,99997,376,100100,100,99955,100,100117,100,99952,100,100125,100,99941,100,100160,100,99939,100,100207,100,99935,100,100774,100,99929,200,100998,100,99912,100,101037,100,99911,100,101110,100,99876,100
2019-06-28 09:37:30.000000000,100062,338,99997,238,100100,238,99955,238,100117,100,99952,100,100125,100,99941,100,100160,100,99939,100,100207,100,99935,100,100774,100,99929,200,100998,100,99912,100,101037,100,99911,100,101110,100,99876,100
2019-06-28 09:37:31.651250296,100032,100,99997,238,100062,338,99955,238,100100,238,99952,100,100117,100,99941,100,100125,100,99939,100,100160,100,99935,100,100207,100,99929,200,100774,100,99912,100,100998,100,99911,100,101037,100,99876,100
2019-06-28 09:37:40.000000000,100032,169,99997,169,100062,269,99955,169,100100,169,99952,169,100117,169,99941,169,100125,100,99939,100,100160,100,99935,100,100207,100,99929,200,100774,100,99912,100,100998,100,99911,100,101037,100,99876,100
2019-06-28 09:37:43.009822064,100032,269,99997,169,100062,269,99955,169,100100,169,99952,169,100117,169,99941,169,100125,100,99939,100,100160,100,99935,100,100207,100,99929,200,100774,100,99912,100,100998,100,99911,100,101037,100,99876,100
2019-06-28 09:37:50.000000000,100032,269,99997,169,100062,269,99955,169,100100,169,99952,169,100117,169,99941,169,100125,100,99939,100,100160,100,99935,100,100207,100,99929,200,100774,100,99912,100,100998,100,99911,100,101037,100,99876,100
2019-06-28 09:37:51.600635054,100032,269,99997,169,100062,269,99955,169,100100,169,99952,169,100117,169,99941,169,100125,100,99939,100,100160,100,99935,100,100207,100,99929,200,100774,100,99912,100,100998,100,99911,100,101037,100,99876,100
2019-06-28 09:37:56.617763298,100032,269,99997,169,100062,269,99955,169,100100,169,99952,169,100117,169,99941,69,100125,100,99939,100,100160,100,99935,100,100207,100,99929,200,100774,100,99912,100,100998,100,99911,100,101037,100,99876,100
2019-06-28 09:38:00.000000000,100032,269,99997,169,100062,269,99955,169,100100,169,99952,169,100117,169,99939,169,100125,100,99935,100,100160,100,99929,200,100207,100,99912,100,100774,100,99911,100,100998,100,99876,100,101037,100,99864,100
2019-06-28 09:38:10.000000000,100032,338,99997,238,100062,338,99955,238,100100,100,99952,100,100117,100,99939,100,100125,100,99935,100,100160,100,99929,200,100207,100,99912,100,100774,100,99911,100,100998,100,99876,100,101037,100,99864,100
2019-06-28 09:38:19.088866049,100032,438,99997,238,100062,338,99955,238,100100,100,99952,100,100117,100,99939,100,100125,100,99935,100,100160,100,99929,200,100207,100,99912,100,100774,100,99911,100,100998,100,99876,100,101037,100,99864,100
2019-06-28 09:38:20.000000000,100032,576,99997,376,100062,200,99955,100,100100,100,99952,100,100117,100,99939,100,100125,100,99935,100,100160,100,99929,200,100207,100,99912,100,100774,100,99911,100,100998,100,99876,100,101037,100,99864,100
2019-06-28 09:38:20.270590718,100032,676,99997,376,100062,100,99955,100,100100,100,99952,100,100117,100,99939,100,100125,100,99935,100,100160,100,99929,200,100207,100,99912,100,100774,100,99911,100,100998,100,99876,100,101037,100,99864,100
2019-06-28 09:38:25.483723580,100032,676,99997,376,100062,100,99955,100,100100,100,99952,100,100117,100,99939,100,100125,100,99935,100,100160,100,99929,200,100207,100,99912,100,100774,100,99911,100,100998,100,99876,100,101037,100,99864,100
2019-06-28 09:38:30.000000000,100032,469,99997,169,100062,169,99955,169,100100,169,99952,169,100117,169,99939,169,100125,100,99935,100,100160,100,99929,200,100207,100,99912,100,100774,100,99911,100,100998,100,99876,100,101037,100,99864,100
2019-06-28 09:38:40.000000000,100032,538,99997,238,100062,238,99955,238,100100,100,99952,100,100117,100,99939,100,100125,100,99935,100,100160,100,99929,200,100207,100,99912,100,100774,100,99911,100,100998,100,99876,100,101037,100,99864,100
2019-06-28 09:38:50.000000000,100032,469,99997,169,100062,169,99955,169,100100,169,99952,169,100117,169,99939,169,100125,100,99935,100,100160,100,99929,200,100207,100,99912,100,100774,100,99911,100,100998,100,99876,100,101037,100,99864,100
2019-06-28 09:38:54.813877788,100032,469,99997,69,100062,169,99955,169,100100,169,99952,169,100117,169,99939,169,100125,100,99935,100,100160,100,99929,200,100207,100,99912,100,100774,100,99911,100,100998,100,99876,100,101037,100,99864,100
2019-06-28 09:39:00.000000000,100032,494,99955,194,100062,191,99952,191,100100,191,99939,191,100117,100,99935,100,100125,100,99929,200,100160,100,99912,100,100207,100,99911,100,100774,100,99876,100,100998,100,99864,100,101037,100,99861,100
2019-06-28 09:39:10.000000000,100032,676,99955,376,100062,100,99952,100,100100,100,99939,100,100117,100,99935,100,100125,100,99929,200,100160,100,99912,100,100207,100,99911,100,100774,100,99876,100,100998,100,99864,100,101037,100,99861,100
2019-06-28 09:39:15.633347812,100032,676,99955,276,100062,100,99952,100,100100,100,99939,100,100117,100,99935,100,100125,100,99929,100,100160,100,99912,100,100207,100,99911,100,100774,100,99876,100,100998,100,99864,100,101037,100,99861,100
2019-06-28 09:39:19.261563785,100032,676,99955,176,100062,100,99952,100,100100,100,99939,100,100117,100,99935,100,100125,100,99929,100,100160,100,99912,100,100207,100,99911,100,100774,100,99876,100,100998,100,99864,100,101037,100,99856,100
2019-06-28 09:39:20.000000000,100032,469,99952,169,100062,169,99939,169,100100,169,99935,169,100117,169,99929,169,100125,100,99912,100,100160,100,99911,100,100207,100,99876,100,100774,100,99864,100,100998,100,99856,100,101037,100,99843,100
2019-06-28 09:39:30.000000000,100032,538,99952,238,100062,238,99939,238,100100,100,99935,100,100117,100,99929,100,100125,100,99912,100,100160,100,99911,100,100207,100,99876,100,100774,100,99864,100,100998,100,99856,100,101037,100,99843,100
2019-06-28 09:39:40.000000000,100032,469,99952,169,100062,169,99939,169,100100,169,99935,169,100117,169,99929,169,100125,100,99912,100,100160,100,99911,100,100207,100,99876,100,100774,100,99864,100,100998,100,99856,100,101037,100,99843,100
2019-06-28 09:39:50.000000000,100032,676,99952,376,100062,100,99939,100,100100,100,99935,100,100117,100,99929,100,100125,100,99912,100,100160,100,99911,100,100207,100,99876,100,100774,100,99864,100,100998,100,99856,100,101037,100,99843,100
2019-06-28 09:40:00.000000000,100032,455,99952,155,100062,155,99939,155,100100,155,99935,155,100117,155,99929,155,100125,155,99912,155,100160,100,99911,100,100207,100,99876,100,100774,100,99864,100,100998,100,99856,100,101037,100,99843,100
2019-06-28 09:40:01.354777015,100032,455,99952,55,100062,155,99939,155,100100,155,99935,155,100117,155,99929,155,100125,155,99912,155,100160,100,99911,100,100207,100,99876,100,100774,100,99864,100,100998,100,99856,100,101037,100,99843,100
2019-06-28 09:40:10.000000000,100032,676,99939,376,100062,100,99935,100,100100,100,99929,100,100117,100,99912,100,100125,100,99911,100,100160,100,99876,100,100207,100,99864,100,100774,100,99856,100,100998,100,99843,100,101037,100,99151,100
2019-06-28 09:40:10.584442799,100032,676,99939,376,100062,100,99935,100,100100,100,99929,100,100117,100,99912,100,100125,100,99911,100,100160,100,99876,100,100207,100,99864,100,100774,100,99856,100,100998,100,99843,100,101037,100,99187,100
2019-06-28 09:40:16.639123317,100032,676,99939,376,100100,100,99935,100,100117,100,99929,100,100125,100,99912,100,100160,100,99911,100,100207,100,99876,100,100774,100,99864,100,100998,100,99856,100,101037,100,99843,100,101110,100,99202,100
2019-06-28 09:40:18.057094318,100032,676,99939,276,100117,100,99935,100,100125,100,99929,100,100160,100,99912,100,100207,100,99911,100,100774,100,99876,100,100998,100,99864,100,101037,100,99856,100,101110,100,99843,100,,,99202,100
2019-06-28 09:40:18.720169802,100032,676,99939,176,100117,100,99935,100,100125,100,99929,100,100160,100,99912,100,100207,100,99911,100,100774,100,99876,100,100998,100,99864,100,101037,100,99856,100,101110,100,99843,100,,,99202,100
2019-06-28 09:40:20.000000000,100032,469,99935,169,100117,169,99929,169,100125,169,99912,169,100160,169,99911,169,100207,100,99876,100,100774,100,99864,100,100998,100,99856,100,101037,100,99843,100,101110,100,99202,100,,,99187,100
2019-06-28 09:40:24.287706644,100032,469,99935,69,100117,169,99929,169,100125,169,99912,169,100160,169,99911,169,100207,100,99876,100,100774,100,99864,100,100998,100,99843,100,101037,100,99202,100,101110,100,99187,100,,,99151,100
2019-06-28 09:40:30.000000000,100032,469,99929,169,100117,169,99912,169,100125,169,99911,169,100160,169,99876,169,100207,100,99864,100,100774,100,99843,100,100998,100,99202,100,101037,100,99187,100,101110,100,99151,100,,,98847,100
2019-06-28 09:40:31.868776347,100032,469,99929,169,100117,169,99912,169,100125,169,99911,169,100160,169,99876,169,100207,100,99864,100,100774,100,99843,100,100998,100,99286,100,101037,100,99202,100,101110,100,99187,100,,,99151,100
2019-06-28 09:40:36.655476076,100032,469,99929,169,100117,169,99912,169,100125,169,99911,169,100160,169,99876,169,100207,100,99864,100,100774,100,99843,100,100998,100,99286,100,101037,100,99283,100,101110,100,99202,100,,,99187,100
2019-06-28 09:40:40.000000000,100032,494,99929,194,100117,191,99912,191,100125,191,99911,191,100160,100,99876,100,100207,100,99864,100,100774,100,99843,100,100998,100,99286,100,101037,100,99283,100,101110,100,99202,100,,,99187,100
2019-06-28 09:40:44.260186697,100032,494,99929,194,100117,191,99912,191,100125,191,99911,191,100160,100,99876,100,100207,100,99864,100,100774,100,99843,100,100998,100,99396,100,101037,100,99286,100,101110,100,99283,100,,,99202,100
2019-06-28 09:40:50.000000000,100032,538,99929,238,100117,238,99912,238,100125,100,99911,100,100160,100,99876,100,100207,100,99864,100,100774,100,99843,100,100998,100,99396,100,101037,100,99286,100,101110,100,99283,100,,,99202,100
2019-06-28 09:40:53.352475437,100032,438,99929,238,100117,238,99912,238,100125,100,99911,100,100160,100,99876,100,100207,100,99864,100,100774,100,99843,100,100998,100,99396,100,101037,100,99286,100,101110,100,99283,100,,,99202,100
2019-06-28 09:40:57.073159325,100032,438,99929,138,100117,238,99912,238,100125,100,99911,100,100160,100,99876,100,100207,100,99864,100,100774,100,99843,100,100998,100,99396,100,101110,100,99286,100,,,99283,100,,,99202,100
2019-06-28 09:41:00.000000000,100032,369,99912,169,100117,169,99911,169,100125,169,99876,169,100160,169,99864,169,100207,100,99843,100,100774,100,99396,100,100998,100,99286,100,101110,100,99283,100,,,99202,100,,,99151,100
2019-06-28 09:41:10.000000000,100032,438,99912,238,100117,238,99911,238,100125,100,99876,100,100160,100,99864,100,100207,100,99843,100,100774,100,99396,100,100998,100,99286,100,101110,100,99283,100,,,99202,100,,,99151,100
2019-06-28 09:41:20.000000000,100032,355,99912,155,100117,155,99911,155,100125,155,99876,155,100160,155,99864,155,100207,155,99843,155,100774,100,99396,100,100998,100,99286,100,101110,100,99283,100,,,99202,100,,,99151,100
2019-06-28 09:41:29.999012166,100032,355,99912,55,100117,155,99911,155,100125,155,99876,155,100160,155,99864,155,100207,155,99843,155,100774,100,99396,100,100998,100,99286,100,101110,100,99283,100,,,99202,100,,,99151,100
2019-06-28 09:41:30.000000000,100032,576,99911,376,100117,100,99876,100,100125,100,99864,100,100160,100,99843,100,100207,100,99396,100,100774,100,99286,100,100998,100,99283,100,101110,100,99202,100,,,99151,100,,,,
2019-06-28 09:41:40.000000000,100032,394,99911,194,100117,191,99876,191,100125,191,99864,191,100160,100,99843,100,100207,100,99396,100,100774,100,99286,100,100998,100,99283,100,101110,100,99202,100,,,99151,100,,,,
2019-06-28 09:41:40.767962926,100032,394,99911,194,100117,191,99876,191,100125,191,99864,191,100160,100,99843,100,100207,100,99731,100,100774,100,99396,100,100998,100,99286,100,101110,100,99283,100,,,99202,100,,,99151,100
2019-06-28 09:41:41.161528142,100032,394,99911,94,100117,191,99876,191,100125,191,99864,191,100160,100,99843,100,100207,100,99731,100,100774,100,99396,100,100998,100,99286,100,101110,100,99283,100,,,99202,100,,,99151,100
2019-06-28 09:41:50.000000000,100032,369,99876,169,100117,169,99864,169,100125,169,99843,169,100160,169,99731,169,100207,100,99396,100,100774,100,99286,100,100998,100,99283,100,101110,100,99202,100,,,99151,100,,,,
2019-06-28 09:41:51.130706921,100032,369,99876,169,100117,169,99864,169,100125,169,99843,169,100160,169,99731,169,100207,100,99509,100,100774,100,99396,100,100998,100,99286,100,101110,100,99283,100,,,99202,100,,,99151,100
2019-06-28 09:42:00.000000000,100032,438,99876,238,100117,238,99864,238,100125,100,99843,100,100160,100,99731,100,100207,100,99509,100,100774,100,99396,100,100998,100,99286,100,101110,100,99283,100,,,99202,100,,,99151,100
2019-06-28 09:42:10.000000000,100032,394,99876,194,100117,191,99864,191,100125,191,99843,191,100160,100,99731,100,100207,100,99509,100,100774,100,99396,100,100998,100,99286,100,101110,100,99283,100,,,99202,100,,,99151,100
2019-06-28 09:42:20.000000000,100032,394,99876,194,100117,191,99864,191,100125,191,99843,191,100160,100,99731,100,100207,100,99509,100,100774,100,99396,100,100998,100,99286,100,101110,100,99283,100,,,99202,100,,,99151,100
2019-06-28 09:42:30.000000000,100032,369,99876,169,100117,169,99864,169,100125,169,99843,169,100160,169,99731,169,100207,100,99509,100,100774,100,99396,100,100998,100,99286,100,101110,100,99283,100,,,99202,100,,,99151,100
2019-06-28 09:42:40.000000000,100032,438,99876,238,100117,238,99864,238,100125,100,99843,100,100160,100,99731,100,100207,100,99509,100,100774,100,99396,100,100998,100,99286,100,101110,100,99283,100,,,99202,100,,,99151,100
2019-06-28 09:42:50.000000000,100032,438,99876,238,100117,238,99864,238,100125,100,99843,100,100160,100,99731,100,100207,100,99509,100,100774,100,99396,100,100998,100,99286,100,101110,100,99283,100,,,99202,100,,,99151,100
2019-06-28 09:42:52.772528228,100032,438,99876,238,100117,238,99864,238,100125,100,99843,100,100160,100,99731,100,100207,100,99509,100,100486,100,99396,100,100774,100,99286,100,100998,100,99283,100,101110,100,99202,100,,,99151,100
2019-06-28 09:43:00.000000000,100032,355,99876,155,100117,155,99864,155,100125,155,99843,155,100160,155,99731,155,100207,155,99509,155,100486,100,99396,100,100774,100,99286,100,100998,100,99283,100,101110,100,99202,100,,,99151,100
2019-06-28 09:43:00.540682444,100032,255,99876,155,100117,55,99864,155,100125,155,99843,155,100160,155,99731,155,100207,155,99509,155,100486,100,99396,100,100774,100,99286,100,100998,100,99283,100,101110,100,99202,100,,,99151,100
2019-06-28 09:43:06.224936175,100032,155,99876,155,100117,55,99864,155,100125,155,99843,155,100160,155,99731,155,100207,155,99509,155,100486,100,99396,100,100774,100,99286,100,100998,100,99283,100,101110,100,99202,100,,,99151,100
2019-06-28 09:43:10.000000000,100032,155,99876,155,100125,155,99864,155,100160,155,99843,155,100207,155,99731,155,100486,155,99509,155,100774,100,99396,100,100998,100,99286,100,101110,100,99283,100,,,99202,100,,,99151,100
2019-06-28 09:43:14.452316271,100032,55,99876,155,100125,155,99864,155,100160,155,99843,155,100207,155,99731,155,100486,155,99509,155,100774,100,99396,100,100998,100,99286,100,101110,100,99283,100,,,99202,100,,,99151,100
2019-06-28 09:43:19.868825928,100032,55,99876,155,100125,155,99864,155,100160,155,99843,155,100207,155,99731,155,100432,100,99509,155,100486,155,99396,100,100774,100,99286,100,100998,100,99283,100,101110,100,99202,100,,,99151,100
2019-06-28 09:43:20.000000000,100125,169,99876,169,100160,169,99864,169,100207,169,99843,169,100432,169,99731,169,100486,100,99509,100,100774,100,99396,100,100998,100,99286,100,101110,100,99283,100,,,99202,100,,,99151,100
2019-06-28 09:43:30.000000000,100125,376,99876,376,100160,100,99864,100,100207,100,99843,100,100432,100,99731,100,100486,100,99509,100,100774,100,99396,100,100998,100,99286,100,101110,100,99283,100,,,99202,100,,,99151,100
2019-06-28 09:43:33.618029325,100125,376,100032,100,100160,100,99876,376,100207,100,99864,100,100432,100,99843,100,100486,100,99731,100,100774,100,99509,100,100998,100,99396,100,101110,100,99286,100,,,99283,100,,,99202,100
2019-06-28 09:43:40.000000000,100125,155,100032,155,100160,155,99876,155,100207,155,99864,155,100432,155,99843,155,100486,155,99731,155,100774,100,99509,100,100998,100,99396,100,101110,100,99286,100,,,99283,100,,,99202,100
2019-06-28 09:43:50.000000000,100125,238,100032,238,100160,238,99876,238,100207,100,99864,100,100432,100,99843,100,100486,100,99731,100,100774,100,99509,100,100998,100,99396,100,101110,100,99286,100,,,99283,100,,,99202,100
2019-06-28 09:44:00.000000000,100125,169,100032,169,100160,169,99876,169,100207,169,99864,169,100432,169,99843,169,100486,100,99731,100,100774,100,99509,100,100998,100,99396,100,101110,100,99286,100,,,99283,100,,,99202,100
2019-06-28 09:44:10.000000000,100125,376,100032,376,100160,100,99876,100,100207,100,99864,100,100432,100,99843,100,100486,100,99731,100,100774,100,99509,100,100998,100,99396,100,101110,100,99286,100,,,99283,100,,,99202,100
2019-06-28 09:44:20.000000000,100125,169,100032,169,100160,169,99876,169,100207,169,99864,169,100432,169,99843,169,100486,100,99731,100,100774,100,99509,100,100998,100,99396,100,101110,100,99286,100,,,99283,100,,,99202,100
2019-06-28 09:44:30.000000000,100125,238,100032,238,100160,238,99876,238,100207,100,99864,100,100432,100,99843,100,100486,100,99731,100,100774,100,99509,100,100998,100,99396,100,101110,100,99286,100,,,99283,100,,,99202,100
2019-06-28 09:44:40.000000000,100125,376,100032,376,100160,100,99876,100,100207,100,99864,100,100432,100,99843,100,100486,100,99731,100,100774,100,99509,100,100998,100,99396,100,101110,100,99286,100,,,99283,100,,,99202,100
2019-06-28 09:44:40.840255304,100125,376,100105,100,100160,100,100032,376,100207,100,99864,100,100432,100,99843,100,100486,100,99731,100,100774,100,99509,100,100998,100,99396,100,101110,100,99286,100,,,99283,100,,,99202,100
2019-06-28 09:44:42.473262509,100125,376,100105,100,100160,100,100032,476,100207,100,99864,100,100432,100,99843,100,100486,100,99731,100,100774,100,99509,100,100998,100,99396,100,101110,100,99286,100,,,99283,100,,,99202,100
2019-06-28 09:44:46.702806581,100125,276,100105,100,100160,100,100032,476,100207,100,99864,100,100432,100,99843,100,100486,100,99731,100,100774,100,99509,100,100998,100,99396,100,101110,100,99286,100,,,99283,100,,,99202,100
2019-06-28 09:44:50.000000000,100160,238,100105,238,100207,238,100032,338,100432,100,99864,100,100486,100,99843,100,100774,100,99731,100,100998,100,99509,100,101110,100,99396,100,,,99286,100,,,99283,100,,,99202,100
2019-06-28 09:45:00.000000000,100160,194,100105,194,100207,191,100032,291,100432,191,99864,191,100486,100,99843,100,100774,100,99731,100,100998,100,99509,100,101110,100,99396,100,,,99286,100,,,99283,100,,,99202,100
2019-06-28 09:45:10.000000000,100160,155,100105,155,100207,155,100032,255,100432,155,99864,155,100486,155,99843,155,100774,155,99731,155,100998,100,99509,100,101110,100,99396,100,,,99286,100,,,99283,100,,,99202,100
2019-06-28 09:45:20.000000000,100160,194,100105,194,100207,191,100032,291,100432,191,99864,191,100486,100,99843,100,100774,100,99731,100,100998,100,99509,100,101110,100,99396,100,,,99286,100,,,99283,100,,,99202,100
2019-06-28 09:45:21.335794140,100160,94,100105,194,100207,191,100032,291,100432,191,99864,191,100486,100,99843,100,100774,100,99731,100,100998,100,99509,100,101110,100,99396,100,,,99286,100,,,99283,100,,,99202,100
2019-06-28 09:45:26.923883417,100160,94,100105,194,100207,191,100032,291,100432,191,99864,191,100486,100,99843,100,100671,100,99731,100,100774,100,99509,100,100998,100,99396,100,101110,100,99286,100,,,99283,100,,,99202,100
2019-06-28 09:45:29.558757004,100160,94,100125,100,100207,191,100105,194,100432,191,100032,291,100486,100,99864,191,100671,100,99843,100,100774,100,99731,100,100998,100,99509,100,101110,100,99396,100,,,99286,100,,,99283,100
2019-06-28 09:45:30.000000000,100207,155,100125,155,100432,155,100105,155,100486,155,100032,255,100671,155,99864,155,100774,155,99843,155,100998,100,99731,100,101110,100,99509,100,,,99396,100,,,99286,100,,,99283,100
2019-06-28 09:45:40.000000000,100207,238,100125,238,100432,238,100105,238,100486,100,100032,200,100671,100,99864,100,100774,100,99843,100,100998,100,99731,100,101110,100,99509,100,,,99396,100,,,99286,100,,,99283,100
2019-06-28 09:45:43.414030061,100207,238,100125,238,100432,238,100105,238,100486,100,100032,200,100671,100,99864,100,100710,100,99843,100,100774,100,99731,100,100998,100,99509,100,101110,100,99396,100,,,99286,100,,,99283,100
2019-06-28 09:45:50.000000000,100207,155,100125,155,100432,155,100105,155,100486,155,100032,255,100671,155,99864,155,100710,155,99843,155,100774,100,99731,100,100998,100,99509,100,101110,100,99396,100,,,99286,100,,,99283,100
2019-06-28 09:45:51.395190519,100207,55,100125,155,100432,155,100105,155,100486,155,100032,255,100671,155,99864,155,100710,155,99843,155,100774,100,99731,100,100998,100,99509,100,101110,100,99396,100,,,99286,100,,,99283,100
2019-06-28 09:45:55.795109712,100207,55,100160,100,100432,155,100125,155,100486,155,100105,155,100671,155,100032,255,100710,155,99864,155,100774,100,99843,155,100998,100,99731,100,101110,100,99509,100,,,99396,100,,,99286,100
2019-06-28 09:45:56.792255422,100432,155,100207,45,100486,155,100160,100,100671,155,100125,155,100710,155,100105,155,100774,100,100032,255,100998,100,99864,155,101110,100,99843,155,,,99731,100,,,99509,100,,,99396,100
2019-06-28 09:46:00.000000000,100432,376,100207,321,100486,100,100160,100,100671,100,100125,100,100710,100,100105,100,100774,100,100032,200,100998,100,99864,100,101110,100,99843,100,,,99731,100,,,99509,100,,,99396,100
2019-06-28 09:46:10.000000000,100432,169,100207,114,100486,169,100160,169,100671,169,100125,169,100710,169,100105,169,100774,100,100032,200,100998,100,99864,100,101110,100,99843,100,,,99731,100,,,99509,100,,,99396,100
2019-06-28 09:46:20.000000000,100432,194,100207,139,100486,191,100160,191,100671,191,100125,191,100710,100,100105,100,100774,100,100032,200,100998,100,99864,100,101110,100,99843,100,,,99731,100,,,99509,100,,,99396,100
2019-06-28 09:46:30.000000000,100432,238,100207,183,100486,238,100160,238,100671,100,100125,100,100710,100,100105,100,100774,100,100032,200,100998,100,99864,100,101110,100,99843,100,,,99731,100,,,99509,100,,,99396,100
2019-06-28 09:46:40.000000000,100432,169,100207,114,100486,169,100160,169,100671,169,100125,169,100710,169,100105,169,100774,100,100032,200,100998,100,99864,100,101110,100,99843,100,,,99731,100,,,99509,100,,,99396,100
2019-06-28 09:46:50.000000000,100432,194,100207,139,100486,191,100160,191,100671,191,100125,191,100710,100,100105,100,100774,100,100032,200,100998,100,99864,100,101110,100,99843,100,,,99731,100,,,99509,100,,,99396,100
2019-06-28 09:47:00.000000000,100432,376,100207,321,100486,100,100160,100,100671,100,100125,100,100710,100,100105,100,100774,100,100032,200,100998,100,99864,100,101110,100,99843,100,,,99731,100,,,99509,100,,,99396,100
2019-06-28 09:47:05.372156678,100432,276,100207,321,100486,100,100160,100,100671,100,100125,100,100710,100,100105,100,100774,100,100032,200,100998,100,99864,100,101110,100,99843,100,,,99731,100,,,99509,100,,,99396,100
2019-06-28 09:47:10.000000000,100486,376,100207,321,100671,100,100160,100,100710,100,100125,100,100774,100,100105,100,100998,100,100032,200,101110,100,99864,100,,,99843,100,,,99731,100,,,99509,100,,,99396,100
2019-06-28 09:47:12.240535162,100486,276,100207,321,100671,100,100160,100,100710,100,100125,100,100774,100,100105,100,100883,100,100032,200,100998,100,99864,100,101110,100,99843,100,,,99731,100,,,99509,100,,,99396,100
2019-06-28 09:47:20.000000000,100671,194,100207,139,100710,191,100160,191,100774,191,100125,191,100883,100,100105,100,100998,100,100032,200,101110,100,99864,100,,,99843,100,,,99731,100,,,99509,100,,,99396,100
2019-06-28 09:47:27.419356707,100671,194,100207,139,100710,191,100160,191,100774,191,100125,191,100798,100,100105,100,100883,100,100032,200,100998,100,99864,100,101110,100,99843,100,,,99731,100,,,99509,100,,,99396,100
2019-06-28 09:47:30.000000000,100671,169,100207,114,100710,169,100160,169,100774,169,100125,169,100798,169,100105,169,100883,100,100032,200,100998,100,99864,100,101110,100,99843,100,,,99731,100,,,99509,100,,,99396,100
2019-06-28 09:47:30.524658715,100671,169,100207,114,100674,100,100160,169,100710,169,100125,169,100774,169,100105,169,100798,169,100032,200,100883,100,99864,100,100998,100,99731,100,101110,100,99509,100,,,99396,100,,,99283,100
2019-06-28 09:47:40.000000000,100671,376,100207,321,100674,100,100160,100,100710,100,100125,100,100774,100,100105,100,100798,100,100032,200,100883,100,99864,100,100998,100,99731,100,101110,100,99509,100,,,99396,100,,,99283,100
2019-06-28 09:47:45.209197102,100659,100,100207,321,100671,376,100160,100,100674,100,100125,100,100710,100,100105,100,100774,100,100032,200,100798,100,99864,100,100883,100,99731,100,100998,100,99509,100,101110,100,99396,100,,,99283,100
2019-06-28 09:47:50.000000000,100659,238,100207,183,100671,238,100160,238,100674,100,100125,100,100710,100,100105,100,100774,100,100032,200,100798,100,99864,100,100883,100,99731,100,100998,100,99509,100,101110,100,99396,100,,,99283,100
2019-06-28 09:48:00.000000000,100659,169,100207,114,100671,169,100160,169,100674,169,100125,169,100710,169,100105,169,100774,100,100032,200,100798,100,99864,100,100883,100,99731,100,100998,100,99509,100,101110,100,99396,100,,,99283,100
2019-06-28 09:48:01.335220299,100659,169,100207,114,100671,169,100160,169,100674,169,100125,169,100710,169,100105,169,100739,100,100032,200,100774,100,99864,100,100798,100,99731,100,100883,100,99509,100,100998,100,99396,100,101110,100,99283,100
2019-06-28 09:48:01.552570327,100659,169,100207,114,100671,169,100160,169,100674,169,100125,69,100710,169,100105,169,100739,100,100032,200,100774,100,99864,100,100798,100,99731,100,100883,100,99509,100,100998,100,99396,100,101110,100,99283,100
2019-06-28 09:48:05.844485166,100659,169,100207,114,100671,169,100160,169,100674,169,100125,69,100710,169,100105,169,100739,100,100032,100,100774,100,99864,100,100798,100,99731,100,100883,100,99509,100,100998,100,99396,100,101110,100,99283,100
2019-06-28 09:48:09.903495048,100553,100,100207,114,100659,169,100160,169,100671,169,100125,69,100674,169,100105,169,100710,169,100032,100,100739,100,99864,100,100774,100,99509,100,100798,100,99396,100,100883,100,99283,100,100998,100,99202,100
2019-06-28 09:48:10.000000000,100553,169,100207,114,100659,169,100160,169,100671,169,100105,169,100674,169,100032,169,100710,100,99864,100,100739,100,99509,100,100774,100,99396,100,100798,100,99283,100,100883,100,99202,100,100998,100,99151,100
2019-06-28 09:48:20.000000000,100553,155,100207,100,100659,155,100160,155,100671,155,100105,155,100674,155,100032,155,100710,155,99864,155,100739,100,99509,100,100774,100,99396,100,100798,100,99283,100,100883,100,99202,100,100998,100,99151,100
2019-06-28 09:48:30.000000000,100553,238,100207,183,100659,238,100160,238,100671,100,100105,100,100674,100,100032,100,100710,100,99864,100,100739,100,99509,100,100774,100,99396,100,100798,100,99283,100,100883,100,99202,100,100998,100,99151,100
2019-06-28 09:48:40.000000000,100553,155,100207,100,100659,155,100160,155,100671,155,100105,155,100674,155,100032,155,100710,155,99864,155,100739,100,99509,100,100774,100,99396,100,100798,100,99283,100,100883,100,99202,100,100998,100,99151,100
2019-06-28 09:48:47.635726785,100547,100,100207,100,100553,155,100160,155,100659,155,100105,155,100671,155,100032,155,100674,155,99864,155,100710,155,99509,100,100739,100,99396,100,100774,100,99283,100,100798,100,99202,100,100883,100,,
2019-06-28 09:48:49.530447353,100547,100,100537,100,100553,155,100207,100,100659,155,100160,155,100671,155,100105,155,100674,155,100032,155,100710,155,99864,155,100739,100,99509,100,100774,100,99396,100,100798,100,99283,100,100883,100,,
2019-06-28 09:48:50.000000000,100547,155,100537,155,100553,155,100207,100,100659,155,100160,155,100671,155,100105,155,100674,155,100032,155,100710,100,99864,100,100739,100,99509,100,100774,100,99396,100,100798,100,99283,100,100883,100,,
2019-06-28 09:48:57.820370467,100547,155,100537,155,100553,155,100458,100,100659,155,100207,100,100671,155,100160,155,100674,155,100105,155,100710,100,100032,155,100739,100,99864,100,100774,100,99509,100,100798,100,99396,100,100883,100,99283,100
2019-06-28 09:49:00.000000000,100547,155,100537,155,100553,155,100458,155,100659,155,100207,100,100671,155,100160,155,100674,155,100105,155,100710,100,100032,100,100739,100,99864,100,100774,100,99509,100,100798,100,99396,100,100883,100,99283,100
2019-06-28 09:49:10.000000000,100547,155,100537,155,100553,155,100458,155,100659,155,100207,100,100671,155,100160,155,100674,155,100105,155,100710,100,100032,100,100739,100,99864,100,100774,100,99509,100,100798,100,99396,100,100883,100,99283,100
2019-06-28 09:49:10.725356353,100547,155,100537,155,100553,155,100492,100,100659,155,100458,155,100671,155,100207,100,100674,155,100160,155,100710,100,100105,155,100739,100,100032,100,100774,100,99864,100,100798,100,99509,100,100883,100,99396,100
2019-06-28 09:49:20.000000000,100547,376,100537,376,100553,100,100492,100,100659,100,100458,100,100671,100,100207,45,100674,100,100160,100,100710,100,100105,100,100739,100,100032,100,100774,100,99864,100,100798,100,99509,100,100883,100,99396,100
2019-06-28 09:49:27.312560123,100547,376,100537,376,100553,100,100492,100,100559,100,100458,100,100659,100,100207,45,100671,100,100160,100,100674,100,100105,100,100710,100,100032,100,100739,100,99864,100,100774,100,99509,100,100798,100,99283,100
2019-06-28 09:49:30.000000000,100547,194,100537,194,100553,191,100492,191,100559,191,100458,191,100659,100,100207,45,100671,100,100160,100,100674,100,100105,100,100710,100,100032,100,100739,100,99864,100,100774,100,99509,100,100798,100,99283,100
2019-06-28 09:49:40.000000000,100547,169,100537,169,100553,169,100492,169,100559,169,100458,169,100659,169,100207,114,100671,100,100160,100,100674,100,100105,100,100710,100,100032,100,100739,100,99864,100,100774,100,99509,100,100798,100,99283,100
2019-06-28 09:49:50.000000000,100547,238,100537,238,100553,238,100492,238,100559,100,100458,100,100659,100,100207,45,100671,100,100160,100,100674,100,100105,100,100710,100,100032,100,100739,100,99864,100,100774,100,99509,100,100798,100,99283,100
2019-06-28 09:49:50.946271860,100547,238,100537,238,100553,238,100492,238,100559,100,100458,100,100659,100,100207,45,100671,100,100160,100,100674,100,100105,100,100710,100,100032,100,100739,100,99864,100,100774,100,99509,100,100798,100,99283,100
2019-06-28 09:49:55.848065074,100547,238,100537,238,100553,238,100492,238,100559,100,100458,100,100659,100,100208,100,100671,100,100207,45,100674,100,100160,100,100710,100,100105,100,100739,100,100032,100,100774,100,99864,100,100798,100,99509,100
2019-06-28 09:50:00.000000000,100547,194,100537,194,100553,191,100492,191,100559,191,100458,191,100659,100,100208,100,100671,100,100207,45,100674,100,100160,100,100710,100,100105,100,100739,100,100032,100,100774,100,99864,100,100798,100,99509,100
2019-06-28 09:50:10.000000000,100547,194,100537,194,100553,191,100492,191,100559,191,100458,191,100659,100,100208,100,100671,100,100207,45,100674,100,100160,100,100710,100,100105,100,100739,100,100032,100,100774,100,99864,100,100798,100,99509,100
2019-06-28 09:50:10.265858531,100547,194,100537,94,100553,191,100492,191,100559,191,100458,191,100632,100,100208,100,100659,100,100207,45,100671,100,100160,100,100674,100,100105,100,100710,100,100032,100,100739,100,99864,100,100774,100,99509,100
2019-06-28 09:50:11.030540881,100547,194,100537,94,100553,191,100492,191,100559,191,100470,100,100632,100,100458,191,100659,100,100208,100,100671,100,100207,45,100674,100,100160,100,100710,100,100105,100,100739,100,100032,100,100774,100,99864,100
2019-06-28 09:50:14.919656024,100547,194,100492,185,100553,191,100470,100,100559,191,100458,191,100632,100,100208,100,100659,100,100207,45,100671,100,100160,100,100674,100,100105,100,100710,100,100032,100,100739,100,99864,100,100774,100,99509,100
2019-06-28 09:50:19.002448955,100547,194,100499,100,100553,191,100492,185,100559,191,100470,100,100632,100,100458,191,100659,100,100208,100,100671,100,100207,45,100674,100,100160,100,100710,100,100105,100,100739,100,100032,100,100774,100,99864,100
2019-06-28 09:50:20.000000000,100547,194,100499,194,100553,191,100492,185,100559,191,100470,191,100632,100,100458,100,100659,100,100208,100,100671,100,100207,45,100674,100,100160,100,100710,100,100105,100,100739,100,100032,100,100774,100,99864,100
2019-06-28 09:50:27.760252299,100539,100,100499,194,100547,194,100492,185,100553,191,100470,191,100559,191,100458,100,100632,100,100208,100,100659,100,100207,45,100671,100,100160,100,100674,100,100105,100,100710,100,100032,100,100739,100,99864,100
2019-06-28 09:50:30.000000000,100539,194,100499,194,100547,191,100492,185,100553,191,100470,191,100559,100,100458,100,100632,100,100208,100,100659,100,100207,45,100671,100,100160,100,100674,100,100105,100,100710,100,100032,100,100739,100,99864,100
2019-06-28 09:50:40.000000000,100539,169,100499,169,100547,169,100492,163,100553,169,100470,169,100559,169,100458,169,100632,100,100208,100,100659,100,100207,45,100671,100,100160,100,100674,100,100105,100,100710,100,100032,100,100739,100,99864,100
2019-06-28 09:50:44.586342084,100539,169,100499,169,100547,169,100492,163,100553,169,100481,100,100559,169,100470,169,100632,100,100458,169,100659,100,100208,100,100671,100,100207,45,100674,100,100160,100,100710,100,100105,100,100739,100,100032,100
2019-06-28 09:50:50.000000000,100539,376,100499,376,100547,100,100492,94,100553,100,100481,100,100559,100,100470,100,100632,100,100458,100,100659,100,100208,100,100671,100,100207,45,100674,100,100160,100,100710,100,100105,100,100739,100,100032,100
2019-06-28 09:51:00.000000000,100539,376,100499,376,100547,100,100492,94,100553,100,100481,100,100559,100,100470,100,100632,100,100458,100,100659,100,100208,100,100671,100,100207,45,100674,100,100160,100,100710,100,100105,100,100739,100,100032,100
2019-06-28 09:51:10.000000000,100539,194,100499,194,100547,191,100492,185,100553,191,100481,191,100559,100,100470,100,100632,100,100458,100,100659,100,100208,100,100671,100,100207,45,100674,100,100160,100,100710,100,100105,100,100739,100,100032,100
2019-06-28 09:51:20.000000000,100539,155,100499,155,100547,155,100492,149,100553,155,100481,155,100559,155,100470,155,100632,155,100458,155,100659,100,100208,100,100671,100,100207,45,100674,100,100160,100,100710,100,100105,100,100739,100,100032,100
2019-06-28 09:51:24.711005139,100539,155,100499,55,100547,155,100492,149,100553,155,100481,155,100559,155,100470,155,100632,155,100458,155,100659,100,100208,100,100671,100,100207,45,100674,100,100160,100,100710,100,100105,100,100739,100,100032,100
2019-06-28 09:51:30.000000000,100539,238,100492,232,100547,238,100481,238,100553,100,100470,100,100559,100,100458,100,100632,100,100208,100,100659,100,100207,45,100671,100,100160,100,100674,100,100105,100,100710,100,100032,100,100739,100,99864,100
2019-06-28 09:51:31.655480860,100539,238,100492,232,100547,238,100481,238,100553,100,100470,100,100559,100,100458,100,100632,100,100208,100,100659,100,100207,45,100662,100,100160,100,100671,100,100105,100,100674,100,100032,100,100710,100,99864,100
2019-06-28 09:51:35.032788560,100539,238,100492,232,100547,238,100481,238,100553,100,100470,100,100559,100,100458,100,100632,100,100310,100,100659,100,100208,100,100662,100,100207,45,100671,100,100160,100,100674,100,100105,100,100710,100,100032,100
2019-06-28 09:51:35.454281701,100539,238,100492,232,100547,238,100481,238,100553,100,100470,100,100559,100,100458,100,100632,100,100431,100,100659,100,100310,100,100662,100,100208,100,100671,100,100207,45,100674,100,100160,100,100710,100,100105,100
2019-06-28 09:51:40.000000000,100539,238,100492,232,100547,238,100481,238,100553,100,100470,100,100559,100,100458,100,100632,100,100431,100,100659,100,100310,100,100662,100,100208,100,100671,100,100207,45,100674,100,100160,100,100710,100,100105,100
2019-06-28 09:51:50.000000000,100539,376,100492,370,100547,100,100481,100,100553,100,100470,100,100559,100,100458,100,100632,100,100431,100,100659,100,100310,100,100662,100,100208,100,100671,100,100207,45,100674,100,100160,100,100710,100,100105,100
2019-06-28 09:51:55.404601402,100539,376,100492,370,100547,100,100481,100,100553,100,100470,100,100559,100,100458,100,100588,100,100431,100,100632,100,100310,100,100659,100,100208,100,100662,100,100207,45,100671,100,100160,100,100674,100,100105,100
2019-06-28 09:52:00.000000000,100539,376,100492,370,100547,100,100481,100,100553,100,100470,100,100559,100,100458,100,100588,100,100431,100,100632,100,100310,100,100659,100,100208,100,100662,100,100207,45,100671,100,100160,100,100674,100,100105,100
2019-06-28 09:52:10.000000000,100539,376,100492,370,100547,100,100481,100,100553,100,100470,100,100559,100,100458,100,100588,100,100431,100,100632,100,100310,100,100659,100,100208,100,100662,100,100207,45,100671,100,100160,100,100674,100,100105,100
2019-06-28 09:52:11.360837424,100537,100,100492,370,100539,376,100481,100,100547,100,100470,100,100553,100,100458,100,100559,100,100431,100,100588,100,100310,100,100632,100,100208,100,100659,100,100207,45,100662,100,100160,100,100671,100,100105,100
2019-06-28 09:52:20.000000000,100537,155,100492,149,100539,155,100481,155,100547,155,100470,155,100553,155,100458,155,100559,155,100431,155,100588,100,100310,100,100632,100,100208,100,100659,100,100207,45,100662,100,100160,100,100671,100,100105,100
2019-06-28 09:52:30.000000000,100537,169,100492,163,100539,169,100481,169,100547,169,100470,169,100553,169,100458,169,100559,100,100431,100,100588,100,100310,100,100632,100,100208,100,100659,100,100207,45,100662,100,100160,100,100671,100,100105,100
2019-06-28 09:52:40.000000000,100537,169,100492,163,100539,169,100481,169,100547,169,100470,169,100553,169,100458,169,100559,100,100431,100,100588,100,100310,100,100632,100,100208,100,100659,100,100207,45,100662,100,100160,100,100671,100,100105,100
2019-06-28 09:52:50.000000000,100537,194,100492,188,100539,191,100481,191,100547,191,100470,191,100553,100,100458,100,100559,100,100431,100,100588,100,100310,100,100632,100,100208,100,100659,100,100207,45,100662,100,100160,100,100671,100,100105,100
2019-06-28 09:53:00.000000000,100537,169,100492,163,100539,169,100481,169,100547,169,100470,169,100553,169,100458,169,100559,100,100431,100,100588,100,100310,100,100632,100,100208,100,100659,100,100207,45,100662,100,100160,100,100671,100,100105,100
2019-06-28 09:53:06.078703540,100537,169,100492,163,100539,169,100481,169,100547,169,100470,169,100553,169,100458,169,100588,100,100431,100,100632,100,100310,100,100659,100,100208,100,100662,100,100207,45,100671,100,100160,100,100674,100,100105,100
2019-06-28 09:53:09.744086723,100537,169,100492,163,100539,169,100481,169,100547,169,100470,169,100553,169,100458,169,100588,100,100431,100,100632,100,100310,100,100659,100,100208,100,100662,100,100207,45,100671,100,100160,100,100674,100,100105,100
2019-06-28 09:53:10.000000000,100537,169,100492,163,100539,169,100481,169,100547,169,100470,169,100553,169,100458,169,100588,100,100431,100,100632,100,100310,100,100659,100,100208,100,100662,100,100207,45,100671,100,100160,100,100674,100,100105,100
2019-06-28 09:53:10.372628013,100537,169,100492,163,100539,169,100481,169,100547,169,100470,169,100553,169,100458,69,100588,100,100431,100,100632,100,100310,100,100659,100,100208,100,100662,100,100207,45,100671,100,100160,100,100674,100,100105,100
2019-06-28 09:53:20.000000000,100537,376,100492,370,100539,100,100481,100,100547,100,100470,100,100553,100,100431,100,100588,100,100310,100,100632,100,100208,100,100659,100,100207,45,100662,100,100160,100,100671,100,100105,100,100674,100,100032,100
2019-06-28 09:53:30.000000000,100537,194,100492,188,100539,191,100481,191,100547,191,100470,191,100553,100,100431,100,100588,100,100310,100,100632,100,100208,100,100659,100,100207,45,100662,100,100160,100,100671,100,100105,100,100674,100,100032,100
2019-06-28 09:53:40.000000000,100537,376,100492,370,100539,100,100481,100,100547,100,100470,100,100553,100,100431,100,100588,100,100310,100,100632,100,100208,100,100659,100,100207,45,100662,100,100160,100,100671,100,100105,100,100674,100,100032,100
2019-06-28 09:53:40.274560270,100537,376,100492,370,100539,100,100481,100,100547,100,100470,100,100553,100,100431,100,100588,100,100310,100,100632,100,100208,100,100659,100,100207,45,100662,100,100160,100,100671,100,100105,100,100674,100,100032,100
2019-06-28 09:53:50.000000000,100537,376,100492,370,100539,100,100481,100,100547,100,100470,100,100553,100,100431,100,100588,100,100310,100,100632,100,100208,100,100659,100,100207,45,100662,100,100160,100,100671,100,100105,100,100674,100,100032,100
2019-06-28 09:53:52.165742336,100537,376,100492,276,100539,100,100481,100,100547,100,100470,100,100553,100,100431,100,100588,100,100310,100,100632,100,100208,100,100659,100,100207,45,100662,100,100160,100,100671,100,100105,100,100674,100,100032,100
2019-06-28 09:54:00.000000000,100537,238,100481,238,100539,238,100470,238,100547,100,100431,100,100553,100,100310,100,100588,100,100208,100,100632,100,100207,45,100659,100,100160,100,100662,100,100105,100,100671,100,100032,100,100674,100,99979,100
2019-06-28 09:54:10.000000000,100537,155,100481,155,100539,155,100470,155,100547,155,100431,155,100553,155,100310,155,100588,155,100208,155,100632,100,100207,45,100659,100,100160,100,100662,100,100105,100,100671,100,100032,100,100674,100,99979,100
2019-06-28 09:54:20.000000000,100537,238,100481,238,100539,238,100470,238,100547,100,100431,100,100553,100,100310,100,100588,100,100208,100,100632,100,100207,45,100659,100,100160,100,100662,100,100105,100,100671,100,100032,100,100674,100,99979,100
2019-06-28 09:54:21.657550577,100537,338,100481,238,100539,238,100470,238,100547,100,100431,100,100553,100,100310,100,100588,100,100208,100,100632,100,100207,45,100659,100,100160,100,100662,100,100105,100,100671,100,100032,100,100674,100,99979,100
2019-06-28 09:54:23.671431999,100537,338,100481,238,100539,238,100470,238,100547,100,100457,100,100553,100,100431,100,100588,100,100208,100,100632,100,100207,45,100659,100,100160,100,100662,100,100105,100,100671,100,100032,100,100674,100,99979,100
2019-06-28 09:54:24.297290269,100537,338,100481,138,100539,238,100470,238,100547,100,100457,100,100553,100,100431,100,100588,100,100208,100,100632,100,100207,45,100659,100,100160,100,100662,100,100105,100,100671,100,100032,100,100674,100,99979,100
2019-06-28 09:54:30.000000000,100537,269,100470,169,100539,169,100457,169,100547,169,100431,169,100553,169,100208,169,100588,100,100207,45,100632,100,100160,100,100659,100,100105,100,100662,100,100032,100,100671,100,99979,100,100674,100,99969,100
2019-06-28 09:54:37.087791904,100537,269,100519,100,100539,169,100470,169,100547,169,100457,169,100553,169,100431,169,100588,100,100208,169,100632,100,100207,45,100659,100,100160,100,100662,100,100105,100,100671,100,100032,100,100674,100,99979,100
2019-06-28 09:54:40.000000000,100537,269,100519,169,100539,169,100470,169,100547,169,100457,169,100553,169,100431,169,100588,100,100208,100,100632,100,100207,45,100659,100,100160,100,100662,100,100105,100,100671,100,100032,100,100674,100,99979,100
2019-06-28 09:54:50.000000000,100537,338,100519,238,100539,238,100470,238,100547,100,100457,100,100553,100,100431,100,100588,100,100208,100,100632,100,100207,45,100659,100,100160,100,100662,100,100105,100,100671,100,100032,100,100674,100,99979,100
2019-06-28 09:54:50.866083253,100537,238,100519,238,100539,238,100470,238,100547,100,100457,100,100553,100,100431,100,100588,100,100208,100,100632,100,100207,45,100659,100,100160,100,100662,100,100105,100,100671,100,100032,100,100674,100,99979,100
2019-06-28 09:55:00.000000000,100537,238,100519,238,100539,238,100470,238,100547,100,100457,100,100553,100,100431,100,100588,100,100208,100,100632,100,100207,45,100659,100,100160,100,100662,100,100105,100,100671,100,100032,100,100674,100,99979,100
2019-06-28 09:55:10.000000000,100537,155,100519,155,100539,155,100470,155,100547,155,100457,155,100553,155,100431,155,100588,155,100208,155,100632,100,100207,45,100659,100,100160,100,100662,100,100105,100,100671,100,100032,100,100674,100,99979,100
2019-06-28 09:55:10.498678636,100537,55,100519,155,100539,155,100470,155,100547,155,100457,155,100553,155,100431,155,100588,155,100208,155,100632,100,100207,45,100659,100,100160,100,100662,100,100105,100,100671,100,100032,100,100674,100,99979,100
2019-06-28 09:55:15.564998350,100537,55,100519,155,100539,155,100470,155,100547,155,100457,155,100553,155,100431,155,100588,155,100208,155,100632,100,100207,45,100659,100,100160,100,100662,100,100105,100,100674,100,100032,100,100710,100,99979,100
2019-06-28 09:55:17.633602148,100539,155,100537,45,100547,155,100519,155,100553,155,100470,155,100588,155,100457,55,100632,100,100431,155,100659,100,100208,155,100662,100,100207,45,100674,100,100160,100,100710,100,100105,100,100739,100,100032,100
2019-06-28 09:55:20.000000000,100539,169,100537,114,100547,169,100519,169,100553,169,100470,169,100588,169,100431,169,100632,100,100208,100,100659,100,100207,45,100662,100,100160,100,100674,100,100105,100,100710,100,100032,100,100739,100,99979,100
2019-06-28 09:55:22.714806811,100539,169,100537,214,100547,169,100519,169,100553,169,100470,169,100588,169,100431,169,100632,100,100208,100,100659,100,100207,45,100662,100,100160,100,100674,100,100105,100,100710,100,100032,100,100739,100,99979,100
2019-06-28 09:55:27.790067346,100539,169,100537,214,100547,169,100519,169,100553,169,100470,169,100588,169,100431,169,100632,100,100208,100,100659,100,100207,45,100662,100,100160,100,100674,100,100105,100,100710,100,100032,100,100739,100,99979,100
2019-06-28 09:55:30.000000000,100539,169,100537,214,100547,169,100519,169,100553,169,100470,169,100588,169,100431,169,100632,100,100208,100,100659,100,100207,45,100662,100,100160,100,100674,100,100105,100,100710,100,100032,100,100739,100,99979,100
2019-06-28 09:55:36.762168177,100539,69,100537,214,100547,169,100519,169,100553,169,100470,169,100588,169,100431,169,100632,100,100208,100,100659,100,100207,45,100662,100,100160,100,100674,100,100105,100,100710,100,100032,100,100739,100,99979,100
2019-06-28 09:55:39.650741135,100539,69,100537,214,100547,169,100519,169,100553,169,100470,169,100588,169,100431,169,100632,100,100208,100,100659,100,100207,45,100662,100,100160,100,100674,100,100105,100,100710,100,100032,100,100739,100,99979,100
2019-06-28 09:55:40.000000000,100547,169,100537,214,100553,169,100519,169,100588,169,100470,169,100632,169,100431,169,100659,100,100208,100,100662,100,100207,45,100674,100,100160,100,100710,100,100105,100,100739,100,100032,100,100774,100,99979,100
2019-06-28 09:55:47.248248723,100547,169,100538,100,100553,169,100537,214,100588,169,100519,169,100632,169,100470,169,100659,100,100431,169,100662,100,100208,100,100674,100,100207,45,100710,100,100160,100,100739,100,100105,100,100774,100,100032,100
2019-06-28 09:55:50.000000000,100547,194,100538,194,100553,191,100537,236,100588,191,100519,191,100632,100,100470,100,100659,100,100431,100,100662,100,100208,100,100674,100,100207,45,100710,100,100160,100,100739,100,100105,100,100774,100,100032,100
2019-06-28 09:56:00.000000000,100547,376,100538,376,100553,100,100537,145,100588,100,100519,100,100632,100,100470,100,100659,100,100431,100,100662,100,100208,100,100674,100,100207,45,100710,100,100160,100,100739,100,100105,100,100774,100,100032,100
2019-06-28 09:56:04.893890938,100547,376,100538,476,100553,100,100537,145,100588,100,100519,100,100632,100,100470,100,100659,100,100431,100,100662,100,100208,100,100674,100,100207,45,100710,100,100160,100,100739,100,100105,100,100774,100,100032,100
2019-06-28 09:56:10.000000000,100547,169,100538,269,100553,169,100537,214,100588,169,100519,169,100632,169,100470,169,100659,100,100431,100,100662,100,100208,100,100674,100,100207,45,100710,100,100160,100,100739,100,100105,100,100774,100,100032,100
2019-06-28 09:56:20.000000000,100547,169,100538,269,100553,169,100537,214,100588,169,100519,169,100632,169,100470,169,100659,100,100431,100,100662,100,100208,100,100674,100,100207,45,100710,100,100160,100,100739,100,100105,100,100774,100,100032,100
2019-06-28 09:56:23.563618153,100553,169,100547,31,100588,169,100538,269,100632,169,100537,214,100659,100,100519,169,100662,100,100470,169,100674,100,100431,100,100710,100,100208,100,100739,100,100207,45,100774,100,100160,100,100798,100,100105,100
2019-06-28 09:56:24.083643912,100553,169,100547,31,100588,169,100538,269,100632,169,100537,214,100659,100,100519,69,100662,100,100470,169,100674,100,100431,100,100710,100,100208,100,100739,100,100207,45,100774,100,100160,100,100798,100,100105,100
2019-06-28 09:56:30.000000000,100553,155,100547,86,100588,155,100538,255,100632,155,100537,200,100659,155,100470,155,100662,155,100431,155,100674,100,100208,100,100710,100,100207,45,100739,100,100160,100,100774,100,100105,100,100798,100,100032,100
2019-06-28 09:56:36.553390007,100588,155,100553,45,100632,155,100547,86,100659,155,100538,255,100662,155,100537,200,100674,100,100470,155,100710,100,100431,155,100739,100,100208,100,100774,100,100207,45,100798,100,100160,100,100883,100,100105,100
2019-06-28 09:56:40.000000000,100588,169,100553,114,100632,169,100547,100,100659,169,100538,269,100662,169,100537,214,100674,100,100470,100,100710,100,100431,100,100739,100,100208,100,100774,100,100207,45,100798,100,100160,100,100883,100,100105,100
2019-06-28 09:56:50.000000000,100588,169,100553,114,100632,169,100547,100,100659,169,100538,269,100662,169,100537,214,100674,100,100470,100,100710,100,100431,100,100739,100,100208,100,100774,100,100207,45,100798,100,100160,100,100883,100,100105,100
2019-06-28 09:56:58.577615784,100588,169,100553,114,100632,169,100547,100,100659,169,100538,269,100662,169,100537,214,100674,100,100470,100,100710,100,100431,100,100739,100,100208,100,100774,100,100207,45,100798,100,100160,100,100883,100,100105,100
2019-06-28 09:56:58.981196956,100588,169,100553,114,100632,169,100547,100,100659,169,100538,269,100662,169,100537,214,100674,100,100470,100,100710,100,100431,100,100739,100,100208,100,100774,100,100207,45,100798,100,100160,100,100883,100,100105,100
2019-06-28 09:57:00.000000000,100588,194,100553,139,100632,191,100547,122,100659,191,100538,291,100662,100,100537,145,100674,100,100470,100,100710,100,100431,100,100739,100,100208,100,100774,100,100207,45,100798,100,100160,100,100883,100,100105,100
2019-06-28 09:57:00.794698475,100588,194,100553,139,100632,191,100548,100,100659,191,100547,122,100662,100,100538,291,100674,100,100537,145,100710,100,100470,100,100739,100,100431,100,100774,100,100208,100,100798,100,100207,45,100883,100,100160,100
2019-06-28 09:57:10.000000000,100588,194,100553,139,100632,191,100548,191,100659,191,100547,122,100662,100,100538,200,100674,100,100537,145,100710,100,100470,100,100739,100,100431,100,100774,100,100208,100,100798,100,100207,45,100883,100,100160,100
2019-06-28 09:57:10.501173679,100588,94,100553,139,100632,191,100548,191,100659,191,100547,122,100662,100,100538,200,100674,100,100537,145,100710,100,100470,100,100739,100,100431,100,100774,100,100208,100,100798,100,100207,45,100883,100,100160,100
2019-06-28 09:57:20.000000000,100632,155,100553,100,100659,155,100548,155,100662,155,100547,86,100674,155,100538,255,100710,155,100537,200,100739,100,100470,100,100774,100,100431,100,100798,100,100208,100,100883,100,100207,45,101093,100,100160,100
2019-06-28 09:57:22.747752043,100632,55,100553,100,100659,155,100548,155,100662,155,100547,86,100674,155,100538,255,100710,155,100537,200,100739,100,100470,100,100774,100,100431,100,100798,100,100208,100,100883,100,100207,45,101093,100,100160,100
2019-06-28 09:57:30.000000000,100659,238,100553,183,100662,238,100548,238,100674,100,100547,31,100710,100,100538,200,100739,100,100537,145,100774,100,100470,100,100798,100,100431,100,100883,100,100208,100,101093,100,100207,45,101213,100,100160,100
2019-06-28 09:57:40.000000000,100659,376,100553,321,100662,100,100548,100,100674,100,100547,31,100710,100,100538,200,100739,100,100537,145,100774,100,100470,100,100798,100,100431,100,100883,100,100208,100,101093,100,100207,45,101213,100,100160,100
2019-06-28 09:57:50.000000000,100659,238,100553,183,100662,238,100548,238,100674,100,100547,31,100710,100,100538,200,100739,100,100537,145,100774,100,100470,100,100798,100,100431,100,100883,100,100208,100,101093,100,100207,45,101213,100,100160,100
2019-06-28 09:57:50.711693812,100659,238,100588,100,100662,238,100553,183,100674,100,100548,238,100710,100,100547,31,100739,100,100538,200,100774,100,100537,145,100798,100,100470,100,100883,100,100431,100,101093,100,100208,100,101213,100,100207,45
2019-06-28 09:58:00.000000000,100659,169,100588,169,100662,169,100553,114,100674,169,100548,169,100710,169,100547,100,100739,100,100538,200,100774,100,100537,145,100798,100,100470,100,100883,100,100431,100,101093,100,100208,100,101213,100,100207,45
2019-06-28 09:58:10.000000000,100659,376,100588,376,100662,100,100553,45,100674,100,100548,100,100710,100,100547,31,100739,100,100538,200,100774,100,100537,145,100798,100,100470,100,100883,100,100431,100,101093,100,100208,100,101213,100,100207,45
2019-06-28 09:58:14.603809889,100659,376,100588,376,100662,100,100553,45,100674,100,100548,100,100710,100,100547,31,100739,100,100538,200,100774,100,100537,145,100798,100,100470,100,100883,100,100431,100,100943,100,100208,100,101093,100,100207,45
2019-06-28 09:58:16.495648289,100659,276,100588,376,100662,100,100553,45,100674,100,100548,100,100710,100,100547,31,100739,100,100538,200,100774,100,100537,145,100798,100,100470,100,100883,100,100431,100,100943,100,100208,100,101093,100,100207,45
2019-06-28 09:58:20.000000000,100662,155,100588,155,100674,155,100553,100,100710,155,100548,155,100739,155,100547,86,100774,155,100538,255,100798,100,100537,145,100883,100,100470,100,100943,100,100431,100,101093,100,100208,100,101213,100,100207,45
2019-06-28 09:58:30.000000000,100662,376,100588,376,100674,100,100553,45,100710,100,100548,100,100739,100,100547,31,100774,100,100538,200,100798,100,100537,145,100883,100,100470,100,100943,100,100431,100,101093,100,100208,100,101213,100,100207,45
2019-06-28 09:58:35.296804895,100662,376,100588,376,100674,100,100553,45,100710,100,100548,100,100739,100,100547,31,100774,100,100538,200,100798,100,100537,145,100883,100,100470,100,100943,100,100431,100,101075,100,100208,100,101093,100,100207,45
2019-06-28 09:58:40.000000000,100662,376,100588,376,100674,100,100553,45,100710,100,100548,100,100739,100,100547,31,100774,100,100538,200,100798,100,100537,145,100883,100,100470,100,100943,100,100431,100,101075,100,100208,100,101093,100,100207,45
2019-06-28 09:58:50.000000000,100662,194,100588,194,100674,191,100553,136,100710,191,100548,191,100739,100,100547,31,100774,100,100538,200,100798,100,100537,145,100883,100,100470,100,100943,100,100431,100,101075,100,100208,100,101093,100,100207,45
2019-06-28 09:58:51.785797085,100662,194,100588,194,100674,191,100553,136,100710,191,100548,191,100739,100,100547,31,100774,100,100538,200,100798,100,100537,45,100883,100,100470,100,100943,100,100431,100,101075,100,100208,100,101093,100,100207,45
2019-06-28 09:59:00.000000000,100662,194,100588,194,100674,191,100553,136,100710,191,100548,191,100739,100,100547,31,100774,100,100538,200,100798,100,100537,45,100883,100,100470,100,100943,100,100431,100,101075,100,100208,100,101093,100,100207,45
2019-06-28 09:59:10.000000000,100662,376,100588,376,100674,100,100553,45,100710,100,100548,100,100739,100,100547,31,100774,100,100538,200,100798,100,100537,45,100883,100,100470,100,100943,100,100431,100,101075,100,100208,100,101093,100,100207,45
2019-06-28 09:59:20.000000000,100662,155,100588,155,100674,155,100553,100,100710,155,100548,155,100739,155,100547,86,100774,155,100538,255,100798,100,100537,45,100883,100,100470,100,100943,100,100431,100,101075,100,100208,100,101093,100,100207,45
2019-06-28 09:59:26.962285238,100590,100,100588,155,100662,155,100553,100,100674,155,100548,155,100710,155,100547,86,100739,155,100538,255,100774,155,100537,45,100798,100,100470,100,100883,100,100431,100,100943,100,100208,100,101075,100,100207,45
2019-06-28 09:59:30.000000000,100590,169,100588,169,100662,169,100553,114,100674,169,100548,169,100710,169,100547,100,100739,100,100538,200,100774,100,100537,45,100798,100,100470,100,100883,100,100431,100,100943,100,100208,100,101075,100,100207,45
2019-06-28 09:59:31.673984832,100590,169,100588,169,100662,169,100553,114,100674,69,100548,169,100710,169,100547,100,100739,100,100538,200,100774,100,100537,45,100798,100,100470,100,100883,100,100431,100,100943,100,100255,100,101075,100,100208,100
2019-06-28 09:59:36.150011164,100590,169,100588,69,100662,169,100553,114,100674,69,100548,169,100710,169,100547,100,100739,100,100538,200,100774,100,100537,45,100798,100,100470,100,100883,100,100431,100,100943,100,100255,100,101075,100,100208,100
2019-06-28 09:59:39.541077438,100590,169,100588,69,100626,100,100553,114,100662,169,100548,169,100674,69,100547,100,100710,169,100538,200,100739,100,100537,45,100774,100,100470,100,100798,100,100431,100,100883,100,100255,100,100943,100,100208,100
2019-06-28 09:59:40.000000000,100590,194,100553,139,100626,191,100548,191,100662,191,100547,122,100710,100,100538,200,100739,100,100537,45,100774,100,100470,100,100798,100,100431,100,100883,100,100255,100,100943,100,100208,100,101093,100,100207,45
2019-06-28 09:59:50.000000000,100590,155,100553,100,100626,155,100548,155,100662,155,100547,86,100710,155,100538,255,100739,155,100537,100,100774,100,100470,100,100798,100,100431,100,100883,100,100255,100,100943,100,100208,100,101093,100,100207,45
2019-06-28 10:00:00.000000000,100590,376,100553,321,100626,100,100548,100,100662,100,100547,31,100710,100,100538,200,100739,100,100537,45,100774,100,100470,100,100798,100,100431,100,100883,100,100255,100,100943,100,100208,100,101093,100,100207,45
2019-06-28 10:00:10.000000000,100590,238,100553,183,100626,238,100548,238,100662,100,100547,31,100710,100,100538,200,100739,100,100537,45,100774,100,100470,100,100798,100,100431,100,100883,100,100255,100,100943,100,100208,100,101093,100,100207,45
2019-06-28 10:00:16.751715558,100590,138,100553,183,100626,238,100548,238,100662,100,100547,31,100710,100,100538,200,100739,100,100537,45,100774,100,100470,100,100798,100,100431,100,100883,100,100255,100,100943,100,100208,100,101093,100,100207,45
2019-06-28 10:00:20.000000000,100626,155,100553,100,100662,155,100548,155,100710,155,100547,86,100739,155,100538,255,100774,155,100537,100,100798,100,100470,100,100883,100,100431,100,100943,100,100255,100,101093,100,100208,100,101213,100,100207,45
2019-06-28 10:00:21.804865089,100626,155,100589,100,100662,155,100553,100,100710,155,100548,155,100739,155,100547,86,100774,155,100538,255,100798,100,100537,100,100883,100,100470,100,100943,100,100431,100,101093,100,100255,100,101213,100,100208,100
2019-06-28 10:00:25.825389718,100626,55,100589,100,100662,155,100553,100,100710,155,100548,155,100739,155,100547,86,100774,155,100538,255,100798,100,100537,100,100883,100,100470,100,100943,100,100431,100,101093,100,100255,100,101213,100,100208,100
2019-06-28 10:00:30.000000000,100662,194,100589,194,100710,191,100553,136,100739,191,100548,191,100774,100,100547,31,100798,100,100538,200,100883,100,100537,45,100943,100,100470,100,101093,100,100431,100,101213,100,100255,100,101248,100,100208,100
2019-06-28 10:00:40.000000000,100662,169,100589,169,100710,169,100553,114,100739,169,100548,169,100774,169,100547,100,100798,100,100538,200,100883,100,100537,45,100943,100,100470,100,101093,100,100431,100,101213,100,100255,100,101248,100,100208,100
2019-06-28 10:00:46.657686733,100662,169,100590,100,100710,169,100589,169,100739,169,100553,114,100774,169,100548,169,100798,100,100547,100,100883,100,100538,100,100943,100,100537,45,101093,100,100470,100,101213,100,100431,100,101248,100,100255,100
2019-06-28 10:00:50.000000000,100662,376,100590,376,100710,100,100589,100,100739,100,100553,45,100774,100,100548,100,100798,100,100547,31,100883,100,100538,100,100943,100,100537,45,101093,100,100470,100,101213,100,100431,100,101248,100,100255,100
2019-06-28 10:01:00.000000000,100662,155,100590,155,100710,155,100589,155,100739,155,100553,100,100774,155,100548,155,100798,155,100547,86,100883,100,100538,100,100943,100,100537,45,101093,100,100470,100,101213,100,100431,100,101248,100,100255,100
2019-06-28 10:01:01.775091708,100662,155,100590,255,100710,155,100589,155,100739,155,100553,100,100774,155,100548,155,100798,155,100547,86,100883,100,100538,100,100943,100,100537,45,101093,100,100470,100,101213,100,100431,100,101248,100,100255,100
2019-06-28 10:01:10.000000000,100662,155,100590,255,100710,155,100589,155,100739,155,100553,100,100774,155,100548,155,100798,155,100547,86,100883,100,100538,100,100943,100,100537,45,101093,100,100470,100,101213,100,100431,100,101248,100,100255,100
2019-06-28 10:01:20.000000000,100662,169,100590,269,100710,169,100589,169,100739,169,100553,114,100774,169,100548,169,100798,100,100547,31,100883,100,100538,100,100943,100,100537,45,101093,100,100470,100,101213,100,100431,100,101248,100,100255,100
2019-06-28 10:01:24.765658339,100662,169,100590,369,100710,169,100589,169,100739,169,100553,114,100774,169,100548,169,100798,100,100547,31,100883,100,100538,100,100943,100,100537,45,101093,100,100470,100,101213,100,100431,100,101248,100,100255,100
2019-06-28 10:01:30.000000000,100662,169,100590,369,100710,169,100589,169,100739,169,100553,114,100774,169,100548,169,100798,100,100547,31,100883,100,100538,100,100943,100,100537,45,101093,100,100470,100,101213,100,100431,100,101248,100,100255,100
2019-06-28 10:01:36.245140458,100662,69,100590,369,100710,169,100589,169,100739,169,100553,114,100774,169,100548,169,100798,100,100547,31,100943,100,100538,100,101093,100,100537,45,101213,100,100470,100,101248,100,100431,100,,,100255,100
2019-06-28 10:01:39.449060449,100710,169,100662,31,100739,169,100590,369,100774,169,100589,169,100798,100,100553,114,100943,100,100548,169,101093,100,100547,31,101213,100,100538,100,101248,100,100537,45,,,100470,100,,,100431,100
2019-06-28 10:01:40.000000000,100710,155,100662,86,100739,155,100590,355,100774,155,100589,155,100798,155,100553,100,100943,155,100548,155,101093,100,100547,31,101213,100,100538,100,101248,100,100537,45,,,100470,100,,,100431,100
2019-06-28 10:01:47.940277081,100710,55,100662,86,100739,55,100590,355,100774,155,100589,155,100798,155,100553,100,100943,155,100548,155,101093,100,100547,31,101213,100,100538,100,101248,100,100537,45,,,100470,100,,,100431,100
2019-06-28 10:01:49.725330233,100710,55,100662,86,100739,55,100590,355,100774,155,100589,155,100798,155,100553,100,100943,155,100548,155,101093,100,100547,31,101213,100,100538,100,101248,100,100537,45,101351,100,100470,100,,,100431,100
2019-06-28 10:01:50.000000000,100774,194,100662,125,100798,191,100590,391,100943,191,100589,191,101093,100,100553,45,101213,100,100548,100,101248,100,100547,31,101351,100,100538,100,,,100537,45,,,100470,100,,,100431,100
2019-06-28 10:02:00.000000000,100774,194,100662,125,100798,191,100590,391,100943,191,100589,191,101093,100,100553,45,101213,100,100548,100,101248,100,100547,31,101351,100,100538,100,,,100537,45,,,100470,100,,,100431,100
2019-06-28 10:02:01.597275816,100774,94,100662,125,100798,191,100590,391,100943,191,100589,191,101093,100,100553,45,101213,100,100548,100,101248,100,100547,31,101351,100,100538,100,,,100537,45,,,100470,100,,,100431,100
2019-06-28 10:02:10.000000000,100798,238,100662,169,100943,238,100590,438,101093,100,100589,100,101213,100,100553,45,101248,100,100548,100,101351,100,100547,31,,,100538,100,,,100537,45,,,100470,100,,,100431,100
2019-06-28 10:02:11.240722154,100798,138,100662,169,100943,238,100590,438,101093,100,100589,100,101248,100,100553,45,101351,100,100548,100,,,100547,31,,,100538,100,,,100537,45,,,100470,100,,,100431,100
2019-06-28 10:02:20.000000000,100943,376,100662,307,101093,100,100590,300,101248,100,100589,100,101351,100,100553,45,,,100548,100,,,100547,31,,,100538,100,,,100537,45,,,100470,100,,,100431,100
2019-06-28 10:02:30.000000000,100943,194,100662,125,101093,191,100590,391,101248,191,100589,191,101351,100,100553,45,,,100548,100,,,100547,31,,,100538,100,,,100537,45,,,100470,100,,,100431,100
2019-06-28 10:02:33.606990384,100943,194,100662,125,101093,191,100590,391,101248,191,100589,191,101351,100,100553,45,101544,100,100548,100,,,100547,31,,,100538,100,,,100537,45,,,100470,100,,,100431,100
2019-06-28 10:02:40.000000000,100943,169,100662,100,101093,169,100590,369,101248,169,100589,169,101351,169,100553,114,101544,100,100548,100,,,100547,31,,,100538,100,,,100537,45,,,100470,100,,,100431,100
2019-06-28 10:02:50.000000000,100943,238,100662,169,101093,238,100590,438,101248,100,100589,100,101351,100,100553,45,101544,100,100548,100,,,100547,31,,,100538,100,,,100537,45,,,100470,100,,,100431,100
2019-06-28 10:03:00.000000000,100943,169,100662,100,101093,169,100590,369,101248,169,100589,169,101351,169,100553,114,101544,100,100548,100,,,100547,31,,,100538,100,,,100537,45,,,100470,100,,,100431,100
2019-06-28 10:03:00.647329873,100943,69,100662,100,101093,169,100590,369,101248,169,100589,169,101351,169,100553,114,101544,100,100548,100,,,100547,31,,,100538,100,,,100537,45,,,100470,100,,,100431,100
2019-06-28 10:03:09.033666706,100943,69,100798,100,101093,169,100662,100,101248,169,100590,369,101351,169,100589,169,101544,100,100553,114,,,100548,100,,,100547,31,,,100538,100,,,100537,45,,,100470,100
2019-06-28 10:03:10.000000000,101093,169,100798,169,101248,169,100662,100,101351,169,100590,369,101544,169,100589,169,,,100553,45,,,100548,100,,,100547,31,,,100538,100,,,100537,45,,,100470,100
2019-06-28 10:03:20.000000000,101093,155,100798,155,101248,155,100662,86,101351,155,100590,355,101544,155,100589,155,101545,55,100553,100,,,100548,100,,,100547,31,,,100538,100,,,100537,45,,,100470,100
2019-06-28 10:03:30.000000000,101093,155,100798,155,101248,155,100662,86,101351,155,100590,355,101544,155,100589,155,101545,55,100553,100,,,100548,100,,,100547,31,,,100538,100,,,100537,45,,,100470,100
2019-06-28 10:03:40.000000000,101093,169,100798,169,101248,169,100662,100,101351,169,100590,369,101544,169,100589,169,,,100553,45,,,100548,100,,,100547,31,,,100538,100,,,100537,45,,,100470,100
2019-06-28 10:03:43.790381503,100983,100,100798,169,101093,169,100662,100,101248,169,100590,369,101351,169,100589,169,101544,169,100553,45,,,100548,100,,,100547,31,,,100538,100,,,100537,45,,,100470,100
2019-06-28 10:03:50.000000000,100983,169,100798,169,101093,169,100662,100,101248,169,100590,369,101351,169,100589,169,101544,100,100553,45,,,100548,100,,,100547,31,,,100538,100,,,100537,45,,,100470,100
2019-06-28 10:04:00.000000000,100983,155,100798,155,101093,155,100662,86,101248,155,100590,355,101351,155,100589,155,101544,155,100553,100,,,100548,100,,,100547,31,,,100538,100,,,100537,45,,,100470,100
2019-06-28 10:04:00.173153109,100983,155,100798,255,101093,155,100662,86,101248,155,100590,355,101351,155,100589,155,101544,155,100553,100,,,100548,100,,,100547,31,,,100538,100,,,100537,45,,,100470,100
2019-06-28 10:04:10.000000000,100983,155,100798,255,101093,155,100662,86,101248,155,100590,355,101351,155,100589,155,101544,155,100553,100,,,100548,100,,,100547,31,,,100538,100,,,100537,45,,,100470,100
2019-06-28 10:04:20.000000000,100983,238,100798,338,101093,238,100662,169,101248,100,100590,300,101351,100,100589,100,101544,100,100553,45,,,100548,100,,,100547,31,,,100538,100,,,100537,45,,,100470,100
2019-06-28 10:04:24.210748058,100934,100,100798,338,100983,238,100662,169,101093,238,100590,300,101248,100,100589,100,101351,100,100553,45,101544,100,100548,100,,,100547,31,,,100538,100,,,100537,45,,,100470,100
2019-06-28 10:04:25.105681155,100847,100,100798,338,100934,100,100662,169,100983,238,100590,300,101093,238,100589,100,101248,100,100553,45,101351,100,100548,100,101544,100,100547,31,,,100538,100,,,100537,45,,,100470,100
2019-06-28 10:04:30.000000000,100847,238,100798,338,100934,238,100662,169,100983,100,100590,300,101093,100,100589,100,101248,100,100553,45,101351,100,100548,100,101544,100,100547,31,,,100538,100,,,100537,45,,,100470,100
2019-06-28 10:04:40.000000000,100847,169,100798,269,100934,169,100662,100,100983,169,100590,369,101093,169,100589,169,101248,100,100553,45,101351,100,100548,100,101544,100,100547,31,,,100538,100,,,100537,45,,,100470,100
2019-06-28 10:04:50.000000000,100847,194,100798,294,100934,191,100662,122,100983,191,100590,391,101093,100,100589,100,101248,100,100553,45,101351,100,100548,100,101544,100,100547,31,,,100538,100,,,100537,45,,,100470,100
2019-06-28 10:05:00.000000000,100847,169,100798,269,100934,169,100662,100,100983,169,100590,369,101093,169,100589,169,101248,100,100553,45,101351,100,100548,100,101544,100,100547,31,,,100538,100,,,100537,45,,,100470,100
2019-06-28 10:05:01.770095923,100847,169,100798,269,100934,169,100662,100,100983,169,100590,369,101093,169,100589,169,101248,100,100553,45,101351,100,100547,31,101544,100,100538,100,,,100537,45,,,100470,100,,,100431,100
2019-06-28 10:05:10.000000000,100847,169,100798,269,100934,169,100662,100,100983,169,100590,369,101093,169,100589,169,101248,100,100553,45,101351,100,100547,31,101544,100,100538,100,,,100537,45,,,100470,100,,,100431,100
2019-06-28 10:05:20.000000000,100847,194,100798,294,100934,191,100662,122,100983,191,100590,391,101093,100,100589,100,101248,100,100553,45,101351,100,100547,31,101544,100,100538,100,,,100537,45,,,100470,100,,,100431,100
2019-06-28 10:05:30.000000000,100847,376,100798,476,100934,100,100662,31,100983,100,100590,300,101093,100,100589,100,101248,100,100553,45,101351,100,100547,31,101544,100,100538,100,,,100537,45,,,100470,100,,,100431,100
2019-06-28 10:05:40.000000000,100847,169,100798,269,100934,169,100662,100,100983,169,100590,369,101093,169,100589,169,101248,100,100553,45,101351,100,100547,31,101544,100,100538,100,,,100537,45,,,100470,100,,,100431,100
2019-06-28 10:05:50.000000000,100847,376,100798,476,100934,100,100662,31,100983,100,100590,300,101093,100,100589,100,101248,100,100553,45,101351,100,100547,31,101544,100,100538,100,,,100537,45,,,100470,100,,,100431,100
2019-06-28 10:05:57.844078918,100847,376,100798,476,100934,100,100662,31,100983,100,100590,300,101093,100,100589,100,101248,100,100553,45,101351,100,100547,31,101544,100,100537,45,,,100470,100,,,100431,100,,,100255,100
2019-06-28 10:05:59.258528860,100847,276,100798,476,100934,100,100662,31,100983,100,100590,300,101093,100,100589,100,101248,100,100553,45,101351,100,100547,31,101544,100,100537,45,,,100470,100,,,100431,100,,,100255,100
2019-06-28 10:06:00.000000000,100934,376,100798,476,100983,100,100662,31,101093,100,100590,300,101248,100,100589,100,101351,100,100553,45,101544,100,100547,31,,,100537,45,,,100470,100,,,100431,100,,,100255,100
2019-06-28 10:06:04.620613659,100934,176,100798,476,100983,100,100662,31,101093,100,100590,300,101248,100,100589,100,101351,100,100553,45,101544,100,100547,31,,,100537,45,,,100470,100,,,100431,100,,,100255,100
2019-06-28 10:06:10.000000000,100983,376,100798,476,101093,100,100662,31,101248,100,100590,300,101351,100,100589,100,101544,100,100553,45,,,100547,31,,,100537,45,,,100470,100,,,100431,100,,,100255,100
2019-06-28 10:06:20.000000000,100983,194,100798,294,101093,191,100662,122,101248,191,100590,391,101351,100,100589,100,101544,100,100553,45,,,100547,31,,,100537,45,,,100470,100,,,100431,100,,,100255,100
2019-06-28 10:06:26.088883971,100983,194,100798,294,101093,191,100662,122,101248,191,100590,391,101351,100,100589,100,101544,100,100553,45,102112,100,100547,31,,,100537,45,,,100470,100,,,100431,100,,,100255,100
2019-06-28 10:06:30.000000000,100983,238,100798,338,101093,238,100662,169,101248,100,100590,300,101351,100,100589,100,101544,100,100553,45,102112,100,100547,31,,,100537,45,,,100470,100,,,100431,100,,,100255,100
2019-06-28 10:06:40.000000000,100983,376,100798,476,101093,100,100662,31,101248,100,100590,300,101351,100,100589,100,101544,100,100553,45,102112,100,100547,31,,,100537,45,,,100470,100,,,100431,100,,,100255,100
2019-06-28 10:06:50.000000000,100983,194,100798,294,101093,191,100662,122,101248,191,100590,391,101351,100,100589,100,101544,100,100553,45,102112,100,100547,31,,,100537,45,,,100470,100,,,100431,100,,,100255,100
2019-06-28 10:07:00.000000000,100983,376,100798,476,101093,100,100662,31,101248,100,100590,300,101351,100,100589,100,101544,100,100553,45,102112,100,100547,31,,,100537,45,,,100470,100,,,100431,100,,,100255,100
2019-06-28 10:07:10.000000000,100983,194,100798,294,101093,191,100662,122,101248,191,100590,391,101351,100,100589,100,101544,100,100553,45,102112,100,100547,31,,,100537,45,,,100470,100,,,100431,100,,,100255,100
2019-06-28 10:07:20.000000000,100983,169,100798,269,101093,169,100662,100,101248,169,100590,369,101351,169,100589,169,101544,100,100553,45,102112,100,100547,31,,,100537,45,,,100470,100,,,100431,100,,,100255,100
2019-06-28 10:07:30.000000000,100983,376,100798,476,101093,100,100662,31,101248,100,100590,300,101351,100,100589,100,101544,100,100553,45,102112,100,100547,31,,,100537,45,,,100470,100,,,100431,100,,,100255,100
2019-06-28 10:07:40.000000000,100983,194,100798,294,101093,191,100662,122,101248,191,100590,391,101351,100,100589,100,101544,100,100553,45,102112,100,100547,31,,,100537,45,,,100470,100,,,100431,100,,,100255,100
2019-06-28 10:07:50.000000000,100983,194,100798,294,101093,191,100662,122,101248,191,100590,391,101351,100,100589,100,101544,100,100553,45,102112,100,100547,31,,,100537,45,,,100470,100,,,100431,100,,,100255,100
2019-06-28 10:07:56.438780106,100983,94,100798,294,101093,191,100662,122,101248,191,100590,391,101351,100,100589,100,101544,100,100553,45,101829,100,100547,31,102112,100,100537,45,,,100470,100,,,100431,100,,,100255,100
2019-06-28 10:08:00.000000000,101093,238,100798,338,101248,238,100662,169,101351,100,100590,300,101544,100,100589,100,101829,100,100553,45,102112,100,100547,31,,,100537,45,,,100470,100,,,100431,100,,,100255,100
2019-06-28 10:08:00.530183062,101093,238,100798,338,101248,238,100662,169,101351,100,100590,300,101544,100,100589,100,101829,100,100553,45,102047,100,100547,31,102112,100,100537,45,,,100470,100,,,100431,100,,,100255,100
2019-06-28 10:08:04.059470014,101093,238,100798,338,101248,238,100662,169,101351,100,100590,300,101544,100,100589,100,101829,100,100553,45,101985,100,100547,31,102047,100,100537,45,102112,100,100470,100,,,100431,100,,,100255,100
2019-06-28 10:08:10.000000000,101093,376,100798,476,101248,100,100662,31,101351,100,100590,300,101544,100,100589,100,101829,100,100553,45,101985,100,100547,31,102047,100,100537,45,102112,100,100470,100,,,100431,100,,,100255,100
2019-06-28 10:08:20.000000000,101093,376,100798,476,101248,100,100662,31,101351,100,100590,300,101544,100,100589,100,101829,100,100553,45,101985,100,100547,31,102047,100,100537,45,102112,100,100470,100,,,100431,100,,,100255,100
2019-06-28 10:08:30.000000000,101093,194,100798,294,101248,191,100662,122,101351,191,100590,391,101544,100,100589,100,101829,100,100553,45,101985,100,100547,31,102047,100,100537,45,102112,100,100470,100,,,100431,100,,,100255,100
2019-06-28 10:08:40.000000000,101093,376,100798,476,101248,100,100662,31,101351,100,100590,300,101544,100,100589,100,101829,100,100553,45,101985,100,100547,31,102047,100,100537,45,102112,100,100470,100,,,100431,100,,,100255,100
