,ask_price_1,ask_size_1,bid_price_1,bid_size_1,ask_price_2,ask_size_2,bid_price_2,bid_size_2,ask_price_3,ask_size_3,bid_price_3,bid_size_3,ask_price_4,ask_size_4,bid_price_4,bid_size_4,ask_price_5,ask_size_5,bid_price_5,bid_size_5,ask_price_6,ask_size_6,bid_price_6,bid_size_6,ask_price_7,ask_size_7,bid_price_7,bid_size_7,ask_price_8,ask_size_8,bid_price_8,bid_size_8,ask_price_9,ask_size_9,bid_price_9,bid_size_9,ask_price_10,ask_size_10,bid_price_10,bid_size_10
2019-06-28 09:30:00.000000001,99913,100,,,100056,100,,,,,,,,,,,,,,,,,,,,,,,,,,,,,,,,,,
2019-06-28 09:30:00.000000002,99913,100,99890,100,100056,100,,,,,,,,,,,,,,,,,,,,,,,,,,,,,,,,,,
2019-06-28 09:30:00.000000004,99913,100,99890,100,99981,100,,,99984,100,,,100056,100,,,100169,100,,,,,,,,,,,,,,,,,,,,,,
2019-06-28 09:30:00.000000008,99981,100,99890,100,99984,100,,,100056,100,,,100156,100,,,100169,100,,,,,,,,,,,,,,,,,,,,,,
2019-06-28 09:30:00.000000010,99981,100,99909,100,99984,100,99890,100,100056,100,,,100156,100,,,100169,100,,,,,,,,,,,,,,,,,,,,,,
2019-06-28 09:30:00.000000012,99981,100,99909,100,99984,100,99890,100,100038,100,,,100056,100,,,100077,100,,,100156,100,,,100169,100,,,,,,,,,,,,,,
2019-06-28 09:30:00.000000013,99981,100,99909,100,99984,100,99890,100,100038,100,,,100056,100,,,100077,100,,,100156,100,,,100162,100,,,100169,100,,,,,,,,,,
2019-06-28 09:30:00.000000015,99981,100,99909,100,99984,100,99890,100,100038,100,,,100056,100,,,100077,100,,,100082,100,,,100156,100,,,100162,100,,,100169,100,,,,,,
2019-06-28 09:30:00.000000017,99981,100,99932,100,99984,100,99909,100,100038,100,99890,100,100056,100,,,100077,100,,,100082,100,,,100156,100,,,100162,100,,,100169,100,,,,,,
2019-06-28 09:30:00.000000018,99981,100,99932,100,99984,100,99909,100,100038,100,99890,100,100056,100,,,100077,100,,,100082,100,,,100152,100,,,100156,100,,,100162,100,,,100169,100,,
2019-06-28 09:30:00.000000020,99981,100,99932,100,99984,100,99930,100,100038,100,99909,100,100056,100,99890,100,100077,100,,,100082,100,,,100152,100,,,100156,100,,,100162,100,,,100169,100,,
2019-06-28 09:30:00.000000021,99981,100,99956,100,99984,100,99932,100,100038,100,99930,100,100056,100,99924,100,100077,100,99916,100,100082,100,99915,100,100152,100,99909,100,100156,100,99890,100,100162,100,,,100169,100,,
2019-06-28 09:30:00.000000022,99984,100,99956,100,100038,100,99932,100,100056,100,99930,100,100077,100,99924,100,100082,100,99916,100,100152,100,99915,100,100156,100,99909,100,100162,100,99890,100,100169,100,,,100174,100,,
2019-06-28 09:30:00.000000023,99984,100,99957,100,100038,100,99956,100,100056,100,99932,100,100077,100,99930,100,100082,100,99924,100,100152,100,99916,100,100156,100,99915,100,100162,100,99909,100,100169,100,99890,100,100174,100,,
2019-06-28 09:30:00.000000024,99984,100,99957,100,99996,100,99956,100,100038,100,99932,100,100056,100,99930,100,100077,100,99924,100,100082,100,99916,100,100152,100,99915,100,100156,100,99909,100,100162,100,99890,100,100169,100,,
2019-06-28 09:30:00.000000033,99984,100,99957,100,99996,100,99956,100,100038,100,99953,100,100056,100,99932,100,100077,100,99930,100,100082,100,99924,100,100152,100,99916,100,100156,100,99915,100,100162,100,99909,100,100169,100,99890,100
2019-06-28 09:30:00.000000037,99984,100,99957,200,99996,100,99956,100,100038,100,99953,100,100056,100,99932,100,100077,100,99930,100,100082,100,99924,100,100152,100,99916,100,100156,100,99915,100,100162,100,99909,100,100169,100,99890,100
2019-06-28 09:30:00.000000039,99984,100,99957,300,99996,100,99956,100,100038,100,99953,100,100056,100,99932,100,100077,100,99930,100,100082,100,99924,100,100152,100,99916,100,100156,100,99915,100,100162,100,99909,100,100169,100,99890,100
2019-06-28 09:30:00.000000040,99984,100,99957,300,99996,100,99956,100,100038,100,99953,100,100039,100,99937,100,100056,100,99932,100,100077,100,99930,100,100082,100,99924,100,100152,100,99916,100,100156,100,99915,100,100162,100,99909,100
2019-06-28 09:30:00.000000041,99984,100,99957,300,99996,100,99956,100,100038,100,99953,100,100039,100,99937,100,100056,100,99932,100,100077,100,99930,200,100082,100,99924,100,100152,100,99916,100,100156,100,99915,100,100162,100,99909,100
2019-06-28 09:30:00.000000042,99984,100,99957,300,99996,100,99956,100,100005,100,99953,100,100038,100,99937,100,100039,100,99932,100,100056,100,99930,200,100077,100,99924,100,100082,100,99916,100,100152,100,99915,100,100156,100,99909,100
2019-06-28 09:30:00.000000044,99981,100,99957,300,99984,100,99956,100,99996,100,99953,100,100005,100,99937,100,100038,100,99932,100,100039,100,99930,200,100056,100,99924,100,100077,100,99916,100,100082,100,99915,100,100152,100,99909,100
2019-06-28 09:30:00.000000046,99981,100,99957,300,99984,100,99956,100,99996,100,99953,100,100005,100,99937,100,100038,100,99932,100,100039,100,99930,200,100056,100,99924,100,100077,100,99917,100,100082,100,99916,100,100152,100,99915,100
2019-06-28 09:30:00.000000047,99981,100,99957,300,99984,100,99956,100,99996,100,99953,100,100005,100,99937,100,100038,100,99932,100,100039,100,99930,200,100056,100,99924,100,100077,100,99917,100,100082,100,99916,100,100152,100,99915,100
2019-06-28 09:30:00.000000048,99996,100,99957,300,100005,100,99956,100,100038,100,99953,100,100039,100,99937,100,100056,100,99932,100,100077,100,99930,200,100082,100,99924,100,100152,100,99917,100,100156,100,99916,100,100162,100,99915,100
2019-06-28 09:30:00.000000049,99996,100,99957,300,100005,100,99956,100,100038,100,99953,100,100039,100,99937,100,100054,100,99932,100,100056,100,99930,200,100077,100,99924,100,100082,100,99917,100,100152,100,99916,100,100156,100,99915,100
2019-06-28 09:30:00.000000051,99996,100,99957,300,100005,100,99956,200,100038,100,99953,100,100039,100,99937,100,100054,200,99932,100,100056,100,99930,200,100077,100,99924,100,100082,100,99917,100,100152,100,99916,100,100156,100,99915,100
2019-06-28 09:30:00.000000053,99996,100,99957,300,100005,100,99956,200,100038,100,99953,100,100039,100,99937,100,100054,200,99932,100,100056,100,99930,200,100077,100,99924,100,100082,100,99917,100,100088,100,99916,100,100152,100,99915,100
2019-06-28 09:30:00.000000054,99996,100,99957,300,100005,100,99956,200,100038,100,99953,100,100039,100,99937,100,100054,200,99932,100,100056,100,99930,200,100077,100,99924,100,100082,100,99917,100,100088,100,99916,100,100093,100,99915,100
2019-06-28 09:30:00.000000055,100005,100,99957,300,100038,100,99956,200,100039,100,99953,100,100054,200,99937,100,100056,100,99932,100,100077,100,99930,200,100082,100,99924,100,100088,100,99917,100,100093,100,99916,100,100152,100,99915,100
2019-06-28 09:30:00.000000056,99996,100,99957,300,100005,100,99956,200,100038,100,99953,100,100039,100,99937,100,100054,200,99932,100,100056,100,99930,200,100077,100,99924,100,100082,100,99917,100,100088,100,99916,100,100093,100,99915,100
2019-06-28 09:30:00.000000058,99996,100,99957,300,100002,100,99956,200,100005,100,99953,100,100038,100,99937,100,100039,100,99932,100,100054,200,99930,200,100056,100,99924,100,100070,100,99917,100,100077,100,99916,100,100082,100,99915,100
2019-06-28 09:30:00.000000059,99996,200,99957,300,100002,100,99956,200,100005,100,99953,100,100038,100,99937,100,100039,100,99932,100,100054,200,99930,200,100056,100,99924,100,100070,100,99917,100,100077,100,99916,100,100082,100,99915,100
2019-06-28 09:30:00.000000061,99996,200,99957,300,100002,100,99956,200,100005,100,99953,100,100038,100,99937,100,100039,100,99932,100,100054,200,99930,200,100056,100,99924,100,100070,100,99917,100,100077,100,99916,100,100082,100,99915,100
2019-06-28 09:30:00.000000065,99996,200,99957,300,100002,100,99956,200,100005,100,99953,100,100038,100,99937,100,100039,100,99932,100,100054,200,99930,200,100056,100,99924,100,100070,100,99917,100,100077,100,99916,100,100082,100,99915,100
2019-06-28 09:30:00.000000068,99996,200,99957,300,100002,100,99956,200,100005,100,99953,100,100038,100,99937,100,100039,100,99932,100,100054,200,99931,100,100056,100,99930,200,100070,100,99924,100,100077,100,99917,100,100082,100,99916,100
2019-06-28 09:30:00.000000073,99996,200,99957,300,100002,100,99956,200,100005,100,99953,100,100011,100,99937,100,100038,100,99932,100,100039,100,99931,100,100054,200,99930,200,100056,100,99924,100,100070,100,99917,100,100077,100,99916,100
2019-06-28 09:30:00.000000075,99996,300,99957,300,100002,100,99956,200,100005,100,99953,100,100011,100,99937,100,100038,100,99932,100,100039,100,99931,100,100054,200,99930,200,100056,100,99924,100,100070,100,99917,100,100077,100,99916,100
2019-06-28 09:30:00.000000077,99996,200,99957,300,100002,100,99956,200,100005,100,99953,100,100011,100,99937,100,100038,100,99932,100,100039,100,99931,100,100054,200,99930,200,100056,100,99924,100,100070,100,99917,100,100077,100,99916,100
2019-06-28 09:30:00.000000078,99996,200,99957,300,100002,100,99956,200,100005,100,99953,100,100011,100,99937,100,100038,100,99932,100,100039,100,99931,100,100054,200,99930,200,100056,100,99924,100,100070,100,99917,100,100077,100,99916,100
2019-06-28 09:30:00.000000080,99996,100,99957,300,100002,100,99956,200,100005,100,99953,100,100011,100,99937,100,100038,100,99932,100,100039,100,99931,100,100054,200,99930,200,100056,100,99924,100,100070,100,99917,100,100077,100,99916,100
2019-06-28 09:30:00.000000084,99996,100,99957,300,100002,100,99956,200,100005,100,99953,100,100011,100,99937,100,100038,100,99932,100,100039,100,99931,100,100042,100,99930,200,100054,200,99924,100,100056,100,99917,100,100070,100,99916,100
2019-06-28 09:30:00.000000086,99995,100,99957,300,99996,100,99956,200,100002,100,99953,100,100005,100,99937,100,100011,100,99932,100,100038,100,99931,100,100039,100,99930,200,100042,100,99924,100,100054,200,99917,100,100056,100,99916,100
2019-06-28 09:30:00.000000088,99995,100,99957,300,99996,100,99956,200,100002,100,99953,100,100005,100,99937,100,100011,100,99932,100,100038,100,99931,100,100039,100,99930,200,100042,100,99924,100,100054,200,99917,100,100056,100,99916,100
2019-06-28 09:30:00.000000090,99995,100,99957,300,99996,100,99956,200,100002,100,99953,100,100005,100,99944,100,100011,100,99937,100,100028,100,99932,100,100038,100,99931,100,100039,100,99930,200,100042,100,99924,100,100054,200,99917,100
2019-06-28 09:30:00.000000091,99996,100,99957,300,100002,100,99956,200,100005,100,99953,100,100011,100,99944,100,100028,100,99937,100,100038,100,99932,100,100039,100,99931,100,100042,100,99930,200,100054,200,99924,100,100056,100,99917,100
2019-06-28 09:30:00.000000093,99996,100,99995,100,100002,100,99957,300,100005,100,99956,200,100011,100,99953,100,100028,100,99944,100,100038,100,99937,100,100039,100,99932,100,100042,100,99931,100,100054,200,99930,200,100056,100,99924,100
2019-06-28 09:30:00.000000094,100002,100,99995,100,100005,100,99957,300,100011,100,99956,200,100028,100,99953,100,100038,100,99944,100,100039,100,99937,100,100042,100,99932,100,100054,200,99931,100,100056,100,99930,200,100070,100,99924,100
2019-06-28 09:30:00.000000095,100002,100,99957,300,100005,100,99956,200,100011,100,99953,100,100028,100,99944,100,100038,100,99937,100,100039,100,99932,100,100042,100,99931,100,100054,200,99930,200,100056,100,99924,100,100070,100,99917,100
2019-06-28 09:30:00.000000096,100002,100,99957,300,100005,100,99956,200,100011,100,99953,100,100028,100,99944,100,100038,100,99937,100,100039,100,99932,100,100042,100,99931,100,100052,100,99930,200,100054,200,99924,100,100056,100,99917,100
2019-06-28 09:30:00.000000097,100002,100,99957,200,100005,100,99956,200,100011,100,99953,100,100028,100,99944,100,100038,100,99937,100,100039,100,99933,100,100042,100,99932,100,100052,100,99931,100,100054,200,99930,200,100056,100,99924,100
2019-06-28 09:30:00.260595439,100002,100,99983,100,100005,100,99957,200,100011,100,99956,200,100028,100,99953,100,100038,100,99944,100,100039,100,99937,100,100042,100,99933,100,100052,100,99932,100,100054,200,99931,100,100056,100,99930,200
2019-06-28 09:30:06.679745041,100002,100,99983,100,100005,100,99957,200,100011,100,99956,200,100028,100,99953,100,100038,100,99944,100,100039,100,99937,100,100042,100,99932,100,100052,100,99931,100,100054,200,99930,200,100056,100,99924,100
2019-06-28 09:30:10.000000000,100002,181,99983,181,100005,181,99957,281,100011,181,99956,281,100028,181,99953,181,100038,100,99944,100,100039,100,99937,100,100042,100,99932,100,100052,100,99931,100,100054,200,99930,200,100056,100,99924,100
2019-06-28 09:30:20.000000000,100002,423,99983,423,100005,100,99957,200,100011,100,99956,200,100028,100,99953,100,100038,100,99944,100,100039,100,99937,100,100042,100,99932,100,100052,100,99931,100,100054,200,99930,200,100056,100,99924,100
2019-06-28 09:30:30.000000000,100002,423,99983,423,100005,100,99957,200,100011,100,99956,200,100028,100,99953,100,100038,100,99944,100,100039,100,99937,100,100042,100,99932,100,100052,100,99931,100,100054,200,99930,200,100056,100,99924,100
2019-06-28 09:30:40.000000000,100002,181,99983,181,100005,181,99957,281,100011,181,99956,281,100028,181,99953,181,100038,100,99944,100,100039,100,99937,100,100042,100,99932,100,100052,100,99931,100,100054,200,99930,200,100056,100,99924,100
2019-06-28 09:30:50.000000000,100002,165,99983,165,100005,165,99957,265,100011,165,99956,265,100028,165,99953,165,100038,165,99944,165,100039,100,99937,100,100042,100,99932,100,100052,100,99931,100,100054,200,99930,200,100056,100,99924,100
2019-06-28 09:31:00.000000000,100002,165,99983,165,100005,165,99957,265,100011,165,99956,265,100028,165,99953,165,100038,165,99944,165,100039,100,99937,100,100042,100,99932,100,100052,100,99931,100,100054,200,99930,200,100056,100,99924,100
2019-06-28 09:31:10.000000000,100002,210,99983,210,100005,207,99957,307,100011,207,99956,307,100028,100,99953,100,100038,100,99944,100,100039,100,99937,100,100042,100,99932,100,100052,100,99931,100,100054,200,99930,200,100056,100,99924,100
2019-06-28 09:31:15.987158868,100002,210,99983,210,100005,207,99957,307,100011,207,99956,307,100028,100,99953,100,100038,100,99944,100,100039,100,99937,100,100042,100,99932,100,100052,100,99931,100,100054,200,99930,200,100056,100,99924,100
2019-06-28 09:31:20.000000000,100002,181,99983,181,100005,181,99957,281,100011,181,99956,281,100028,181,99953,181,100038,100,99944,100,100039,100,99937,100,100042,100,99932,100,100052,100,99931,100,100054,200,99930,200,100056,100,99924,100
2019-06-28 09:31:20.096013343,100002,181,99983,181,100005,81,99957,281,100011,181,99956,281,100028,181,99953,181,100038,100,99944,100,100039,100,99937,100,100042,100,99932,100,100052,100,99931,100,100054,200,99930,200,100056,100,99924,100
2019-06-28 09:31:24.476917692,99989,100,99983,181,100002,181,99957,281,100005,81,99956,281,100011,181,99953,181,100028,181,99944,100,100038,100,99937,100,100039,100,99932,100,100042,100,99931,100,100052,100,99930,200,100054,200,99924,100
2019-06-28 09:31:30.000000000,99989,262,99983,262,100002,262,99957,362,100011,100,99956,200,100028,100,99953,100,100038,100,99944,100,100039,100,99937,100,100042,100,99932,100,100052,100,99931,100,100054,200,99930,200,100056,100,99924,100
2019-06-28 09:31:35.485520981,99989,262,99983,162,100002,262,99957,362,100011,100,99956,200,100028,100,99944,100,100038,100,99937,100,100039,100,99932,100,100042,100,99931,100,100052,100,99930,200,100054,200,99924,100,100056,100,99917,100
2019-06-28 09:31:40.000000000,99989,165,99957,265,100002,165,99956,265,100011,165,99944,165,100028,165,99937,165,100038,165,99932,165,100039,100,99931,100,100042,100,99930,200,100052,100,99924,100,100054,200,99917,100,100056,100,99916,100
2019-06-28 09:31:50.000000000,99989,165,99957,265,100002,165,99956,265,100011,165,99944,165,100028,165,99937,165,100038,165,99932,165,100039,100,99931,100,100042,100,99930,200,100052,100,99924,100,100054,200,99917,100,100056,100,99916,100
2019-06-28 09:32:00.000000000,99989,181,99957,281,100002,181,99956,281,100011,181,99944,181,100028,181,99937,181,100038,100,99932,100,100039,100,99931,100,100042,100,99930,200,100052,100,99924,100,100054,200,99917,100,100056,100,99916,100
2019-06-28 09:32:10.000000000,99989,181,99957,281,100002,181,99956,281,100011,181,99944,181,100028,181,99937,181,100038,100,99932,100,100039,100,99931,100,100042,100,99930,200,100052,100,99924,100,100054,200,99917,100,100056,100,99916,100
2019-06-28 09:32:20.000000000,99989,423,99957,523,100002,100,99956,200,100011,100,99944,100,100028,100,99937,100,100038,100,99932,100,100039,100,99931,100,100042,100,99930,200,100052,100,99924,100,100054,200,99917,100,100056,100,99916,100
2019-06-28 09:32:30.000000000,99989,262,99957,362,100002,262,99956,362,100011,100,99944,100,100028,100,99937,100,100038,100,99932,100,100039,100,99931,100,100042,100,99930,200,100052,100,99924,100,100054,200,99917,100,100056,100,99916,100
2019-06-28 09:32:40.000000000,99989,262,99957,362,100002,262,99956,362,100011,100,99944,100,100028,100,99937,100,100038,100,99932,100,100039,100,99931,100,100042,100,99930,200,100052,100,99924,100,100054,200,99917,100,100056,100,99916,100
2019-06-28 09:32:50.000000000,99989,165,99957,265,100002,165,99956,265,100011,165,99944,165,100028,165,99937,165,100038,165,99932,165,100039,100,99931,100,100042,100,99930,200,100052,100,99924,100,100054,200,99917,100,100056,100,99916,100
2019-06-28 09:32:55.809502021,99983,100,99957,265,99989,165,99956,265,100002,165,99944,165,100011,165,99937,165,100028,165,99932,165,100038,165,99931,100,100039,100,99930,200,100042,100,99924,100,100052,100,99917,100,100054,200,99916,100
2019-06-28 09:33:00.000000000,99983,423,99957,523,99989,100,99956,200,100002,100,99944,100,100011,100,99937,100,100028,100,99932,100,100038,100,99931,100,100039,100,99930,200,100042,100,99924,100,100052,100,99917,100,100054,200,99916,100
2019-06-28 09:33:01.322169299,99983,423,99957,523,99989,100,99956,200,100002,100,99944,100,100011,100,99937,100,100028,100,99932,100,100038,100,99931,100,100039,100,99930,200,100042,100,99917,100,100052,100,99916,100,100054,200,99909,100
2019-06-28 09:33:06.411097923,99983,423,99957,523,99989,100,99956,200,100002,100,99944,100,100011,100,99937,100,100028,100,99932,100,100037,100,99931,100,100038,100,99930,200,100039,100,99917,100,100042,100,99916,100,100052,100,99909,100
2019-06-28 09:33:09.587684800,99983,423,99957,523,99989,100,99956,200,100002,100,99937,100,100011,100,99932,100,100028,100,99931,100,100037,100,99930,200,100038,100,99917,100,100039,100,99916,100,100042,100,99909,100,100052,100,99890,100
2019-06-28 09:33:10.000000000,99983,262,99957,362,99989,262,99956,362,100002,100,99937,100,100011,100,99932,100,100028,100,99931,100,100037,100,99930,200,100038,100,99917,100,100039,100,99916,100,100042,100,99909,100,100052,100,99890,100
2019-06-28 09:33:11.322605778,99983,262,99957,362,99989,262,99956,362,100002,100,99937,100,100011,100,99932,100,100028,100,99931,100,100037,100,99930,200,100038,100,99917,100,100039,100,99916,100,100042,100,99909,100,100052,100,99890,100
2019-06-28 09:33:18.745968612,99983,262,99957,362,99989,262,99956,362,100002,100,99937,100,100011,100,99932,100,100028,100,99931,100,100037,100,99930,200,100038,100,99917,100,100039,100,99916,100,100042,100,99909,100,100052,100,99890,100
2019-06-28 09:33:20.000000000,99983,210,99957,310,99989,207,99956,307,100002,207,99937,207,100011,100,99932,100,100028,100,99931,100,100037,100,99930,200,100038,100,99917,100,100039,100,99916,100,100042,100,99909,100,100052,100,99890,100
2019-06-28 09:33:24.322283566,99959,100,99957,310,99983,210,99956,207,99989,207,99937,207,100002,207,99932,100,100011,100,99931,100,100028,100,99930,200,100037,100,99917,100,100038,100,99916,100,100039,100,99909,100,100042,100,99890,100
2019-06-28 09:33:30.000000000,99959,181,99957,281,99983,181,99956,181,99989,181,99937,181,100002,181,99932,181,100011,100,99931,100,100028,100,99930,200,100037,100,99917,100,100038,100,99916,100,100039,100,99909,100,100042,100,99890,100
2019-06-28 09:33:40.000000000,99959,210,99957,310,99983,207,99956,207,99989,207,99937,207,100002,100,99932,100,100011,100,99931,100,100028,100,99930,200,100037,100,99917,100,100038,100,99916,100,100039,100,99909,100,100042,100,99890,100
2019-06-28 09:33:41.116201282,99959,110,99957,210,99983,207,99956,207,99989,207,99937,207,100002,100,99932,100,100011,100,99931,100,100028,100,99930,200,100037,100,99917,100,100038,100,99916,100,100039,100,99909,100,100042,100,99890,100
2019-06-28 09:33:42.171974261,99959,110,99957,210,99983,207,99956,207,99989,207,99937,207,100002,100,99932,100,100011,100,99931,100,100028,100,99930,100,100037,100,99917,100,100038,100,99916,100,100039,100,99909,100,100042,100,99890,100
2019-06-28 09:33:47.178944057,99959,110,99957,210,99983,207,99956,207,99989,207,99937,207,100002,100,99932,100,100011,100,99931,100,100028,100,99930,100,100037,100,99917,100,100039,100,99916,100,100042,100,99909,100,100052,100,99890,100
2019-06-28 09:33:50.000000000,99983,165,99957,165,99989,165,99956,165,100002,165,99937,165,100011,165,99932,165,100028,165,99931,165,100037,100,99930,100,100039,100,99917,100,100042,100,99916,100,100052,100,99909,100,100054,200,99890,100
2019-06-28 09:33:59.514840867,99983,165,99957,65,99989,165,99956,165,100002,165,99937,165,100011,65,99932,165,100028,165,99931,165,100037,100,99930,100,100039,100,99917,100,100042,100,99916,100,100052,100,99909,100,100054,200,99890,100
2019-06-28 09:34:00.000000000,99983,262,99956,262,99989,262,99937,262,100002,100,99932,100,100028,100,99931,100,100037,100,99930,100,100039,100,99917,100,100042,100,99916,100,100052,100,99909,100,100054,200,99890,100,100056,100,99863,100
2019-06-28 09:34:02.013807680,99983,262,99956,262,99989,262,99937,262,100002,100,99932,100,100028,100,99931,100,100037,100,99917,100,100039,100,99916,100,100042,100,99909,100,100052,100,99890,100,100054,200,99863,100,100056,100,99794,100
2019-06-28 09:34:10.000000000,99983,181,99956,181,99989,181,99937,181,100002,181,99932,181,100028,181,99931,181,100037,100,99917,100,100039,100,99916,100,100042,100,99909,100,100052,100,99890,100,100054,200,99863,100,100056,100,99794,100
2019-06-28 09:34:15.953474356,99957,100,99956,181,99983,181,99937,181,99989,181,99932,181,100002,181,99931,181,100028,181,99917,100,100037,100,99916,100,100039,100,99909,100,100042,100,99890,100,100052,100,99863,100,100054,200,99794,100
2019-06-28 09:34:20.000000000,99957,423,99956,423,99983,100,99937,100,99989,100,99932,100,100002,100,99931,100,100028,100,99917,100,100037,100,99916,100,100039,100,99909,100,100042,100,99890,100,100052,100,99863,100,100054,200,99794,100
2019-06-28 09:34:30.000000000,99957,181,99956,181,99983,181,99937,181,99989,181,99932,181,100002,181,99931,181,100028,100,99917,100,100037,100,99916,100,100039,100,99909,100,100042,100,99890,100,100052,100,99863,100,100054,200,99794,100
2019-06-28 09:34:40.000000000,99957,210,99956,210,99983,207,99937,207,99989,207,99932,207,100002,100,99931,100,100028,100,99917,100,100037,100,99916,100,100039,100,99909,100,100042,100,99890,100,100052,100,99863,100,100054,200,99794,100
2019-06-28 09:34:44.331496203,99957,110,99956,210,99983,207,99937,207,99989,207,99932,207,100002,100,99931,100,100028,100,99917,100,100037,100,99916,100,100039,100,99909,100,100042,100,99890,100,100052,100,99863,100,100054,200,99794,100
2019-06-28 09:34:44.950183011,99957,110,99956,210,99983,207,99937,207,99989,207,99932,207,100002,100,99917,100,100028,100,99916,100,100037,100,99909,100,100039,100,99890,100,100042,100,99863,100,100052,100,99794,100,100054,200,99684,100
2019-06-28 09:34:50.000000000,99983,423,99956,423,99989,100,99937,100,100002,100,99932,100,100028,100,99917,100,100037,100,99916,100,100039,100,99909,100,100042,100,99890,100,100052,100,99863,100,100054,200,99794,100,100056,100,99684,100
2019-06-28 09:35:00.000000000,99983,210,99956,210,99989,207,99937,207,100002,207,99932,207,100028,100,99917,100,100037,100,99916,100,100039,100,99909,100,100042,100,99890,100,100052,100,99863,100,100054,200,99794,100,100056,100,99684,100
2019-06-28 09:35:01.799777135,99983,210,99956,210,99989,207,99937,207,100002,207,99932,207,100028,100,99917,100,100037,100,99916,100,100039,100,99909,100,100042,100,99890,100,100052,100,99863,100,100054,200,99794,100,100056,100,99684,100
2019-06-28 09:35:06.255290703,99983,210,99956,210,99989,207,99937,207,100002,207,99932,207,100028,100,99917,100,100033,100,99916,100,100037,100,99909,100,100039,100,99890,100,100042,100,99863,100,100052,100,99794,100,100054,200,99684,100
2019-06-28 09:35:10.000000000,99983,210,99956,210,99989,207,99937,207,100002,207,99932,207,100028,100,99917,100,100033,100,99916,100,100037,100,99909,100,100039,100,99890,100,100042,100,99863,100,100052,100,99794,100,100054,200,99684,100
2019-06-28 09:35:20.000000000,99983,423,99956,423,99989,100,99937,100,100002,100,99932,100,100028,100,99917,100,100033,100,99916,100,100037,100,99909,100,100039,100,99890,100,100042,100,99863,100,100052,100,99794,100,100054,200,99684,100
2019-06-28 09:35:21.895622303,99983,323,99956,423,99989,100,99937,100,100002,100,99932,100,100028,100,99917,100,100033,100,99916,100,100037,100,99909,100,100042,100,99890,100,100052,100,99863,100,100054,200,99794,100,100056,100,99684,100
2019-06-28 09:35:30.000000000,99989,181,99956,181,100002,181,99937,181,100028,181,99932,181,100033,181,99917,181,100037,100,99916,100,100042,100,99909,100,100052,100,99890,100,100054,200,99863,100,100056,100,99794,100,100070,100,99684,100
2019-06-28 09:35:30.109550275,99989,81,99956,181,100002,181,99937,181,100028,181,99932,181,100033,181,99917,181,100037,100,99916,100,100042,100,99909,100,100052,100,99890,100,100054,200,99863,100,100056,100,99794,100,100070,100,99684,100
2019-06-28 09:35:37.065195999,99989,81,99956,181,100002,181,99937,181,100028,181,99932,181,100033,181,99917,181,100042,100,99916,100,100052,100,99909,100,100054,200,99890,100,100056,100,99863,100,100070,100,99794,100,100077,100,99684,100
2019-06-28 09:35:39.501639055,100002,181,99989,19,100028,181,99956,181,100033,181,99937,181,100042,100,99932,181,100052,100,99917,181,100054,200,99916,100,100056,100,99909,100,100070,100,99890,100,100077,100,99863,100,100082,100,99794,100
2019-06-28 09:35:40.000000000,100002,210,99989,129,100028,207,99956,207,100033,207,99937,207,100042,100,99932,100,100052,100,99917,100,100054,200,99916,100,100056,100,99909,100,100070,100,99890,100,100077,100,99863,100,100082,100,99794,100
2019-06-28 09:35:48.960567649,100002,110,99989,129,100028,207,99956,207,100033,207,99937,207,100042,100,99932,100,100052,100,99917,100,100054,100,99916,100,100056,100,99909,100,100070,100,99890,100,100077,100,99863,100,100082,100,99794,100
2019-06-28 09:35:50.000000000,100028,210,99989,129,100033,207,99956,207,100042,207,99937,207,100052,100,99932,100,100054,100,99917,100,100056,100,99916,100,100070,100,99909,100,100077,100,99890,100,100082,100,99863,100,100087,100,99794,100
2019-06-28 09:35:54.334282399,100028,210,99989,129,100033,207,99956,207,100042,207,99937,207,100052,100,99932,100,100054,100,99917,100,100056,100,99916,100,100070,100,99909,100,100077,100,99890,100,100082,100,99863,100,100087,100,99794,100
2019-06-28 09:35:55.407645621,100028,210,99990,100,100033,207,99989,129,100042,207,99956,207,100052,100,99937,207,100054,100,99932,100,100056,100,99917,100,100070,100,99916,100,100077,100,99909,100,100082,100,99890,100,100087,100,99863,100
2019-06-28 09:36:00.000000000,100028,210,99990,210,100033,207,99989,126,100042,207,99956,207,100052,100,99937,100,100054,100,99932,100,100056,100,99917,100,100070,100,99916,100,100077,100,99909,100,100082,100,99890,100,100087,100,99863,100
2019-06-28 09:36:09.001731950,100028,110,99990,210,100033,207,99989,126,100042,207,99956,207,100052,100,99937,100,100056,100,99932,100,100070,100,99917,100,100077,100,99916,100,100082,100,99909,100,100087,100,99890,100,100093,100,99863,100
2019-06-28 09:36:10.000000000,100033,210,99990,210,100042,207,99989,126,100052,207,99956,207,100056,100,99937,100,100070,100,99932,100,100077,100,99917,100,100082,100,99916,100,100087,100,99909,100,100093,100,99890,100,100123,100,99863,100
2019-06-28 09:36:20.000000000,100033,181,99990,181,100042,181,99989,100,100052,181,99956,181,100056,181,99937,181,100070,100,99932,100,100077,100,99917,100,100082,100,99916,100,100087,100,99909,100,100093,100,99890,100,100123,100,99863,100
2019-06-28 09:36:30.000000000,100033,423,99990,423,100042,100,99989,19,100052,100,99956,100,100056,100,99937,100,100070,100,99932,100,100077,100,99917,100,100082,100,99916,100,100087,100,99909,100,100093,100,99890,100,100123,100,99863,100
2019-06-28 09:36:40.000000000,100033,262,99990,262,100042,262,99989,181,100052,100,99956,100,100056,100,99937,100,100070,100,99932,100,100077,100,99917,100,100082,100,99916,100,100087,100,99909,100,100093,100,99890,100,100123,100,99863,100
2019-06-28 09:36:50.000000000,100033,181,99990,181,100042,181,99989,100,100052,181,99956,181,100056,181,99937,181,100070,100,99932,100,100077,100,99917,100,100082,100,99916,100,100087,100,99909,100,100093,100,99890,100,100123,100,99863,100
2019-06-28 09:36:54.157482069,100033,181,99990,81,100042,181,99989,100,100052,181,99956,181,100056,181,99937,181,100070,100,99932,100,100077,100,99917,100,100082,100,99916,100,100087,100,99909,100,100093,100,99890,100,100123,100,99863,100
2019-06-28 09:37:00.000000000,100033,210,99989,129,100042,207,99956,207,100052,207,99937,207,100056,100,99932,100,100070,100,99917,100,100077,100,99916,100,100082,100,99909,100,100087,100,99890,100,100093,100,99863,100,100123,100,99794,100
2019-06-28 09:37:10.000000000,100033,210,99989,129,100042,207,99956,207,100052,207,99937,207,100056,100,99932,100,100070,100,99917,100,100077,100,99916,100,100082,100,99909,100,100087,100,99890,100,100093,100,99863,100,100123,100,99794,100
2019-06-28 09:37:20.000000000,100033,423,99989,342,100042,100,99956,100,100052,100,99937,100,100056,100,99932,100,100070,100,99917,100,100077,100,99916,100,100082,100,99909,100,100087,100,99890,100,100093,100,99863,100,100123,100,99794,100
2019-06-28 09:37:30.000000000,100033,210,99989,129,100042,207,99956,207,100052,207,99937,207,100056,100,99932,100,100070,100,99917,100,100077,100,99916,100,100082,100,99909,100,100087,100,99890,100,100093,100,99863,100,100123,100,99794,100
2019-06-28 09:37:36.724287740,100033,210,99989,129,100042,207,99956,207,100052,207,99937,207,100056,100,99932,100,100070,100,99917,100,100077,100,99916,100,100082,100,99890,100,100087,100,99863,100,100093,100,99794,100,100123,100,99663,100
2019-06-28 09:37:40.000000000,100033,210,99989,129,100042,207,99956,207,100052,207,99937,207,100056,100,99932,100,100070,100,99917,100,100077,100,99916,100,100082,100,99890,100,100087,100,99863,100,100093,100,99794,100,100123,100,99663,100
2019-06-28 09:37:50.000000000,100033,210,99989,129,100042,207,99956,207,100052,207,99937,207,100056,100,99932,100,100070,100,99917,100,100077,100,99916,100,100082,100,99890,100,100087,100,99863,100,100093,100,99794,100,100123,100,99663,100
2019-06-28 09:38:00.000000000,100033,262,99989,181,100042,262,99956,262,100052,100,99937,100,100056,100,99932,100,100070,100,99917,100,100077,100,99916,100,100082,100,99890,100,100087,100,99863,100,100093,100,99794,100,100123,100,99663,100
2019-06-28 09:38:05.253767244,100033,262,99989,81,100042,262,99956,262,100052,100,99937,100,100056,100,99932,100,100077,100,99917,100,100082,100,99916,100,100087,100,99890,100,100093,100,99863,100,100123,100,99794,100,100156,100,99663,100
2019-06-28 09:38:10.000000000,100033,210,99956,210,100042,207,99937,207,100052,207,99932,207,100056,100,99917,100,100077,100,99916,100,100082,100,99890,100,100087,100,99863,100,100093,100,99794,100,100123,100,99663,100,100156,100,99643,100
2019-06-28 09:38:11.907007630,100033,210,99956,210,100042,207,99937,207,100052,207,99932,207,100056,100,99917,100,100077,100,99916,100,100082,100,99890,100,100087,100,99863,100,100093,100,99794,100,100123,100,99663,100,100156,100,99643,100
2019-06-28 09:38:20.000000000,100033,181,99956,181,100042,181,99937,181,100052,181,99932,181,100056,181,99917,181,100077,100,99916,100,100082,100,99890,100,100087,100,99863,100,100093,100,99794,100,100123,100,99663,100,100156,100,99643,100
2019-06-28 09:38:22.595582045,100033,181,99956,181,100042,181,99937,181,100052,181,99932,181,100056,181,99917,181,100077,100,99916,100,100082,100,99890,100,100087,100,99794,100,100093,100,99663,100,100123,100,99643,100,100156,100,99629,100
2019-06-28 09:38:30.000000000,100033,165,99956,165,100042,165,99937,165,100052,165,99932,165,100056,165,99917,165,100077,165,99916,165,100082,100,99890,100,100087,100,99794,100,100093,100,99663,100,100123,100,99643,100,100156,100,99629,100
2019-06-28 09:38:38.999161347,100033,165,99956,65,100042,165,99937,165,100052,165,99932,165,100056,165,99917,165,100077,165,99916,165,100082,100,99890,100,100087,100,99794,100,100093,100,99663,100,100123,100,99643,100,100156,100,99629,100
2019-06-28 09:38:40.000000000,100033,165,99937,165,100042,165,99932,165,100052,165,99917,165,100056,165,99916,165,100077,165,99890,165,100082,100,99794,100,100087,100,99663,100,100093,100,99643,100,100123,100,99629,100,100156,100,99605,100
2019-06-28 09:38:50.000000000,100033,423,99937,423,100042,100,99932,100,100052,100,99917,100,100056,100,99916,100,100077,100,99890,100,100082,100,99794,100,100087,100,99663,100,100093,100,99643,100,100123,100,99629,100,100156,100,99605,100
2019-06-28 09:38:50.785907137,100033,423,99937,323,100042,100,99932,100,100052,100,99917,100,100056,100,99916,100,100077,100,99890,100,100082,100,99794,100,100087,100,99663,100,100093,100,99643,100,100123,100,99629,100,100156,100,99605,100
2019-06-28 09:38:58.550816309,100033,423,99937,323,100042,100,99932,100,100052,100,99917,100,100056,100,99916,100,100077,100,99890,100,100087,100,99794,100,100093,100,99720,100,100123,100,99663,100,100156,100,99643,100,100158,100,99629,100
2019-06-28 09:39:00.000000000,100033,165,99932,165,100042,165,99917,165,100052,165,99916,165,100056,165,99890,165,100077,165,99794,165,100087,100,99720,100,100093,100,99663,100,100123,100,99643,100,100156,100,99629,100,100158,100,99605,100
2019-06-28 09:39:10.000000000,100033,210,99932,210,100042,207,99917,207,100052,207,99916,207,100056,100,99890,100,100077,100,99794,100,100087,100,99720,100,100093,100,99663,100,100123,100,99643,100,100156,100,99629,100,100158,100,99605,100
2019-06-28 09:39:20.000000000,100033,423,99932,423,100042,100,99917,100,100052,100,99916,100,100056,100,99890,100,100077,100,99794,100,100087,100,99720,100,100093,100,99663,100,100123,100,99643,100,100156,100,99629,100,100158,100,99605,100
2019-06-28 09:39:30.000000000,100033,165,99932,165,100042,165,99917,165,100052,165,99916,165,100056,165,99890,165,100077,165,99794,165,100087,100,99720,100,100093,100,99663,100,100123,100,99643,100,100156,100,99629,100,100158,100,99605,100
2019-06-28 09:39:40.000000000,100033,181,99932,181,100042,181,99917,181,100052,181,99916,181,100056,181,99890,181,100077,100,99794,100,100087,100,99720,100,100093,100,99663,100,100123,100,99643,100,100156,100,99629,100,100158,100,99605,100
2019-06-28 09:39:50.000000000,100033,423,99932,423,100042,100,99917,100,100052,100,99916,100,100056,100,99890,100,100077,100,99794,100,100087,100,99720,100,100093,100,99663,100,100123,100,99643,100,100156,100,99629,100,100158,100,99605,100
2019-06-28 09:40:00.000000000,100033,181,99932,181,100042,181,99917,181,100052,181,99916,181,100056,181,99890,181,100077,100,99794,100,100087,100,99720,100,100093,100,99663,100,100123,100,99643,100,100156,100,99629,100,100158,100,99605,100
2019-06-28 09:40:06.517507284,100033,181,99932,81,100042,181,99917,181,100052,181,99916,181,100056,81,99890,181,100077,100,99794,100,100087,100,99720,100,100093,100,99663,100,100123,100,99643,100,100156,100,99629,100,100158,100,99605,100
2019-06-28 09:40:10.000000000,100033,423,99917,423,100042,100,99916,100,100052,100,99890,100,100077,100,99794,100,100087,100,99720,100,100093,100,99663,100,100123,100,99643,100,100156,100,99629,100,100158,100,99605,100,100162,100,99591,100
2019-06-28 09:40:20.000000000,100033,423,99917,423,100042,100,99916,100,100052,100,99890,100,100077,100,99794,100,100087,100,99720,100,100093,100,99663,100,100123,100,99643,100,100156,100,99629,100,100158,100,99605,100,100162,100,99591,100
2019-06-28 09:40:30.000000000,100033,181,99917,181,100042,181,99916,181,100052,181,99890,181,100077,181,99794,181,100087,100,99720,100,100093,100,99663,100,100123,100,99643,100,100156,100,99629,100,100158,100,99605,100,100162,100,99591,100
2019-06-28 09:40:38.756967794,100033,181,99917,81,100042,181,99916,181,100052,181,99890,181,100077,181,99794,181,100087,100,99720,100,100093,100,99663,100,100123,100,99643,100,100156,100,99629,100,100158,100,99591,100,100162,100,99550,100
2019-06-28 09:40:40.000000000,100033,210,99916,210,100042,207,99890,207,100052,207,99794,207,100077,100,99720,100,100087,100,99663,100,100093,100,99643,100,100123,100,99629,100,100156,100,99591,100,100158,100,99550,100,100162,100,99407,100
2019-06-28 09:40:50.000000000,100033,165,99916,165,100042,165,99890,165,100052,165,99794,165,100077,165,99720,165,100087,165,99663,165,100093,100,99643,100,100123,100,99629,100,100156,100,99591,100,100158,100,99550,100,100162,100,99407,100
2019-06-28 09:41:00.000000000,100033,423,99916,423,100042,100,99890,100,100052,100,99794,100,100077,100,99720,100,100087,100,99663,100,100093,100,99643,100,100123,100,99629,100,100156,100,99591,100,100158,100,99550,100,100162,100,99407,100
2019-06-28 09:41:04.313201758,100033,423,99916,323,100042,100,99890,100,100077,100,99794,100,100087,100,99720,100,100093,100,99663,100,100123,100,99643,100,100156,100,99629,100,100158,100,99591,100,100162,100,99550,100,100169,100,99407,100
2019-06-28 09:41:09.725355510,100033,423,99916,223,100042,100,99890,100,100077,100,99794,100,100087,100,99720,100,100093,100,99663,100,100123,100,99643,100,100156,100,99629,100,100158,100,99591,100,100162,100,99550,100,100169,100,99407,100
2019-06-28 09:41:10.000000000,100033,210,99890,210,100042,207,99794,207,100077,207,99720,207,100087,100,99663,100,100093,100,99643,100,100123,100,99629,100,100156,100,99591,100,100158,100,99550,100,100162,100,99407,100,100169,100,99390,100
2019-06-28 09:41:20.000000000,100033,210,99890,210,100042,207,99794,207,100077,207,99720,207,100087,100,99663,100,100093,100,99643,100,100123,100,99629,100,100156,100,99591,100,100158,100,99550,100,100162,100,99407,100,100169,100,99390,100
2019-06-28 09:41:30.000000000,100033,165,99890,165,100042,165,99794,165,100077,165,99720,165,100087,165,99663,165,100093,165,99643,165,100123,100,99629,100,100156,100,99591,100,100158,100,99550,100,100162,100,99407,100,100169,100,99390,100
2019-06-28 09:41:40.000000000,100033,181,99890,181,100042,181,99794,181,100077,181,99720,181,100087,181,99663,181,100093,100,99643,100,100123,100,99629,100,100156,100,99591,100,100158,100,99550,100,100162,100,99407,100,100169,100,99390,100
2019-06-28 09:41:50.000000000,100033,181,99890,181,100042,181,99794,181,100077,181,99720,181,100087,181,99663,181,100093,100,99643,100,100123,100,99629,100,100156,100,99591,100,100158,100,99550,100,100162,100,99407,100,100169,100,99390,100
2019-06-28 09:42:00.000000000,100033,181,99890,181,100042,181,99794,181,100077,181,99720,181,100087,181,99663,181,100093,100,99643,100,100123,100,99629,100,100156,100,99591,100,100158,100,99550,100,100162,100,99407,100,100169,100,99390,100
2019-06-28 09:42:10.000000000,100033,210,99890,210,100042,207,99794,207,100077,207,99720,207,100087,100,99663,100,100093,100,99643,100,100123,100,99629,100,100156,100,99591,100,100158,100,99550,100,100162,100,99407,100,100169,100,99390,100
2019-06-28 09:42:20.000000000,100033,262,99890,262,100042,262,99794,262,100077,100,99720,100,100087,100,99663,100,100093,100,99643,100,100123,100,99629,100,100156,100,99591,100,100158,100,99550,100,100162,100,99407,100,100169,100,99390,100
2019-06-28 09:42:27.805638640,100033,262,99890,162,100042,262,99794,262,100077,100,99720,100,100087,100,99663,100,100093,100,99643,100,100123,100,99629,100,100156,100,99591,100,100158,100,99550,100,100162,100,99407,100,100169,100,99390,100
2019-06-28 09:42:30.000000000,100033,165,99794,165,100042,165,99720,165,100077,165,99663,165,100087,165,99643,165,100093,165,99629,165,100123,100,99591,100,100156,100,99550,100,100158,100,99407,100,100162,100,99390,100,100169,100,,
2019-06-28 09:42:40.000000000,100033,165,99794,165,100042,165,99720,165,100077,165,99663,165,100087,165,99643,165,100093,165,99629,165,100123,100,99591,100,100156,100,99550,100,100158,100,99407,100,100162,100,99390,100,100169,100,,
2019-06-28 09:42:41.391668018,100033,65,99794,65,100042,165,99720,165,100077,165,99663,165,100087,165,99643,165,100093,165,99629,165,100123,100,99591,100,100156,100,99550,100,100158,100,99407,100,100162,100,99390,100,100169,100,,
2019-06-28 09:42:50.000000000,100042,262,99720,262,100077,262,99663,262,100087,100,99643,100,100093,100,99629,100,100123,100,99591,100,100156,100,99550,100,100158,100,99407,100,100162,100,99390,100,100169,100,,,100171,100,,
2019-06-28 09:42:58.147922489,100042,262,99720,262,100077,262,99663,262,100087,100,99643,100,100093,100,99629,100,100123,100,99591,100,100156,100,99550,100,100158,100,99407,100,100162,100,99390,100,100169,100,99045,100,100171,100,,
2019-06-28 09:43:00.000000000,100042,423,99720,423,100077,100,99663,100,100087,100,99643,100,100093,100,99629,100,100123,100,99591,100,100156,100,99550,100,100158,100,99407,100,100162,100,99390,100,100169,100,99045,100,100171,100,,
2019-06-28 09:43:10.000000000,100042,181,99720,181,100077,181,99663,181,100087,181,99643,181,100093,181,99629,181,100123,100,99591,100,100156,100,99550,100,100158,100,99407,100,100162,100,99390,100,100169,100,99045,100,100171,100,,
2019-06-28 09:43:20.000000000,100042,423,99720,423,100077,100,99663,100,100087,100,99643,100,100093,100,99629,100,100123,100,99591,100,100156,100,99550,100,100158,100,99407,100,100162,100,99390,100,100169,100,99045,100,100171,100,,
2019-06-28 09:43:30.000000000,100042,262,99720,262,100077,262,99663,262,100087,100,99643,100,100093,100,99629,100,100123,100,99591,100,100156,100,99550,100,100158,100,99407,100,100162,100,99390,100,100169,100,99045,100,100171,100,,
2019-06-28 09:43:31.757175413,100042,262,99720,162,100077,262,99663,262,100087,100,99643,100,100093,100,99629,100,100123,100,99591,100,100156,100,99550,100,100158,100,99407,100,100162,100,99390,100,100169,100,99045,100,100171,100,,
2019-06-28 09:43:40.000000000,100042,423,99663,423,100077,100,99643,100,100087,100,99629,100,100093,100,99591,100,100123,100,99550,100,100156,100,99407,100,100158,100,99390,100,100162,100,99045,100,100169,100,,,100171,100,,
2019-06-28 09:43:50.000000000,100042,423,99663,423,100077,100,99643,100,100087,100,99629,100,100093,100,99591,100,100123,100,99550,100,100156,100,99407,100,100158,100,99390,100,100162,100,99045,100,100169,100,,,100171,100,,
2019-06-28 09:44:00.000000000,100042,181,99663,181,100077,181,99643,181,100087,181,99629,181,100093,181,99591,181,100123,100,99550,100,100156,100,99407,100,100158,100,99390,100,100162,100,99045,100,100169,100,,,100171,100,,
2019-06-28 09:44:10.000000000,100042,262,99663,262,100077,262,99643,262,100087,100,99629,100,100093,100,99591,100,100123,100,99550,100,100156,100,99407,100,100158,100,99390,100,100162,100,99045,100,100169,100,,,100171,100,,
2019-06-28 09:44:20.000000000,100042,165,99663,165,100077,165,99643,165,100087,165,99629,165,100093,165,99591,165,100123,165,99550,165,100156,100,99407,100,100158,100,99390,100,100162,100,99045,100,100169,100,,,100171,100,,
2019-06-28 09:44:28.736404805,100042,165,99663,65,100077,165,99643,165,100087,165,99629,165,100093,165,99591,165,100123,165,99550,165,100156,100,99407,100,100158,100,99390,100,100162,100,99045,100,100169,100,,,100171,100,,
2019-06-28 09:44:30.000000000,100042,165,99643,165,100077,165,99629,165,100087,165,99591,165,100093,165,99550,165,100123,165,99407,165,100156,100,99390,100,100158,100,99045,100,100162,100,,,100169,100,,,100171,100,,
2019-06-28 09:44:40.000000000,100042,262,99643,262,100077,262,99629,262,100087,100,99591,100,100093,100,99550,100,100123,100,99407,100,100156,100,99390,100,100158,100,99045,100,100162,100,,,100169,100,,,100171,100,,
2019-06-28 09:44:50.000000000,100042,262,99643,262,100077,262,99629,262,100087,100,99591,100,100093,100,99550,100,100123,100,99407,100,100156,100,99390,100,100158,100,99045,100,100162,100,,,100169,100,,,100171,100,,
2019-06-28 09:45:00.000000000,100042,165,99643,165,100077,165,99629,165,100087,165,99591,165,100093,165,99550,165,100123,165,99407,165,100156,100,99390,100,100158,100,99045,100,100162,100,,,100169,100,,,100171,100,,
2019-06-28 09:45:10.000000000,100042,262,99643,262,100077,262,99629,262,100087,100,99591,100,100093,100,99550,100,100123,100,99407,100,100156,100,99390,100,100158,100,99045,100,100162,100,,,100169,100,,,100171,100,,
2019-06-28 09:45:13.967204864,99720,100,99643,262,100042,262,99629,262,100077,262,99591,100,100087,100,99550,100,100093,100,99407,100,100123,100,99390,100,100156,100,99045,100,100158,100,,,100162,100,,,100169,100,,
2019-06-28 09:45:20.000000000,99720,210,99643,210,100042,207,99629,207,100077,207,99591,207,100087,100,99550,100,100093,100,99407,100,100123,100,99390,100,100156,100,99045,100,100158,100,,,100162,100,,,100169,100,,
2019-06-28 09:45:21.671896440,99720,210,99643,110,100042,207,99629,207,100077,207,99591,207,100087,100,99550,100,100123,100,99407,100,100156,100,99390,100,100158,100,99045,100,100162,100,,,100169,100,,,100171,100,,
2019-06-28 09:45:22.385279522,99720,210,99643,10,100042,207,99629,207,100077,207,99591,207,100087,100,99550,100,100123,100,99407,100,100156,100,99390,100,100158,100,99045,100,100162,100,,,100169,100,,,100171,100,,
2019-06-28 09:45:27.779013840,99720,210,99643,10,100042,207,99629,107,100077,207,99591,207,100087,100,99550,100,100123,100,99407,100,100156,100,99390,100,100158,100,99045,100,100162,100,98736,100,100169,100,,,100171,100,,
2019-06-28 09:45:30.000000000,99720,423,99591,423,100042,100,99550,100,100077,100,99407,100,100087,100,99390,100,100123,100,99045,100,100156,100,98736,100,100158,100,,,100162,100,,,100169,100,,,100171,100,,
2019-06-28 09:45:40.000000000,99720,423,99591,423,100042,100,99550,100,100077,100,99407,100,100087,100,99390,100,100123,100,99045,100,100156,100,98736,100,100158,100,,,100162,100,,,100169,100,,,100171,100,,
2019-06-28 09:45:50.000000000,99720,210,99591,210,100042,207,99550,207,100077,207,99407,207,100087,100,99390,100,100123,100,99045,100,100156,100,98736,100,100158,100,,,100162,100,,,100169,100,,,100171,100,,
2019-06-28 09:45:58.556202831,99720,110,99591,210,100042,207,99550,207,100077,207,99407,207,100087,100,99390,100,100123,100,99045,100,100156,100,98736,100,100158,100,,,100162,100,,,100169,100,,,100171,100,,
2019-06-28 09:46:00.000000000,100042,181,99591,181,100077,181,99550,181,100087,181,99407,181,100123,181,99390,181,100156,100,99045,100,100158,100,98736,100,100162,100,,,100169,100,,,100171,100,,,100345,100,,
2019-06-28 09:46:03.138576465,100042,181,99591,181,100077,181,99550,181,100087,181,99407,181,100123,181,99390,181,100156,100,99045,100,100158,100,98736,100,100162,100,98302,100,100169,100,,,100171,100,,,100345,100,,
2019-06-28 09:46:10.000000000,100042,262,99591,262,100077,262,99550,262,100087,100,99407,100,100123,100,99390,100,100156,100,99045,100,100158,100,98736,100,100162,100,98302,100,100169,100,,,100171,100,,,100345,100,,
2019-06-28 09:46:20.000000000,100042,210,99591,210,100077,207,99550,207,100087,207,99407,207,100123,100,99390,100,100156,100,99045,100,100158,100,98736,100,100162,100,98302,100,100169,100,,,100171,100,,,100345,100,,
2019-06-28 09:46:30.000000000,100042,262,99591,262,100077,262,99550,262,100087,100,99407,100,100123,100,99390,100,100156,100,99045,100,100158,100,98736,100,100162,100,98302,100,100169,100,,,100171,100,,,100345,100,,
2019-06-28 09:46:40.000000000,100042,262,99591,262,100077,262,99550,262,100087,100,99407,100,100123,100,99390,100,100156,100,99045,100,100158,100,98736,100,100162,100,98302,100,100169,100,,,100171,100,,,100345,100,,
2019-06-28 09:46:50.000000000,100042,210,99591,210,100077,207,99550,207,100087,207,99407,207,100123,100,99390,100,100156,100,99045,100,100158,100,98736,100,100162,100,98302,100,100169,100,,,100171,100,,,100345,100,,
2019-06-28 09:47:00.000000000,100042,181,99591,181,100077,181,99550,181,100087,181,99407,181,100123,181,99390,181,100156,100,99045,100,100158,100,98736,100,100162,100,98302,100,100169,100,,,100171,100,,,100345,100,,
2019-06-28 09:47:06.974430115,100042,181,99591,81,100077,181,99550,181,100087,181,99407,181,100123,181,99390,181,100156,100,99045,100,100158,100,98736,100,100162,100,98302,100,100169,100,,,100171,100,,,100345,100,,
2019-06-28 09:47:10.000000000,100042,210,99550,210,100077,207,99407,207,100087,207,99390,207,100123,100,99045,100,100156,100,98736,100,100158,100,98302,100,100162,100,,,100169,100,,,100171,100,,,100345,100,,
2019-06-28 09:47:11.987276507,99643,100,99550,210,100042,210,99407,207,100077,207,99390,207,100087,207,99045,100,100123,100,98736,100,100156,100,98302,100,100158,100,,,100162,100,,,100169,100,,,100171,100,,
2019-06-28 09:47:20.000000000,99643,210,99550,210,100042,207,99407,207,100077,207,99390,207,100087,100,99045,100,100123,100,98736,100,100156,100,98302,100,100158,100,,,100162,100,,,100169,100,,,100171,100,,
2019-06-28 09:47:26.838952891,99643,210,99550,210,100042,207,99407,207,100077,207,99390,207,100087,100,99210,100,100123,100,99045,100,100156,100,98736,100,100158,100,98302,100,100162,100,,,100169,100,,,100171,100,,
2019-06-28 09:47:30.000000000,99643,210,99550,210,100042,207,99407,207,100077,207,99390,207,100087,100,99210,100,100123,100,99045,100,100156,100,98736,100,100158,100,98302,100,100162,100,,,100169,100,,,100171,100,,
2019-06-28 09:47:36.805335618,99643,210,99550,210,100042,207,99407,207,100077,207,99390,207,100087,100,99327,100,100123,100,99210,100,100156,100,99045,100,100158,100,98736,100,100162,100,98302,100,100169,100,,,100171,100,,
2019-06-28 09:47:38.231289927,99643,210,99550,110,100042,207,99407,207,100077,207,99390,207,100087,100,99327,100,100123,100,99210,100,100156,100,99045,100,100158,100,98736,100,100162,100,98302,100,100169,100,,,100171,100,,
2019-06-28 09:47:40.000000000,99643,165,99407,165,100042,165,99390,165,100077,165,99327,165,100087,165,99210,165,100123,165,99045,165,100156,100,98736,100,100158,100,98302,100,100162,100,,,100169,100,,,100171,100,,
2019-06-28 09:47:40.664625225,99643,165,99476,100,100042,165,99407,165,100077,165,99390,165,100087,165,99327,165,100123,165,99210,165,100156,100,99045,165,100158,100,98736,100,100162,100,98302,100,100169,100,,,100171,100,,
2019-06-28 09:47:50.000000000,99643,423,99476,423,100042,100,99407,100,100077,100,99390,100,100087,100,99327,100,100123,100,99210,100,100156,100,99045,100,100158,100,98736,100,100162,100,98302,100,100169,100,,,100171,100,,
2019-06-28 09:48:00.000000000,99643,210,99476,210,100042,207,99407,207,100077,207,99390,207,100087,100,99327,100,100123,100,99210,100,100156,100,99045,100,100158,100,98736,100,100162,100,98302,100,100169,100,,,100171,100,,
2019-06-28 09:48:03.214392275,99643,210,99476,210,100042,207,99407,207,100077,207,99390,207,100087,100,99327,100,100123,100,99302,100,100156,100,99210,100,100158,100,99045,100,100162,100,98736,100,100169,100,98302,100,100171,100,,
2019-06-28 09:48:05.105689231,99643,210,99476,110,100042,207,99407,207,100077,207,99390,207,100087,100,99327,100,100123,100,99302,100,100156,100,99210,100,100158,100,99045,100,100162,100,98736,100,100169,100,98302,100,100171,100,,
2019-06-28 09:48:10.000000000,99643,210,99407,210,100042,207,99390,207,100077,207,99327,207,100087,100,99302,100,100123,100,99210,100,100156,100,99045,100,100158,100,98736,100,100162,100,98302,100,100169,100,,,100171,100,,
2019-06-28 09:48:20.000000000,99643,262,99407,262,100042,262,99390,262,100077,100,99327,100,100087,100,99302,100,100123,100,99210,100,100156,100,99045,100,100158,100,98736,100,100162,100,98302,100,100169,100,,,100171,100,,
2019-06-28 09:48:30.000000000,99643,181,99407,181,100042,181,99390,181,100077,181,99327,181,100087,181,99302,181,100123,100,99210,100,100156,100,99045,100,100158,100,98736,100,100162,100,98302,100,100169,100,,,100171,100,,
2019-06-28 09:48:30.085277423,99643,81,99407,181,100042,181,99390,181,100077,181,99327,181,100087,181,99302,181,100123,100,99210,100,100156,100,99045,100,100158,100,98302,100,100162,100,,,100169,100,,,100171,100,,
2019-06-28 09:48:40.000000000,100042,181,99407,181,100077,181,99390,181,100087,181,99327,181,100123,181,99302,181,100156,100,99210,100,100158,100,99045,100,100162,100,98302,100,100169,100,,,100171,100,,,100345,100,,
2019-06-28 09:48:50.000000000,100042,210,99407,210,100077,207,99390,207,100087,207,99327,207,100123,100,99302,100,100156,100,99210,100,100158,100,99045,100,100162,100,98302,100,100169,100,,,100171,100,,,100345,100,,
2019-06-28 09:49:00.000000000,100042,262,99407,262,100077,262,99390,262,100087,100,99327,100,100123,100,99302,100,100156,100,99210,100,100158,100,99045,100,100162,100,98302,100,100169,100,,,100171,100,,,100345,100,,
2019-06-28 09:49:10.000000000,100042,181,99407,181,100077,181,99390,181,100087,181,99327,181,100123,181,99302,181,100156,100,99210,100,100158,100,99045,100,100162,100,98302,100,100169,100,,,100171,100,,,100345,100,,
2019-06-28 09:49:15.218587719,100042,181,99489,100,100077,181,99407,181,100087,181,99390,181,100123,181,99327,181,100156,100,99302,181,100158,100,99210,100,100162,100,99045,100,100169,100,98302,100,100171,100,,,100345,100,,
2019-06-28 09:49:20.000000000,100042,423,99489,423,100077,100,99407,100,100087,100,99390,100,100123,100,99327,100,100156,100,99302,100,100158,100,99210,100,100162,100,99045,100,100169,100,98302,100,100171,100,,,100345,100,,
2019-06-28 09:49:26.694064994,100042,423,99489,423,100087,100,99477,100,100123,100,99407,100,100156,100,99390,100,100158,100,99327,100,100162,100,99302,100,100169,100,99210,100,100171,100,99045,100,100345,100,98302,100,100663,100,,
2019-06-28 09:49:30.000000000,100042,262,99489,262,100087,262,99477,262,100123,100,99407,100,100156,100,99390,100,100158,100,99327,100,100162,100,99302,100,100169,100,99210,100,100171,100,99045,100,100345,100,98302,100,100663,100,,
2019-06-28 09:49:33.181092622,99642,100,99489,262,100042,262,99477,262,100087,262,99407,100,100123,100,99390,100,100156,100,99327,100,100158,100,99302,100,100162,100,99210,100,100169,100,99045,100,100171,100,98302,100,100345,100,,
2019-06-28 09:49:33.771902338,99594,100,99489,262,99642,100,99477,262,100042,262,99407,100,100087,262,99390,100,100123,100,99327,100,100156,100,99302,100,100158,100,99210,100,100162,100,99045,100,100169,100,98302,100,100171,100,,
2019-06-28 09:49:36.488924076,99594,100,99489,262,99642,200,99477,262,100042,262,99407,100,100087,262,99390,100,100123,100,99327,100,100156,100,99302,100,100158,100,99210,100,100162,100,99045,100,100169,100,98302,100,100171,100,,
2019-06-28 09:49:40.000000000,99594,210,99489,210,99642,307,99477,207,100042,207,99407,207,100087,100,99390,100,100123,100,99327,100,100156,100,99302,100,100158,100,99210,100,100162,100,99045,100,100169,100,98302,100,100171,100,,
2019-06-28 09:49:50.000000000,99594,165,99489,165,99642,265,99477,165,100042,165,99407,165,100087,165,99390,165,100123,165,99327,165,100156,100,99302,100,100158,100,99210,100,100162,100,99045,100,100169,100,98302,100,100171,100,,
2019-06-28 09:49:54.455808592,99594,65,99489,165,99642,265,99477,165,100042,165,99407,165,100087,65,99390,165,100123,165,99327,165,100156,100,99302,100,100158,100,99210,100,100162,100,99045,100,100169,100,98302,100,100171,100,,
2019-06-28 09:49:56.252383720,99642,265,99594,35,100042,165,99489,165,100087,65,99477,165,100123,165,99407,165,100156,100,99390,165,100158,100,99327,165,100162,100,99302,100,100169,100,99210,100,100171,100,99045,100,100345,100,98302,100
2019-06-28 09:50:00.000000000,99642,362,99594,197,100042,262,99489,262,100123,100,99477,100,100156,100,99407,100,100158,100,99390,100,100162,100,99327,100,100169,100,99302,100,100171,100,99210,100,100345,100,99045,100,100663,100,98302,100
2019-06-28 09:50:03.145278604,99642,362,99594,197,99923,100,99489,162,100042,262,99477,100,100123,100,99407,100,100156,100,99390,100,100158,100,99327,100,100162,100,99302,100,100169,100,99210,100,100171,100,99045,100,100345,100,98302,100
2019-06-28 09:50:10.000000000,99642,310,99594,145,99923,207,99477,207,100042,207,99407,207,100123,100,99390,100,100156,100,99327,100,100158,100,99302,100,100162,100,99210,100,100169,100,99045,100,100171,100,98302,100,100345,100,,
2019-06-28 09:50:20.000000000,99642,310,99594,145,99923,207,99477,207,100042,207,99407,207,100123,100,99390,100,100156,100,99327,100,100158,100,99302,100,100162,100,99210,100,100169,100,99045,100,100171,100,98302,100,100345,100,,
2019-06-28 09:50:30.000000000,99642,265,99594,100,99923,165,99477,165,100042,165,99407,165,100123,165,99390,165,100156,165,99327,165,100158,100,99302,100,100162,100,99210,100,100169,100,99045,100,100171,100,98302,100,100345,100,,
2019-06-28 09:50:40.000000000,99642,362,99594,197,99923,262,99477,262,100042,100,99407,100,100123,100,99390,100,100156,100,99327,100,100158,100,99302,100,100162,100,99210,100,100169,100,99045,100,100171,100,98302,100,100345,100,,
2019-06-28 09:50:50.000000000,99642,362,99594,197,99923,262,99477,262,100042,100,99407,100,100123,100,99390,100,100156,100,99327,100,100158,100,99302,100,100162,100,99210,100,100169,100,99045,100,100171,100,98302,100,100345,100,,
2019-06-28 09:51:00.000000000,99642,281,99594,116,99923,181,99477,181,100042,181,99407,181,100123,181,99390,181,100156,100,99327,100,100158,100,99302,100,100162,100,99210,100,100169,100,99045,100,100171,100,98302,100,100345,100,,
2019-06-28 09:51:10.000000000,99642,281,99594,116,99923,181,99477,181,100042,181,99407,181,100123,181,99390,181,100156,100,99327,100,100158,100,99302,100,100162,100,99210,100,100169,100,99045,100,100171,100,98302,100,100345,100,,
2019-06-28 09:51:20.000000000,99642,281,99594,116,99923,181,99477,181,100042,181,99407,181,100123,181,99390,181,100156,100,99327,100,100158,100,99302,100,100162,100,99210,100,100169,100,99045,100,100171,100,98302,100,100345,100,,
2019-06-28 09:51:29.774707667,99642,281,99594,116,99923,181,99477,181,100042,181,99407,181,100123,181,99390,181,100156,100,99327,100,100158,100,99302,100,100162,100,99210,100,100169,100,99045,100,100171,100,98302,100,100345,100,,
2019-06-28 09:51:30.000000000,99642,310,99594,145,99923,207,99477,207,100042,207,99407,207,100123,100,99390,100,100156,100,99327,100,100158,100,99302,100,100162,100,99210,100,100169,100,99045,100,100171,100,98302,100,100345,100,,
2019-06-28 09:51:36.235542478,99642,310,99594,145,99923,207,99477,107,100042,207,99407,207,100123,100,99390,100,100156,100,99327,100,100158,100,99302,100,100162,100,99210,100,100169,100,99045,100,100171,100,98302,100,100345,100,,
2019-06-28 09:51:40.000000000,99642,281,99594,116,99923,181,99407,181,100042,181,99390,181,100123,181,99327,181,100156,100,99302,100,100158,100,99210,100,100162,100,99045,100,100169,100,98302,100,100171,100,,,100345,100,,
2019-06-28 09:51:42.022822938,99642,181,99594,116,99923,181,99407,181,100042,181,99390,181,100123,181,99327,181,100156,100,99210,100,100158,100,99045,100,100162,100,98302,100,100169,100,,,100171,100,,,100345,100,,
2019-06-28 09:51:50.000000000,99642,262,99594,197,99923,262,99407,262,100042,100,99390,100,100123,100,99327,100,100156,100,99210,100,100158,100,99045,100,100162,100,98302,100,100169,100,,,100171,100,,,100345,100,,
2019-06-28 09:52:00.000000000,99642,210,99594,145,99923,207,99407,207,100042,207,99390,207,100123,100,99327,100,100156,100,99210,100,100158,100,99045,100,100162,100,98302,100,100169,100,,,100171,100,,,100345,100,,
2019-06-28 09:52:04.871904497,99642,110,99594,145,99923,207,99407,207,100042,107,99390,207,100123,100,99327,100,100156,100,99210,100,100158,100,99045,100,100162,100,98302,100,100169,100,,,100171,100,,,100345,100,,
2019-06-28 09:52:04.934299882,99642,110,99594,145,99923,207,99407,207,100042,107,99390,207,100123,100,99327,100,100156,100,99210,100,100158,100,99045,100,100162,100,98302,100,100169,100,,,100171,100,,,100345,100,,
2019-06-28 09:52:10.000000000,99923,423,99594,358,100123,100,99407,100,100156,100,99390,100,100158,100,99327,100,100162,100,99210,100,100169,100,99045,100,100171,100,98302,100,100345,100,,,100626,100,,,100631,100,,
2019-06-28 09:52:20.000000000,99923,181,99594,116,100123,181,99407,181,100156,181,99390,181,100158,181,99327,181,100162,100,99210,100,100169,100,99045,100,100171,100,98302,100,100345,100,,,100626,100,,,100631,100,,
2019-06-28 09:52:30.000000000,99923,423,99594,358,100123,100,99407,100,100156,100,99390,100,100158,100,99327,100,100162,100,99210,100,100169,100,99045,100,100171,100,98302,100,100345,100,,,100626,100,,,100631,100,,
2019-06-28 09:52:31.455052706,99923,423,99594,358,100123,100,99407,100,100156,100,99390,100,100158,100,99327,100,100162,100,99210,100,100169,100,99045,100,100171,100,98302,100,100345,100,,,100626,100,,,100631,100,,
2019-06-28 09:52:40.000000000,99923,423,99594,358,100123,100,99407,100,100156,100,99390,100,100158,100,99327,100,100162,100,99210,100,100169,100,99045,100,100171,100,98302,100,100345,100,,,100626,100,,,100631,100,,
2019-06-28 09:52:50.000000000,99923,423,99594,358,100123,100,99407,100,100156,100,99390,100,100158,100,99327,100,100162,100,99210,100,100169,100,99045,100,100171,100,98302,100,100345,100,,,100626,100,,,100631,100,,
2019-06-28 09:53:00.000000000,99923,181,99594,116,100123,181,99407,181,100156,181,99390,181,100158,181,99327,181,100162,100,99210,100,100169,100,99045,100,100171,100,98302,100,100345,100,,,100626,100,,,100631,100,,
2019-06-28 09:53:10.000000000,99923,423,99594,358,100123,100,99407,100,100156,100,99390,100,100158,100,99327,100,100162,100,99210,100,100169,100,99045,100,100171,100,98302,100,100345,100,,,100626,100,,,100631,100,,
2019-06-28 09:53:11.803126638,99923,423,99642,100,100123,100,99594,358,100156,100,99407,100,100158,100,99390,100,100162,100,99327,100,100169,100,99210,100,100171,100,99045,100,100345,100,98302,100,100626,100,,,100631,100,,
2019-06-28 09:53:17.385377596,99923,323,99642,100,100123,100,99594,358,100156,100,99407,100,100158,100,99390,100,100162,100,99327,100,100169,100,99045,100,100171,100,98302,100,100345,100,,,100626,100,,,100631,100,,
2019-06-28 09:53:20.000000000,100123,262,99642,262,100156,262,99594,197,100158,100,99407,100,100162,100,99390,100,100169,100,99327,100,100171,100,99045,100,100345,100,98302,100,100626,100,,,100631,100,,,100657,100,,
2019-06-28 09:53:23.652033114,100123,262,99642,262,100156,262,99594,197,100158,100,99407,100,100162,100,99390,100,100169,100,99327,100,100171,100,99045,100,100345,100,98302,100,100626,100,,,100631,100,,,100657,100,,
2019-06-28 09:53:28.220178930,100123,262,99643,100,100156,262,99642,262,100158,100,99594,197,100162,100,99407,100,100169,100,99390,100,100171,100,99327,100,100345,100,99045,100,100626,100,98302,100,100631,100,,,100657,100,,
2019-06-28 09:53:30.000000000,100123,181,99643,181,100156,181,99642,181,100158,181,99594,116,100162,181,99407,181,100169,100,99390,100,100171,100,99327,100,100345,100,99045,100,100626,100,98302,100,100631,100,,,100657,100,,
2019-06-28 09:53:34.219984958,100123,181,99643,281,100156,181,99642,181,100158,181,99594,116,100162,181,99407,181,100169,100,99390,100,100171,100,99327,100,100345,100,99045,100,100626,100,98302,100,100631,100,,,100657,100,,
2019-06-28 09:53:37.267647442,100123,81,99643,281,100156,181,99642,181,100158,181,99594,116,100162,181,99407,181,100169,100,99390,100,100171,100,99327,100,100345,100,99045,100,100626,100,98302,100,100631,100,,,100657,100,,
2019-06-28 09:53:40.000000000,100156,165,99643,265,100158,165,99642,165,100162,165,99594,100,100169,165,99407,165,100171,165,99390,165,100345,100,99327,100,100626,100,99045,100,100631,100,98302,100,100657,100,,,100663,100,,
2019-06-28 09:53:50.000000000,100156,210,99643,310,100158,207,99642,207,100162,207,99594,142,100169,100,99407,100,100171,100,99390,100,100345,100,99327,100,100626,100,99045,100,100631,100,98302,100,100657,100,,,100663,100,,
2019-06-28 09:54:00.000000000,100156,165,99643,265,100158,165,99642,165,100162,165,99594,100,100169,165,99407,165,100171,165,99390,165,100345,100,99327,100,100626,100,99045,100,100631,100,98302,100,100657,100,,,100663,100,,
2019-06-28 09:54:10.000000000,100156,423,99643,523,100158,100,99642,100,100162,100,99594,35,100169,100,99407,100,100171,100,99390,100,100345,100,99327,100,100626,100,99045,100,100631,100,98302,100,100657,100,,,100663,100,,
2019-06-28 09:54:20.000000000,100156,165,99643,265,100158,165,99642,165,100162,165,99594,100,100169,165,99407,165,100171,165,99390,165,100345,100,99327,100,100626,100,99045,100,100631,100,98302,100,100657,100,,,100663,100,,
2019-06-28 09:54:30.000000000,100156,165,99643,265,100158,165,99642,165,100162,165,99594,100,100169,165,99407,165,100171,165,99390,165,100345,100,99327,100,100626,100,99045,100,100631,100,98302,100,100657,100,,,100663,100,,
2019-06-28 09:54:40.000000000,100156,181,99643,281,100158,181,99642,181,100162,181,99594,116,100169,181,99407,181,100171,100,99390,100,100345,100,99327,100,100626,100,99045,100,100631,100,98302,100,100657,100,,,100663,100,,
2019-06-28 09:54:48.874799299,100156,81,99643,281,100158,181,99642,181,100162,181,99594,116,100169,181,99407,181,100171,100,99390,100,100345,100,99045,100,100626,100,98302,100,100631,100,,,100657,100,,,100663,100,,
2019-06-28 09:54:50.000000000,100158,262,99643,362,100162,262,99642,262,100169,100,99594,35,100171,100,99407,100,100345,100,99390,100,100626,100,99045,100,100631,100,98302,100,100657,100,,,100663,100,,,101304,100,,
2019-06-28 09:55:00.000000000,100158,210,99643,310,100162,207,99642,207,100169,207,99594,142,100171,100,99407,100,100345,100,99390,100,100626,100,99045,100,100631,100,98302,100,100657,100,,,100663,100,,,101304,100,,
2019-06-28 09:55:03.790035257,100158,110,99643,310,100162,207,99642,207,100169,207,99594,142,100171,100,99407,100,100345,100,99390,100,100626,100,99045,100,100631,100,98302,100,100657,100,,,100663,100,,,101304,100,,
2019-06-28 09:55:08.295254780,100158,110,99643,310,100162,207,99642,207,100169,207,99594,142,100171,100,99407,100,100345,100,99390,100,100626,100,99045,100,100657,100,98302,100,100663,100,,,101304,100,,,101792,100,,
2019-06-28 09:55:10.000000000,100162,262,99643,362,100169,262,99642,262,100171,100,99594,35,100345,100,99407,100,100626,100,99390,100,100657,100,99045,100,100663,100,98302,100,101304,100,,,101792,100,,,,,,
2019-06-28 09:55:20.000000000,100162,181,99643,281,100169,181,99642,181,100171,181,99594,116,100345,181,99407,181,100626,100,99390,100,100657,100,99045,100,100663,100,98302,100,101304,100,,,101792,100,,,,,,
2019-06-28 09:55:23.703684492,100162,81,99643,281,100169,181,99642,181,100171,181,99594,116,100345,181,99407,181,100626,100,99390,100,100657,100,99045,100,100663,100,98302,100,101304,100,,,101792,100,,,,,,
2019-06-28 09:55:30.000000000,100169,262,99643,362,100171,262,99642,262,100345,100,99594,35,100626,100,99407,100,100657,100,99390,100,100663,100,99045,100,101304,100,98302,100,101792,100,,,,,,,,,,
2019-06-28 09:55:30.438108892,100169,262,99643,362,100171,262,99642,262,100345,100,99594,35,100626,100,99407,100,100657,100,99390,100,100663,100,99045,100,101304,100,98302,100,101549,100,,,101792,100,,,,,,
2019-06-28 09:55:38.522218546,100169,162,99643,362,100171,262,99642,262,100345,100,99594,35,100626,100,99407,100,100657,100,99390,100,100663,100,99045,100,101304,100,98302,100,101549,100,,,101792,100,,,,,,
2019-06-28 09:55:40.000000000,100171,210,99643,310,100345,207,99642,207,100626,207,99594,142,100657,100,99407,100,100663,100,99390,100,101304,100,99045,100,101549,100,98302,100,101792,100,,,,,,,,,,
2019-06-28 09:55:50.000000000,100171,181,99643,281,100345,181,99642,181,100626,181,99594,116,100657,181,99407,181,100663,100,99390,100,101304,100,99045,100,101549,100,98302,100,101792,100,,,,,,,,,,
2019-06-28 09:56:00.000000000,100171,423,99643,523,100345,100,99642,100,100626,100,99594,35,100657,100,99407,100,100663,100,99390,100,101304,100,99045,100,101549,100,98302,100,101792,100,,,,,,,,,,
2019-06-28 09:56:05.110017604,100171,423,99643,523,100345,100,99642,100,100626,100,99594,35,100657,100,99407,100,100663,100,99390,100,101304,100,99045,100,101549,100,98302,100,101653,100,,,101792,100,,,,,,
2019-06-28 09:56:10.000000000,100171,262,99643,362,100345,262,99642,262,100626,100,99594,35,100657,100,99407,100,100663,100,99390,100,101304,100,99045,100,101549,100,98302,100,101653,100,,,101792,100,,,,,,
2019-06-28 09:56:20.000000000,100171,262,99643,362,100345,262,99642,262,100626,100,99594,35,100657,100,99407,100,100663,100,99390,100,101304,100,99045,100,101549,100,98302,100,101653,100,,,101792,100,,,,,,
2019-06-28 09:56:28.842431981,100171,162,99643,362,100345,262,99642,262,100626,100,99594,35,100657,100,99407,100,100663,100,99390,100,101304,100,99045,100,101549,100,98302,100,101653,100,,,101792,100,,,,,,
2019-06-28 09:56:30.000000000,100345,262,99643,362,100626,262,99642,262,100657,100,99594,35,100663,100,99407,100,101304,100,99390,100,101549,100,99045,100,101653,100,98302,100,101792,100,,,,,,,,,,
2019-06-28 09:56:40.000000000,100345,423,99643,523,100626,100,99642,100,100657,100,99594,35,100663,100,99407,100,101304,100,99390,100,101549,100,99045,100,101653,100,98302,100,101792,100,,,,,,,,,,
2019-06-28 09:56:40.277166506,100345,423,100169,100,100626,100,99643,423,100657,100,99642,100,100663,100,99594,35,101304,100,99407,100,101549,100,99390,100,101653,100,99045,100,101792,100,98302,100,,,,,,,,
2019-06-28 09:56:43.182924446,100345,323,100169,100,100626,100,99643,423,100657,100,99642,100,100663,100,99594,35,101304,100,99390,100,101549,100,99045,100,101653,100,98302,100,101792,100,,,,,,,,,,
2019-06-28 09:56:50.000000000,100626,210,100169,210,100657,207,99643,207,100663,207,99642,207,101304,100,99594,35,101549,100,99390,100,101653,100,99045,100,101792,100,98302,100,,,,,,,,,,,,
2019-06-28 09:57:00.000000000,100626,262,100169,262,100657,262,99643,262,100663,100,99642,100,101304,100,99594,35,101549,100,99390,100,101653,100,99045,100,101792,100,98302,100,,,,,,,,,,,,
2019-06-28 09:57:07.321835154,100626,262,100171,100,100657,262,100169,262,100663,100,99643,262,101304,100,99642,100,101549,100,99594,35,101653,100,99390,100,101792,100,99045,100,,,98302,100,,,,,,,,
2019-06-28 09:57:10.000000000,100626,181,100171,181,100657,181,100169,181,100663,181,99643,181,101304,181,99642,181,101549,100,99594,35,101653,100,99390,100,101792,100,99045,100,,,98302,100,,,,,,,,
2019-06-28 09:57:15.705680329,100626,81,100171,181,100657,181,100169,181,100663,181,99643,181,101304,181,99642,181,101549,100,99594,35,101653,100,99390,100,101792,100,99045,100,,,98302,100,,,,,,,,
2019-06-28 09:57:20.000000000,100657,423,100171,423,100663,100,100169,100,101304,100,99643,100,101549,100,99642,100,101653,100,99594,35,101792,100,99390,100,,,99045,100,,,98302,100,,,,,,,,
2019-06-28 09:57:24.822381641,100657,423,100171,423,100663,100,100169,100,101142,100,99643,100,101304,100,99642,100,101549,100,99594,35,101653,100,99390,100,101792,100,99045,100,,,98302,100,,,,,,,,
2019-06-28 09:57:25.932035638,100657,423,100171,423,100663,100,100169,100,101142,100,99643,100,101186,100,99642,100,101304,100,99594,35,101549,100,99390,100,101653,100,99045,100,101792,100,98302,100,,,,,,,,
2019-06-28 09:57:30.000000000,100657,181,100171,181,100663,181,100169,181,101142,181,99643,181,101186,181,99642,181,101304,100,99594,35,101549,100,99390,100,101653,100,99045,100,101792,100,98302,100,,,,,,,,
2019-06-28 09:57:31.955085555,100657,181,100171,181,100663,181,100169,181,100926,100,99643,181,101142,181,99642,181,101186,181,99594,35,101304,100,99390,100,101549,100,99045,100,101653,100,98302,100,101792,100,,,,,,
2019-06-28 09:57:40.000000000,100657,181,100171,181,100663,181,100169,181,100926,181,99643,181,101142,181,99642,181,101186,100,99594,35,101304,100,99390,100,101549,100,99045,100,101653,100,98302,100,101792,100,,,,,,
2019-06-28 09:57:45.590271292,100657,181,100171,181,100663,181,100169,181,100926,181,99643,181,101142,181,99642,181,101186,100,99594,35,101223,100,99390,100,101304,100,99045,100,101549,100,98302,100,101653,100,,,101792,100,,
2019-06-28 09:57:50.000000000,100657,262,100171,262,100663,262,100169,262,100926,100,99643,100,101142,100,99642,100,101186,100,99594,35,101223,100,99390,100,101304,100,99045,100,101549,100,98302,100,101653,100,,,101792,100,,
2019-06-28 09:58:00.000000000,100657,423,100171,423,100663,100,100169,100,100926,100,99643,100,101142,100,99642,100,101186,100,99594,35,101223,100,99390,100,101304,100,99045,100,101549,100,98302,100,101653,100,,,101792,100,,
2019-06-28 09:58:10.000000000,100657,181,100171,181,100663,181,100169,181,100926,181,99643,181,101142,181,99642,181,101186,100,99594,35,101223,100,99390,100,101304,100,99045,100,101549,100,98302,100,101653,100,,,101792,100,,
2019-06-28 09:58:20.000000000,100657,262,100171,262,100663,262,100169,262,100926,100,99643,100,101142,100,99642,100,101186,100,99594,35,101223,100,99390,100,101304,100,99045,100,101549,100,98302,100,101653,100,,,101792,100,,
2019-06-28 09:58:20.608702886,100657,262,100171,262,100663,262,100169,262,100926,100,99643,100,101091,100,99642,100,101186,100,99594,35,101223,100,99390,100,101304,100,99045,100,101549,100,98302,100,101653,100,,,101792,100,,
2019-06-28 09:58:26.650214601,100657,162,100171,262,100663,262,100169,262,100926,100,99643,100,101091,100,99642,100,101186,100,99594,35,101223,100,99390,100,101549,100,99045,100,101653,100,98302,100,101792,100,,,,,,
2019-06-28 09:58:30.000000000,100663,262,100171,262,100926,262,100169,262,101091,100,99643,100,101186,100,99642,100,101223,100,99594,35,101549,100,99390,100,101653,100,99045,100,101792,100,98302,100,,,,,,,,
2019-06-28 09:58:40.000000000,100663,262,100171,262,100926,262,100169,262,101091,100,99643,100,101186,100,99642,100,101223,100,99594,35,101549,100,99390,100,101653,100,99045,100,101792,100,98302,100,,,,,,,,
2019-06-28 09:58:50.000000000,100663,423,100171,423,100926,100,100169,100,101091,100,99643,100,101186,100,99642,100,101223,100,99594,35,101549,100,99390,100,101653,100,99045,100,101792,100,98302,100,,,,,,,,
2019-06-28 09:58:54.345934555,100663,423,100171,423,100926,100,100169,100,101091,100,99643,100,101186,100,99642,100,101223,100,99594,35,101549,100,99390,100,101653,100,99045,100,101770,100,98302,100,101792,100,,,,,,
2019-06-28 09:58:59.638699143,100663,423,100171,423,100926,100,100169,100,101091,100,99643,100,101186,100,99642,100,101223,100,99594,35,101549,100,99390,100,101653,100,99045,100,101666,100,98302,100,101770,100,,,101792,100,,
2019-06-28 09:59:00.000000000,100663,423,100171,423,100926,100,100169,100,101091,100,99643,100,101186,100,99642,100,101223,100,99594,35,101549,100,99390,100,101653,100,99045,100,101666,100,98302,100,101770,100,,,101792,100,,
2019-06-28 09:59:10.000000000,100663,423,100171,423,100926,100,100169,100,101091,100,99643,100,101186,100,99642,100,101223,100,99594,35,101549,100,99390,100,101653,100,99045,100,101666,100,98302,100,101770,100,,,101792,100,,
2019-06-28 09:59:20.000000000,100663,423,100171,423,100926,100,100169,100,101091,100,99643,100,101186,100,99642,100,101223,100,99594,35,101549,100,99390,100,101653,100,99045,100,101666,100,98302,100,101770,100,,,101792,100,,
2019-06-28 09:59:23.557504011,100663,323,100171,423,100926,100,100169,100,101091,100,99643,100,101186,100,99642,100,101223,100,99594,35,101549,100,99390,100,101653,100,99045,100,101666,100,98302,100,101770,100,,,101792,100,,
2019-06-28 09:59:25.868427211,100663,323,100171,423,100926,100,100169,100,101091,100,99643,100,101186,100,99642,100,101223,100,99594,35,101549,100,99390,100,101653,100,99045,100,101666,100,98302,100,101712,100,,,101770,100,,
2019-06-28 09:59:27.015258687,100663,223,100171,423,100926,100,100169,100,101091,100,99643,100,101186,100,99642,100,101223,100,99594,35,101549,100,99390,100,101653,100,99045,100,101666,100,98302,100,101712,100,,,101770,100,,
2019-06-28 09:59:30.000000000,100926,210,100171,210,101091,207,100169,207,101186,207,99643,207,101223,100,99642,100,101549,100,99594,35,101653,100,99390,100,101666,100,99045,100,101712,100,98302,100,101770,100,,,101792,100,,
2019-06-28 09:59:32.855884061,100926,210,100171,210,101091,207,100169,207,101186,207,99643,207,101223,100,99642,100,101549,100,99594,35,101653,100,99390,100,101666,100,99045,100,101703,100,98302,100,101712,100,,,101770,100,,
2019-06-28 09:59:40.000000000,100926,262,100171,262,101091,262,100169,262,101186,100,99643,100,101223,100,99642,100,101549,100,99594,35,101653,100,99390,100,101666,100,99045,100,101703,100,98302,100,101712,100,,,101770,100,,
2019-06-28 09:59:49.958194949,100926,162,100171,262,101091,262,100169,262,101223,100,99643,100,101549,100,99642,100,101653,100,99594,35,101666,100,99390,100,101703,100,99045,100,101712,100,98302,100,101770,100,,,101792,100,,
2019-06-28 09:59:50.000000000,101091,262,100171,262,101223,262,100169,262,101549,100,99643,100,101653,100,99642,100,101666,100,99594,35,101703,100,99390,100,101712,100,99045,100,101770,100,98302,100,101792,100,,,,,,
2019-06-28 09:59:50.277006624,101091,262,100171,262,101223,262,100169,262,101443,100,99643,100,101549,100,99642,100,101653,100,99594,35,101666,100,99390,100,101703,100,99045,100,101712,100,98302,100,101770,100,,,101792,100,,
2019-06-28 10:00:00.000000000,101091,165,100171,165,101223,165,100169,165,101443,165,99643,165,101549,165,99642,165,101653,165,99594,100,101666,100,99390,100,101703,100,99045,100,101712,100,98302,100,101770,100,,,101792,100,,
2019-06-28 10:00:10.000000000,101091,423,100171,423,101223,100,100169,100,101443,100,99643,100,101549,100,99642,100,101653,100,99594,35,101666,100,99390,100,101703,100,99045,100,101712,100,98302,100,101770,100,,,101792,100,,
2019-06-28 10:00:19.606104064,101091,323,100171,423,101223,100,100169,100,101376,100,99643,100,101443,100,99642,100,101549,100,99594,35,101653,100,99390,100,101666,100,99045,100,101703,100,98302,100,101712,100,,,101770,100,,
2019-06-28 10:00:20.000000000,101223,423,100171,423,101376,100,100169,100,101443,100,99643,100,101549,100,99642,100,101653,100,99594,35,101666,100,99390,100,101703,100,99045,100,101712,100,98302,100,101770,100,,,101792,100,,
2019-06-28 10:00:20.685586337,101223,423,100171,423,101365,100,100169,100,101376,100,99643,100,101443,100,99642,100,101549,100,99594,35,101653,100,99390,100,101703,100,99045,100,101712,100,98302,100,101770,100,,,101792,100,,
2019-06-28 10:00:30.000000000,101223,210,100171,210,101365,207,100169,207,101376,207,99643,207,101443,100,99642,100,101549,100,99594,35,101653,100,99390,100,101703,100,99045,100,101712,100,98302,100,101770,100,,,101792,100,,
2019-06-28 10:00:40.000000000,101223,262,100171,262,101365,262,100169,262,101376,100,99643,100,101443,100,99642,100,101549,100,99594,35,101653,100,99390,100,101703,100,99045,100,101712,100,98302,100,101770,100,,,101792,100,,
2019-06-28 10:00:50.000000000,101223,181,100171,181,101365,181,100169,181,101376,181,99643,181,101443,181,99642,181,101549,100,99594,35,101653,100,99390,100,101703,100,99045,100,101712,100,98302,100,101770,100,,,101792,100,,
2019-06-28 10:01:00.000000000,101223,165,100171,165,101365,165,100169,165,101376,165,99643,165,101443,165,99642,165,101549,165,99594,100,101653,100,99390,100,101703,100,99045,100,101712,100,98302,100,101770,100,,,101792,100,,
2019-06-28 10:01:09.948543087,101223,65,100171,165,101365,165,100169,165,101376,165,99643,165,101443,165,99642,165,101549,165,99594,100,101653,100,99390,100,101703,100,99045,100,101712,100,98302,100,101770,100,,,101792,100,,
2019-06-28 10:01:10.000000000,101365,262,100171,262,101376,262,100169,262,101443,100,99643,100,101549,100,99642,100,101653,100,99594,35,101703,100,99390,100,101712,100,99045,100,101770,100,98302,100,101792,100,,,,,,
2019-06-28 10:01:20.000000000,101365,262,100171,262,101376,262,100169,262,101443,100,99643,100,101549,100,99642,100,101653,100,99594,35,101703,100,99390,100,101712,100,99045,100,101770,100,98302,100,101792,100,,,,,,
2019-06-28 10:01:23.437270134,100925,100,100171,262,101365,262,100169,262,101376,262,99643,100,101443,100,99642,100,101549,100,99390,100,101653,100,99045,100,101703,100,98302,100,101712,100,,,101770,100,,,101792,100,,
2019-06-28 10:01:30.000000000,100925,262,100171,262,101365,262,100169,262,101376,100,99643,100,101443,100,99642,100,101549,100,99390,100,101653,100,99045,100,101703,100,98302,100,101712,100,,,101770,100,,,101792,100,,
2019-06-28 10:01:40.000000000,100925,210,100171,210,101365,207,100169,207,101376,207,99643,207,101443,100,99642,100,101549,100,99390,100,101653,100,99045,100,101703,100,98302,100,101712,100,,,101770,100,,,101792,100,,
2019-06-28 10:01:43.393833801,100925,210,100171,210,101216,100,100169,207,101365,207,99643,207,101376,207,99642,100,101443,100,99390,100,101549,100,99045,100,101653,100,98302,100,101703,100,,,101712,100,,,101770,100,,
2019-06-28 10:01:46.689723418,100925,210,100171,210,101128,100,100169,207,101216,100,99643,207,101365,207,99642,100,101376,207,99390,100,101443,100,99045,100,101549,100,98302,100,101703,100,,,101712,100,,,101770,100,,
2019-06-28 10:01:49.754721661,100925,210,100171,210,101128,100,100169,207,101216,100,99643,207,101242,100,99642,100,101365,207,99390,100,101376,207,99045,100,101443,100,98302,100,101549,100,,,101703,100,,,101712,100,,
2019-06-28 10:01:50.000000000,100925,165,100171,165,101128,165,100169,165,101216,165,99643,165,101242,165,99642,165,101365,165,99390,165,101376,100,99045,100,101443,100,98302,100,101549,100,,,101703,100,,,101712,100,,
2019-06-28 10:02:00.000000000,100925,165,100171,165,101128,165,100169,165,101216,165,99643,165,101242,165,99642,165,101365,165,99390,165,101376,100,99045,100,101443,100,98302,100,101549,100,,,101703,100,,,101712,100,,
2019-06-28 10:02:06.296016099,100925,65,100171,165,101128,165,100169,165,101216,165,99643,165,101242,165,99642,165,101365,165,99390,165,101376,100,99045,100,101443,100,98302,100,101549,100,,,101703,100,,,101712,100,,
2019-06-28 10:02:10.000000000,101128,210,100171,210,101216,207,100169,207,101242,207,99643,207,101365,100,99642,100,101376,100,99390,100,101443,100,99045,100,101549,100,98302,100,101703,100,,,101712,100,,,101770,100,,
2019-06-28 10:02:20.000000000,101128,181,100171,181,101216,181,100169,181,101242,181,99643,181,101365,181,99642,181,101376,100,99390,100,101443,100,99045,100,101549,100,98302,100,101703,100,,,101712,100,,,101770,100,,
2019-06-28 10:02:30.000000000,101128,181,100171,181,101216,181,100169,181,101242,181,99643,181,101365,181,99642,181,101376,100,99390,100,101443,100,99045,100,101549,100,98302,100,101703,100,,,101712,100,,,101770,100,,
2019-06-28 10:02:40.000000000,101128,210,100171,210,101216,207,100169,207,101242,207,99643,207,101365,100,99642,100,101376,100,99390,100,101443,100,99045,100,101549,100,98302,100,101703,100,,,101712,100,,,101770,100,,
2019-06-28 10:02:50.000000000,101128,165,100171,165,101216,165,100169,165,101242,165,99643,165,101365,165,99642,165,101376,165,99390,165,101443,100,99045,100,101549,100,98302,100,101703,100,,,101712,100,,,101770,100,,
2019-06-28 10:03:00.000000000,101128,165,100171,165,101216,165,100169,165,101242,165,99643,165,101365,165,99642,165,101376,165,99390,165,101443,100,99045,100,101549,100,98302,100,101703,100,,,101712,100,,,101770,100,,
2019-06-28 10:03:10.000000000,101128,165,100171,165,101216,165,100169,165,101242,165,99643,165,101365,165,99642,165,101376,165,99390,165,101443,100,99045,100,101549,100,98302,100,101703,100,,,101712,100,,,101770,100,,
2019-06-28 10:03:20.000000000,101128,423,100171,423,101216,100,100169,100,101242,100,99643,100,101365,100,99642,100,101376,100,99390,100,101443,100,99045,100,101549,100,98302,100,101703,100,,,101712,100,,,101770,100,,
2019-06-28 10:03:30.000000000,101128,423,100171,423,101216,100,100169,100,101242,100,99643,100,101365,100,99642,100,101376,100,99390,100,101443,100,99045,100,101549,100,98302,100,101703,100,,,101712,100,,,101770,100,,
2019-06-28 10:03:32.973575266,101128,423,100889,100,101216,100,100171,423,101242,100,100169,100,101365,100,99643,100,101376,100,99642,100,101443,100,99390,100,101549,100,99045,100,101703,100,98302,100,101712,100,,,101770,100,,
2019-06-28 10:03:33.373711012,101128,423,100889,100,101148,100,100171,423,101216,100,100169,100,101242,100,99643,100,101365,100,99642,100,101376,100,99390,100,101443,100,99045,100,101549,100,98302,100,101703,100,,,101712,100,,
2019-06-28 10:03:40.000000000,101128,181,100889,181,101148,181,100171,181,101216,181,100169,181,101242,181,99643,181,101365,100,99642,100,101376,100,99390,100,101443,100,99045,100,101549,100,98302,100,101703,100,,,101712,100,,
2019-06-28 10:03:50.000000000,101128,165,100889,165,101148,165,100171,165,101216,165,100169,165,101242,165,99643,165,101365,165,99642,165,101376,100,99390,100,101443,100,99045,100,101549,100,98302,100,101703,100,,,101712,100,,
2019-06-28 10:04:00.000000000,101128,181,100889,181,101148,181,100171,181,101216,181,100169,181,101242,181,99643,181,101365,100,99642,100,101376,100,99390,100,101443,100,99045,100,101549,100,98302,100,101703,100,,,101712,100,,
2019-06-28 10:04:10.000000000,101128,165,100889,165,101148,165,100171,165,101216,165,100169,165,101242,165,99643,165,101365,165,99642,165,101376,100,99390,100,101443,100,99045,100,101549,100,98302,100,101703,100,,,101712,100,,
2019-06-28 10:04:20.000000000,101128,423,100889,423,101148,100,100171,100,101216,100,100169,100,101242,100,99643,100,101365,100,99642,100,101376,100,99390,100,101443,100,99045,100,101549,100,98302,100,101703,100,,,101712,100,,
2019-06-28 10:04:26.946883852,101128,423,100889,423,101148,100,100171,100,101216,100,100169,100,101242,100,99643,100,101365,100,99642,100,101376,100,99390,100,101443,100,99045,100,101549,100,,,101703,100,,,101712,100,,
2019-06-28 10:04:30.000000000,101128,262,100889,262,101148,262,100171,262,101216,100,100169,100,101242,100,99643,100,101365,100,99642,100,101376,100,99390,100,101443,100,99045,100,101549,100,,,101703,100,,,101712,100,,
2019-06-28 10:04:37.573571442,101128,262,100889,262,101148,262,100171,262,101216,100,100169,100,101242,100,99643,100,101365,100,99390,100,101376,100,99045,100,101443,100,,,101549,100,,,101703,100,,,101712,100,,
2019-06-28 10:04:39.968117337,101128,262,100889,262,101148,262,100171,262,101216,100,100169,100,101242,100,99643,100,101365,100,99390,100,101376,100,99045,100,101443,100,,,101549,100,,,101703,100,,,101712,100,,
2019-06-28 10:04:40.000000000,101128,181,100889,181,101148,181,100171,181,101216,181,100169,181,101242,181,99643,181,101365,100,99390,100,101376,100,99045,100,101443,100,,,101549,100,,,101703,100,,,101712,100,,
2019-06-28 10:04:47.315544609,101128,81,100889,181,101148,181,100171,181,101216,181,100169,181,101242,181,99643,181,101365,100,99390,100,101376,100,99045,100,101443,100,,,101549,100,,,101703,100,,,101712,100,,
2019-06-28 10:04:50.000000000,101148,165,100889,165,101216,165,100171,165,101242,165,100169,165,101365,165,99643,165,101376,165,99390,165,101443,100,99045,100,101549,100,,,101703,100,,,101712,100,,,101770,100,,
2019-06-28 10:05:00.000000000,101148,210,100889,210,101216,207,100171,207,101242,207,100169,207,101365,100,99643,100,101376,100,99390,100,101443,100,99045,100,101549,100,,,101703,100,,,101712,100,,,101770,100,,
2019-06-28 10:05:07.481587545,101148,110,100889,210,101216,207,100171,207,101242,207,100169,207,101365,100,99643,100,101376,100,99390,100,101443,100,99045,100,101549,100,,,101703,100,,,101712,100,,,101770,100,,
2019-06-28 10:05:10.000000000,101216,181,100889,181,101242,181,100171,181,101365,181,100169,181,101376,181,99643,181,101443,100,99390,100,101549,100,99045,100,101703,100,,,101712,100,,,101770,100,,,101792,100,,
2019-06-28 10:05:17.375113062,101216,181,101186,100,101242,181,100889,181,101365,181,100171,181,101376,181,100169,181,101443,100,99643,181,101549,100,99390,100,101703,100,99045,100,101712,100,,,101770,100,,,101792,100,,
2019-06-28 10:05:20.000000000,101216,210,101186,210,101242,207,100889,207,101365,207,100171,207,101376,100,100169,100,101443,100,99643,100,101549,100,99390,100,101703,100,99045,100,101712,100,,,101770,100,,,101792,100,,
2019-06-28 10:05:26.517325126,101216,110,101186,210,101242,207,100889,207,101365,207,100171,207,101376,100,100169,100,101443,100,99643,100,101549,100,99390,100,101703,100,99045,100,101712,100,,,101770,100,,,101792,100,,
2019-06-28 10:05:30.000000000,101242,165,101186,165,101365,165,100889,165,101376,165,100171,165,101443,165,100169,165,101549,165,99643,165,101703,100,99390,100,101712,100,99045,100,101770,100,,,101792,100,,,101826,100,,
2019-06-28 10:05:40.000000000,101242,210,101186,210,101365,207,100889,207,101376,207,100171,207,101443,100,100169,100,101549,100,99643,100,101703,100,99390,100,101712,100,99045,100,101770,100,,,101792,100,,,101826,100,,
2019-06-28 10:05:49.766167716,101242,110,101186,210,101365,207,100889,207,101376,207,100171,207,101443,100,100169,100,101549,100,99643,100,101703,100,99390,100,101712,100,99045,100,101770,100,,,101792,100,,,101925,100,,
2019-06-28 10:05:50.000000000,101365,165,101186,165,101376,165,100889,165,101443,165,100171,165,101549,165,100169,165,101703,165,99643,165,101712,100,99390,100,101770,100,99045,100,101792,100,,,101925,100,,,,,,
2019-06-28 10:06:00.000000000,101365,210,101186,210,101376,207,100889,207,101443,207,100171,207,101549,100,100169,100,101703,100,99643,100,101712,100,99390,100,101770,100,99045,100,101792,100,,,101925,100,,,,,,
2019-06-28 10:06:10.000000000,101365,262,101186,262,101376,262,100889,262,101443,100,100171,100,101549,100,100169,100,101703,100,99643,100,101712,100,99390,100,101770,100,99045,100,101792,100,,,101925,100,,,,,,
2019-06-28 10:06:19.856801247,101365,262,101186,262,101376,262,100889,262,101443,100,100382,100,101549,100,100171,100,101703,100,100169,100,101712,100,99643,100,101770,100,99390,100,101792,100,99045,100,101925,100,,,,,,
2019-06-28 10:06:20.000000000,101365,165,101186,165,101376,165,100889,165,101443,165,100382,165,101549,165,100171,165,101703,165,100169,165,101712,100,99643,100,101770,100,99390,100,101792,100,99045,100,101925,100,,,,,,
2019-06-28 10:06:30.000000000,101365,181,101186,181,101376,181,100889,181,101443,181,100382,181,101549,181,100171,181,101703,100,100169,100,101712,100,99643,100,101770,100,99390,100,101792,100,99045,100,101925,100,,,,,,
2019-06-28 10:06:36.551903324,101365,181,101186,81,101376,181,100889,181,101443,181,100382,181,101549,181,100171,181,101703,100,100169,100,101712,100,99643,100,101770,100,99390,100,101792,100,99045,100,101925,100,,,,,,
2019-06-28 10:06:40.000000000,101365,165,100889,165,101376,165,100382,165,101443,165,100171,165,101549,165,100169,165,101703,165,99643,165,101712,100,99390,100,101770,100,99045,100,101792,100,,,101925,100,,,,,,
2019-06-28 10:06:49.998607288,101365,165,100889,165,101376,165,100477,100,101443,165,100382,165,101549,165,100171,165,101703,165,100169,165,101712,100,99643,165,101770,100,99390,100,101792,100,99045,100,101925,100,,,,,,
2019-06-28 10:06:50.000000000,101365,165,100889,165,101376,165,100477,165,101443,165,100382,165,101549,165,100171,165,101703,165,100169,165,101712,100,99643,100,101770,100,99390,100,101792,100,99045,100,101925,100,,,,,,
2019-06-28 10:07:00.000000000,101365,423,100889,423,101376,100,100477,100,101443,100,100382,100,101549,100,100171,100,101703,100,100169,100,101712,100,99643,100,101770,100,99390,100,101792,100,99045,100,101925,100,,,,,,
2019-06-28 10:07:08.047608562,101365,423,100889,323,101376,100,100477,100,101443,100,100382,100,101549,100,100171,100,101703,100,100169,100,101712,100,99643,100,101792,100,99390,100,101925,100,99045,100,,,,,,,,
2019-06-28 10:07:10.000000000,101365,181,100477,181,101376,181,100382,181,101443,181,100171,181,101549,181,100169,181,101703,100,99643,100,101712,100,99390,100,101792,100,99045,100,101925,100,,,,,,,,,,
2019-06-28 10:07:10.771816578,100601,100,100477,181,101365,181,100382,181,101376,181,100171,181,101443,181,100169,181,101549,181,99643,100,101703,100,99390,100,101712,100,99045,100,101792,100,,,101925,100,,,,,,
2019-06-28 10:07:12.633630490,100601,100,100477,81,101365,181,100382,181,101376,181,100171,181,101443,181,100169,181,101549,181,99643,100,101703,100,99390,100,101712,100,99045,100,101925,100,,,,,,,,,,
2019-06-28 10:07:20.000000000,100601,423,100382,423,101365,100,100171,100,101376,100,100169,100,101443,100,99643,100,101549,100,99390,100,101703,100,99045,100,101712,100,,,101925,100,,,,,,,,,,
2019-06-28 10:07:30.000000000,100601,181,100382,181,101365,181,100171,181,101376,181,100169,181,101443,181,99643,181,101549,100,99390,100,101703,100,99045,100,101712,100,,,101925,100,,,,,,,,,,
2019-06-28 10:07:40.000000000,100601,181,100382,181,101365,181,100171,181,101376,181,100169,181,101443,181,99643,181,101549,100,99390,100,101703,100,99045,100,101712,100,,,101925,100,,,,,,,,,,
2019-06-28 10:07:44.391966869,100601,181,100382,181,101365,181,100171,181,101376,181,100169,181,101443,181,99957,100,101549,100,99643,181,101703,100,99390,100,101712,100,99045,100,101925,100,,,,,,,,,,
2019-06-28 10:07:50.000000000,100601,181,100382,181,101365,181,100171,181,101376,181,100169,181,101443,181,99957,181,101549,100,99643,100,101703,100,99390,100,101712,100,99045,100,101925,100,,,,,,,,,,
2019-06-28 10:08:00.000000000,100601,165,100382,165,101365,165,100171,165,101376,165,100169,165,101443,165,99957,165,101549,165,99643,165,101703,100,99390,100,101712,100,99045,100,101925,100,,,,,,,,,,
2019-06-28 10:08:10.000000000,100601,423,100382,423,101365,100,100171,100,101376,100,100169,100,101443,100,99957,100,101549,100,99643,100,101703,100,99390,100,101712,100,99045,100,101925,100,,,,,,,,,,
2019-06-28 10:08:11.048112481,100601,423,100382,423,101365,100,100171,100,101376,100,100169,100,101549,100,99957,100,101703,100,99932,100,101712,100,99643,100,101925,100,99390,100,,,99045,100,,,,,,,,
2019-06-28 10:08:20.000000000,100601,423,100382,423,101365,100,100171,100,101376,100,100169,100,101549,100,99957,100,101703,100,99932,100,101712,100,99643,100,101925,100,99390,100,,,99045,100,,,,,,,,
2019-06-28 10:08:30.000000000,100601,165,100382,165,101365,165,100171,165,101376,165,100169,165,101549,165,99957,165,101703,165,99932,165,101712,100,99643,100,101925,100,99390,100,,,99045,100,,,,,,,,
2019-06-28 10:08:32.857927494,100601,165,100382,165,101365,165,100171,165,101376,165,100169,165,101549,165,99957,165,101703,165,99932,165,101712,100,99754,100,101925,100,99643,100,,,99390,100,,,99045,100,,,,
2019-06-28 10:08:40.000000000,100601,210,100382,210,101365,207,100171,207,101376,207,100169,207,101549,100,99957,100,101703,100,99932,100,101712,100,99754,100,101925,100,99643,100,,,99390,100,,,99045,100,,,,
2019-06-28 10:08:50.000000000,100601,165,100382,165,101365,165,100171,165,101376,165,100169,165,101549,165,99957,165,101703,165,99932,165,101712,100,99754,100,101925,100,99643,100,,,99390,100,,,99045,100,,,,
2019-06-28 10:09:00.000000000,100601,262,100382,262,101365,262,100171,262,101376,100,100169,100,101549,100,99957,100,101703,100,99932,100,101712,100,99754,100,101925,100,99643,100,,,99390,100,,,99045,100,,,,
2019-06-28 10:09:10.000000000,100601,181,100382,181,101365,181,100171,181,101376,181,100169,181,101549,181,99957,181,101703,100,99932,100,101712,100,99754,100,101925,100,99643,100,,,99390,100,,,99045,100,,,,
2019-06-28 10:09:20.000000000,100601,181,100382,181,101365,181,100171,181,101376,181,100169,181,101549,181,99957,181,101703,100,99932,100,101712,100,99754,100,101925,100,99643,100,,,99390,100,,,99045,100,,,,
2019-06-28 10:09:21.883170283,100601,181,100382,181,101365,181,100171,181,101376,181,100169,181,101549,181,99957,181,101703,100,99932,100,101712,100,99918,100,101925,100,99754,100,,,99643,100,,,99390,100,,,99045,100
2019-06-28 10:09:23.421878958,100601,181,100382,181,101365,181,100171,181,101376,181,100169,181,101549,181,99957,181,101703,100,99932,100,101712,100,99918,100,101925,100,99839,100,,,99754,100,,,99643,100,,,99390,100
2019-06-28 10:09:30.000000000,100601,181,100382,181,101365,181,100171,181,101376,181,100169,181,101549,181,99957,181,101703,100,99932,100,101712,100,99918,100,101925,100,99839,100,,,99754,100,,,99643,100,,,99390,100
2019-06-28 10:09:36.311343767,100601,181,100382,181,101365,181,100171,181,101376,181,100169,181,101549,181,99957,181,101703,100,99932,100,101712,100,99918,100,101925,100,99839,100,,,99754,100,,,99643,100,,,99631,100
2019-06-28 10:09:40.000000000,100601,210,100382,210,101365,207,100171,207,101376,207,100169,207,101549,100,99957,100,101703,100,99932,100,101712,100,99918,100,101925,100,99839,100,,,99754,100,,,99643,100,,,99631,100
2019-06-28 10:09:43.563241242,100601,210,100382,210,101365,207,100171,207,101376,207,100169,207,101549,100,99957,100,101703,100,99932,100,101712,100,99918,100,101925,100,99839,100,,,99754,100,,,99643,100,,,99631,100
2019-06-28 10:09:50.000000000,100601,262,100382,262,101365,262,100171,262,101376,100,100169,100,101549,100,99957,100,101703,100,99932,100,101712,100,99918,100,101925,100,99839,100,,,99754,100,,,99643,100,,,99631,100
2019-06-28 10:10:00.000000000,100601,423,100382,423,101365,100,100171,100,101376,100,100169,100,101549,100,99957,100,101703,100,99932,100,101712,100,99918,100,101925,100,99839,100,,,99754,100,,,99643,100,,,99631,100
2019-06-28 10:10:10.000000000,100601,262,100382,262,101365,262,100171,262,101376,100,100169,100,101549,100,99957,100,101703,100,99932,100,101712,100,99918,100,101925,100,99839,100,,,99754,100,,,99643,100,,,99631,100
2019-06-28 10:10:20.000000000,100601,210,100382,210,101365,207,100171,207,101376,207,100169,207,101549,100,99957,100,101703,100,99932,100,101712,100,99918,100,101925,100,99839,100,,,99754,100,,,99643,100,,,99631,100
2019-06-28 10:10:30.000000000,100601,210,100382,210,101365,207,100171,207,101376,207,100169,207,101549,100,99957,100,101703,100,99932,100,101712,100,99918,100,101925,100,99839,100,,,99754,100,,,99643,100,,,99631,100
2019-06-28 10:10:40.000000000,100601,165,100382,165,101365,165,100171,165,101376,165,100169,165,101549,165,99957,165,101703,165,99932,165,101712,100,99918,100,101925,100,99839,100,,,99754,100,,,99643,100,,,99631,100
2019-06-28 10:10:42.783308885,100601,165,100382,165,101365,165,100171,165,101376,165,100169,165,101549,165,99957,165,101703,165,99932,165,101712,100,99918,100,101925,100,99906,100,,,99839,100,,,99754,100,,,99643,100
2019-06-28 10:10:50.000000000,100601,210,100382,210,101365,207,100171,207,101376,207,100169,207,101549,100,99957,100,101703,100,99932,100,101712,100,99918,100,101925,100,99906,100,,,99839,100,,,99754,100,,,99643,100
2019-06-28 10:11:00.000000000,100601,165,100382,165,101365,165,100171,165,101376,165,100169,165,101549,165,99957,165,101703,165,99932,165,101712,100,99918,100,101925,100,99906,100,,,99839,100,,,99754,100,,,99643,100
2019-06-28 10:11:01.798876757,100601,165,100382,165,100889,100,100171,165,101365,165,100169,165,101376,165,99957,165,101549,165,99932,165,101703,165,99918,100,101712,100,99906,100,101925,100,99839,100,,,99754,100,,,99643,100
2019-06-28 10:11:10.000000000,100601,423,100382,423,100889,100,100171,100,101365,100,100169,100,101376,100,99957,100,101549,100,99932,100,101703,100,99918,100,101712,100,99906,100,101925,100,99839,100,,,99754,100,,,99643,100
2019-06-28 10:11:20.000000000,100601,210,100382,210,100889,207,100171,207,101365,207,100169,207,101376,100,99957,100,101549,100,99932,100,101703,100,99918,100,101712,100,99906,100,101925,100,99839,100,,,99754,100,,,99643,100
2019-06-28 10:11:26.046025947,100601,210,100382,110,100889,207,100171,207,101365,207,100169,207,101376,100,99957,100,101549,100,99932,100,101703,100,99918,100,101712,100,99906,100,,,99839,100,,,99754,100,,,99643,100
2019-06-28 10:11:30.000000000,100601,423,100171,423,100889,100,100169,100,101365,100,99957,100,101376,100,99932,100,101549,100,99918,100,101703,100,99906,100,101712,100,99839,100,,,99754,100,,,99643,100,,,99631,100
2019-06-28 10:11:39.394733946,100601,423,100302,100,100889,100,100171,423,101365,100,100169,100,101376,100,99957,100,101549,100,99932,100,101712,100,99918,100,,,99906,100,,,99839,100,,,99754,100,,,99643,100
2019-06-28 10:11:40.000000000,100601,165,100302,165,100889,165,100171,165,101365,165,100169,165,101376,165,99957,165,101549,165,99932,165,101712,100,99918,100,,,99906,100,,,99839,100,,,99754,100,,,99643,100
2019-06-28 10:11:50.000000000,100601,423,100302,423,100889,100,100171,100,101365,100,100169,100,101376,100,99957,100,101549,100,99932,100,101712,100,99918,100,,,99906,100,,,99839,100,,,99754,100,,,99643,100
