,ask_price_1,ask_size_1,bid_price_1,bid_size_1,ask_price_2,ask_size_2,bid_price_2,bid_size_2,ask_price_3,ask_size_3,bid_price_3,bid_size_3,ask_price_4,ask_size_4,bid_price_4,bid_size_4,ask_price_5,ask_size_5,bid_price_5,bid_size_5,ask_price_6,ask_size_6,bid_price_6,bid_size_6,ask_price_7,ask_size_7,bid_price_7,bid_size_7,ask_price_8,ask_size_8,bid_price_8,bid_size_8,ask_price_9,ask_size_9,bid_price_9,bid_size_9,ask_price_10,ask_size_10,bid_price_10,bid_size_10
2019-06-28 09:30:00.000000002,,,99852,100,,,,,,,,,,,,,,,,,,,,,,,,,,,,,,,,,,,,
2019-06-28 09:30:00.000000003,,,99909,100,,,99852,100,,,,,,,,,,,,,,,,,,,,,,,,,,,,,,,,
2019-06-28 09:30:00.000000005,100094,100,99909,100,,,99852,100,,,,,,,,,,,,,,,,,,,,,,,,,,,,,,,,
2019-06-28 09:30:00.000000006,100094,100,99909,100,100197,100,99852,100,,,,,,,,,,,,,,,,,,,,,,,,,,,,,,,,
2019-06-28 09:30:00.000000008,100094,100,99948,100,100197,100,99909,100,,,99852,100,,,,,,,,,,,,,,,,,,,,,,,,,,,,
2019-06-28 09:30:00.000000009,100094,100,99948,100,100197,100,99909,100,,,99852,100,,,99834,100,,,,,,,,,,,,,,,,,,,,,,,,
2019-06-28 09:30:00.000000010,100094,100,99948,100,100197,100,99924,100,,,99909,100,,,99852,100,,,99834,100,,,,,,,,,,,,,,,,,,,,
2019-06-28 09:30:00.000000012,100065,100,99948,100,100094,100,99924,100,100197,100,99909,100,100219,100,99852,100,,,99834,100,,,,,,,,,,,,,,,,,,,,
2019-06-28 09:30:00.000000013,100065,100,99948,100,100094,100,99924,100,100197,100,99909,100,100219,100,99902,100,,,99852,100,,,99834,100,,,,,,,,,,,,,,,,
2019-06-28 09:30:00.000000014,100065,100,99961,100,100094,100,99948,100,100197,100,99924,100,100219,100,99909,100,,,99902,100,,,99852,100,,,99834,100,,,,,,,,,,,,
2019-06-28 09:30:00.000000015,100065,100,99961,100,100094,100,99948,100,100197,100,99924,100,100219,100,99909,100,,,99902,100,,,99857,100,,,99852,100,,,99834,100,,,,,,,,
2019-06-28 09:30:00.000000016,100065,100,99961,100,100094,100,99948,100,100197,100,99924,100,100219,100,99909,100,,,99908,100,,,99902,100,,,99882,100,,,99857,100,,,99852,100,,,99834,100
2019-06-28 09:30:00.000000017,100065,100,99961,100,100094,100,99948,100,100197,100,99924,100,100219,100,99909,100,,,99908,100,,,99907,100,,,99902,100,,,99882,100,,,99857,100,,,99852,100
2019-06-28 09:30:00.000000022,100065,100,99961,100,100094,100,99948,100,100197,100,99924,100,100219,100,99909,100,,,99908,100,,,99907,100,,,99902,100,,,99886,100,,,99882,100,,,99857,100
2019-06-28 09:30:00.000000024,100065,100,99961,100,100094,100,99948,100,100197,100,99924,100,100219,100,99909,100,,,99908,100,,,99907,100,,,99902,100,,,99892,100,,,99886,100,,,99882,100
2019-06-28 09:30:00.000000028,100065,100,99961,100,100094,100,99948,100,100197,100,99924,100,100219,100,99909,100,,,99908,100,,,99907,100,,,99902,100,,,99892,100,,,99886,200,,,99882,100
2019-06-28 09:30:00.000000031,100065,100,100050,100,100094,100,99961,100,100197,100,99948,100,100219,100,99924,100,,,99909,100,,,99908,100,,,99907,100,,,99902,100,,,99892,100,,,99886,200
2019-06-28 09:30:00.000000032,100065,100,100050,100,100094,100,99961,100,100097,100,99948,100,100197,100,99924,100,100219,100,99909,100,,,99908,100,,,99907,100,,,99902,100,,,99892,100,,,99886,200
2019-06-28 09:30:00.000000033,100065,100,100050,100,100094,100,99961,100,100097,100,99948,100,100197,100,99924,100,100219,100,99918,100,,,99909,100,,,99908,100,,,99907,100,,,99902,100,,,99892,100
2019-06-28 09:30:00.000000034,100065,100,100050,100,100091,100,99961,100,100094,100,99948,100,100097,100,99924,100,100197,100,99918,100,100219,100,99909,100,,,99908,100,,,99907,100,,,99902,100,,,99892,100
2019-06-28 09:30:00.000000040,100065,100,100050,100,100091,100,99961,100,100094,100,99948,100,100097,100,99924,100,100197,100,99918,200,100219,100,99909,100,,,99908,100,,,99907,100,,,99902,100,,,99892,100
2019-06-28 09:30:00.000000041,100065,100,99961,100,100091,100,99948,100,100094,100,99924,100,100097,100,99918,200,100197,100,99909,100,100219,100,99908,100,,,99907,100,,,99902,100,,,99892,100,,,99886,200
2019-06-28 09:30:00.000000045,100065,100,99961,100,100091,100,99948,100,100093,100,99924,100,100094,100,99918,200,100097,100,99909,100,100197,100,99908,100,100219,100,99907,100,,,99902,100,,,99892,100,,,99886,200
2019-06-28 09:30:00.000000046,100065,100,99948,100,100091,100,99924,100,100093,100,99918,200,100094,100,99909,100,100097,100,99908,100,100197,100,99907,100,100219,100,99902,100,,,99892,100,,,99886,200,,,99882,100
2019-06-28 09:30:00.000000047,100050,100,99948,100,100065,100,99947,100,100091,100,99924,100,100093,100,99918,200,100094,100,99909,100,100097,100,99908,100,100197,100,99907,100,100219,100,99902,100,,,99893,100,,,99892,100
2019-06-28 09:30:00.000000049,100050,200,99948,100,100065,100,99947,100,100091,100,99924,100,100093,100,99918,200,100094,100,99909,100,100097,100,99908,100,100127,100,99907,100,100197,100,99902,100,100219,100,99893,100,,,99892,100
2019-06-28 09:30:00.000000050,100050,200,99947,100,100065,100,99924,100,100085,100,99918,200,100091,100,99909,100,100093,100,99908,100,100094,100,99907,100,100097,100,99902,100,100127,100,99893,100,100197,100,99892,100,100219,100,99886,200
2019-06-28 09:30:00.000000052,100050,200,99948,100,100065,100,99947,100,100085,100,99924,100,100091,100,99918,200,100093,100,99909,100,100094,100,99908,100,100097,100,99907,100,100127,100,99902,100,100197,100,99893,100,100219,100,99892,100
2019-06-28 09:30:00.000000062,100050,200,99948,200,100058,100,99947,100,100065,100,99943,100,100085,100,99924,100,100091,100,99918,200,100093,100,99909,100,100094,100,99908,100,100097,100,99907,100,100127,100,99902,100,100197,100,99893,100
2019-06-28 09:30:00.000000063,100050,200,100021,100,100058,100,99948,200,100065,100,99947,100,100069,100,99943,100,100085,100,99924,100,100091,100,99918,200,100093,100,99909,100,100094,100,99908,100,100097,100,99907,100,100127,100,99902,100
2019-06-28 09:30:00.000000064,100050,200,99948,200,100058,100,99947,100,100065,100,99943,100,100069,100,99924,100,100085,100,99918,200,100091,100,99909,100,100093,100,99908,100,100094,100,99907,100,100097,100,99902,100,100127,100,99893,100
2019-06-28 09:30:00.000000066,100050,200,99949,100,100058,100,99948,200,100065,100,99947,100,100069,100,99943,100,100085,100,99924,100,100091,100,99918,200,100093,100,99909,100,100094,100,99908,100,100097,100,99907,100,100127,100,99902,100
2019-06-28 09:30:00.000000068,100050,200,99996,100,100058,100,99949,100,100065,100,99948,200,100069,100,99947,100,100085,100,99943,100,100091,100,99924,100,100093,100,99918,200,100094,100,99909,100,100097,100,99908,100,100127,100,99907,100
2019-06-28 09:30:00.000000069,100050,200,99996,100,100058,100,99949,100,100065,100,99948,200,100069,100,99947,100,100085,100,99943,100,100091,100,99924,100,100093,100,99918,200,100094,100,99909,100,100097,100,99908,100,100127,100,99907,100
2019-06-28 09:30:00.000000070,100050,200,99990,100,100058,100,99949,100,100065,100,99948,200,100069,100,99947,100,100085,100,99943,100,100091,100,99924,100,100093,100,99918,200,100094,100,99909,100,100097,100,99908,100,100127,100,99907,100
2019-06-28 09:30:00.000000072,100021,100,99990,100,100050,200,99949,100,100058,100,99948,200,100065,100,99947,100,100069,100,99943,100,100085,100,99924,100,100091,100,99918,200,100093,100,99909,100,100094,100,99908,100,100097,100,99907,100
2019-06-28 09:30:00.000000073,100021,200,99990,100,100050,200,99949,100,100058,100,99948,200,100065,100,99947,100,100069,100,99943,100,100085,100,99924,100,100091,100,99918,200,100093,100,99909,100,100094,100,99908,100,100097,100,99907,100
2019-06-28 09:30:00.000000076,100021,100,99990,100,100050,200,99949,100,100058,100,99948,200,100065,100,99947,100,100069,100,99943,100,100085,100,99924,100,100091,100,99918,200,100093,100,99909,100,100094,100,99908,100,100097,100,99907,100
2019-06-28 09:30:00.000000078,100021,100,99990,100,100050,200,99949,100,100051,100,99948,200,100058,100,99947,100,100065,100,99943,100,100069,100,99924,100,100085,100,99918,200,100091,100,99909,100,100093,100,99908,100,100094,100,99907,100
2019-06-28 09:30:00.000000082,100021,100,99990,100,100050,200,99978,100,100051,100,99949,100,100058,100,99948,200,100065,100,99947,100,100069,100,99943,100,100085,100,99926,100,100091,100,99924,100,100093,100,99918,200,100094,100,99909,100
2019-06-28 09:30:00.000000085,100021,100,99990,100,100038,100,99978,100,100050,200,99949,100,100051,100,99948,200,100058,100,99947,100,100065,100,99943,100,100069,100,99926,100,100085,100,99924,100,100091,100,99918,200,100093,100,99909,100
2019-06-28 09:30:00.000000087,100021,100,99990,100,100038,100,99978,100,100050,200,99949,100,100051,100,99948,200,100058,100,99947,100,100065,100,99943,100,100069,100,99926,100,100085,100,99924,100,100091,100,99918,200,100093,100,99909,100
2019-06-28 09:30:00.000000090,100021,100,99990,100,100038,100,99978,100,100050,200,99949,100,100051,100,99948,200,100058,100,99947,100,100065,100,99943,100,100069,100,99926,100,100085,100,99924,100,100091,100,99918,200,100093,100,99909,100
2019-06-28 09:30:00.000000091,100008,100,99990,100,100021,100,99978,100,100038,100,99949,100,100050,200,99948,200,100051,100,99947,100,100058,100,99943,100,100065,100,99926,100,100069,100,99924,100,100085,100,99918,200,100091,100,99909,100
2019-06-28 09:30:00.000000093,100021,100,99990,100,100038,100,99978,100,100050,200,99949,100,100051,100,99948,200,100058,100,99947,100,100065,100,99943,100,100069,100,99926,100,100085,100,99924,100,100091,100,99918,200,100093,100,99909,100
2019-06-28 09:30:00.000000095,100021,100,99990,100,100038,200,99978,100,100050,200,99949,100,100051,100,99948,200,100058,100,99947,100,100065,100,99943,100,100069,100,99926,100,100085,100,99924,100,100091,100,99918,200,100093,100,99909,100
2019-06-28 09:30:00.000000097,100021,100,99990,100,100038,200,99978,100,100050,200,99963,100,100051,100,99949,100,100058,100,99948,200,100065,100,99947,100,100069,100,99943,100,100085,100,99926,100,100091,100,99924,100,100093,100,99918,200
2019-06-28 09:30:10.000000000,100021,575,99990,575,100038,200,99978,100,100050,200,99963,100,100051,100,99949,100,100058,100,99948,200,100065,100,99947,100,100069,100,99943,100,100085,100,99926,100,100091,100,99924,100,100093,100,99918,200
2019-06-28 09:30:20.000000000,100021,338,99990,338,100038,438,99978,338,100050,200,99963,100,100051,100,99949,100,100058,100,99948,200,100065,100,99947,100,100069,100,99943,100,100085,100,99926,100,100091,100,99924,100,100093,100,99918,200
2019-06-28 09:30:30.000000000,100021,219,99990,219,100038,319,99978,219,100050,319,99963,219,100051,219,99949,219,100058,100,99948,200,100065,100,99947,100,100069,100,99943,100,100085,100,99926,100,100091,100,99924,100,100093,100,99918,200
2019-06-28 09:30:40.000000000,100021,262,99990,262,100038,357,99978,257,100050,357,99963,257,100051,100,99949,100,100058,100,99948,200,100065,100,99947,100,100069,100,99943,100,100085,100,99926,100,100091,100,99924,100,100093,100,99918,200
2019-06-28 09:30:47.694592682,100021,162,99990,262,100038,357,99978,257,100050,357,99963,257,100051,100,99949,100,100058,100,99948,200,100065,100,99947,100,100069,100,99943,100,100085,100,99926,100,100091,100,99924,100,100093,100,99918,200
2019-06-28 09:30:50.000000000,100038,438,99990,338,100050,438,99978,338,100051,100,99963,100,100058,100,99949,100,100065,100,99948,200,100069,100,99947,100,100085,100,99943,100,100091,100,99926,100,100093,100,99924,100,100094,100,99918,200
2019-06-28 09:30:58.680933270,100038,338,99990,338,100050,438,99978,338,100051,100,99963,100,100058,100,99949,100,100065,100,99948,200,100069,100,99947,100,100085,100,99943,100,100091,100,99926,100,100093,100,99924,100,100094,100,99918,200
2019-06-28 09:30:59.307729168,100038,338,99990,338,100050,438,99978,338,100051,100,99963,100,100058,100,99949,100,100065,100,99948,200,100069,100,99947,100,100085,100,99943,100,100091,100,99926,100,100093,100,99924,100,100094,100,99918,200
2019-06-28 09:31:00.000000000,100038,575,99990,575,100050,200,99978,100,100051,100,99963,100,100058,100,99949,100,100065,100,99948,200,100069,100,99947,100,100085,100,99943,100,100091,100,99926,100,100093,100,99924,100,100094,100,99918,200
2019-06-28 09:31:04.897577396,100038,575,99990,575,100050,200,99978,100,100051,100,99963,100,100058,100,99949,100,100065,100,99948,200,100069,100,99947,100,100085,100,99943,100,100091,100,99926,100,100093,100,99924,100,100094,100,99918,200
2019-06-28 09:31:10.000000000,100038,575,99990,575,100050,200,99978,100,100051,100,99963,100,100058,100,99949,100,100065,100,99948,200,100069,100,99947,100,100085,100,99943,100,100091,100,99926,100,100093,100,99924,100,100094,100,99918,200
2019-06-28 09:31:20.000000000,100038,219,99990,219,100050,319,99978,219,100051,219,99963,219,100058,219,99949,219,100065,100,99948,200,100069,100,99947,100,100085,100,99943,100,100091,100,99926,100,100093,100,99924,100,100094,100,99918,200
2019-06-28 09:31:20.661586305,100038,219,100021,100,100050,219,99990,219,100051,219,99978,219,100058,219,99963,219,100065,100,99949,219,100069,100,99948,200,100085,100,99947,100,100091,100,99943,100,100093,100,99926,100,100094,100,99924,100
2019-06-28 09:31:29.480752329,100038,219,100021,100,100050,219,99990,219,100051,219,99978,219,100058,219,99963,219,100065,100,99949,219,100069,100,99948,200,100085,100,99947,100,100091,100,99943,100,100093,100,99926,100,100094,100,99924,100
2019-06-28 09:31:30.000000000,100038,575,100021,575,100050,100,99990,100,100051,100,99978,100,100058,100,99963,100,100065,100,99949,100,100069,100,99948,200,100085,100,99947,100,100091,100,99943,100,100093,100,99926,100,100094,100,99924,100
2019-06-28 09:31:40.000000000,100038,338,100021,338,100050,338,99990,338,100051,100,99978,100,100058,100,99963,100,100065,100,99949,100,100069,100,99948,200,100085,100,99947,100,100091,100,99943,100,100093,100,99926,100,100094,100,99924,100
2019-06-28 09:31:46.284505553,100038,338,100021,338,100050,338,99990,338,100051,100,99978,100,100058,100,99963,100,100065,100,99949,100,100069,100,99948,200,100085,100,99943,100,100091,100,99926,100,100093,100,99924,100,100094,100,99918,200
2019-06-28 09:31:47.437134580,100038,338,100021,438,100050,338,99990,338,100051,100,99978,100,100058,100,99963,100,100065,100,99949,100,100069,100,99948,200,100085,100,99943,100,100091,100,99926,100,100093,100,99924,100,100094,100,99918,200
2019-06-28 09:31:47.861765445,100038,338,100021,438,100050,338,99990,338,100051,100,99978,100,100058,100,99963,100,100065,100,99949,100,100069,100,99948,200,100085,100,99943,100,100091,100,99926,100,100093,100,99918,200,100094,100,99909,100
2019-06-28 09:31:50.000000000,100038,338,100021,438,100050,338,99990,338,100051,100,99978,100,100058,100,99963,100,100065,100,99949,100,100069,100,99948,200,100085,100,99943,100,100091,100,99926,100,100093,100,99918,200,100094,100,99909,100
2019-06-28 09:31:54.089418134,100038,238,100021,438,100050,338,99990,338,100051,100,99978,100,100058,100,99963,100,100065,100,99949,100,100069,100,99948,200,100085,100,99943,100,100091,100,99926,100,100093,100,99918,200,100094,100,99909,100
2019-06-28 09:32:00.000000000,100050,219,100021,319,100051,219,99990,219,100058,219,99978,219,100065,219,99963,219,100069,100,99949,100,100085,100,99948,200,100091,100,99943,100,100093,100,99926,100,100094,100,99918,200,100097,100,99909,100
2019-06-28 09:32:01.632021262,100050,219,100021,319,100051,219,99990,219,100058,219,99978,219,100065,219,99963,219,100069,100,99949,100,100085,100,99948,100,100091,100,99943,100,100093,100,99926,100,100094,100,99918,200,100097,100,99909,100
2019-06-28 09:32:10.000000000,100050,338,100021,438,100051,338,99990,338,100058,100,99978,100,100065,100,99963,100,100069,100,99949,100,100085,100,99948,100,100091,100,99943,100,100093,100,99926,100,100094,100,99918,200,100097,100,99909,100
2019-06-28 09:32:14.153728522,100050,238,100021,438,100051,338,99990,338,100058,100,99978,100,100065,100,99963,100,100069,100,99949,100,100085,100,99948,100,100091,100,99943,100,100093,100,99926,100,100094,100,99918,200,100097,100,99909,100
2019-06-28 09:32:20.000000000,100051,219,100021,319,100058,219,99990,219,100065,219,99978,219,100069,219,99963,219,100085,100,99949,100,100091,100,99948,100,100093,100,99943,100,100094,100,99926,100,100097,100,99918,200,100136,100,99909,100
2019-06-28 09:32:30.000000000,100051,195,100021,295,100058,195,99990,195,100065,195,99978,195,100069,195,99963,195,100085,195,99949,195,100091,100,99948,100,100093,100,99943,100,100094,100,99926,100,100097,100,99918,200,100136,100,99909,100
2019-06-28 09:32:40.000000000,100051,219,100021,319,100058,219,99990,219,100065,219,99978,219,100069,219,99963,219,100085,100,99949,100,100091,100,99948,100,100093,100,99943,100,100094,100,99926,100,100097,100,99918,200,100136,100,99909,100
2019-06-28 09:32:46.631325010,100051,219,100021,319,100058,219,99990,219,100065,219,99978,219,100069,219,99963,219,100085,100,99949,100,100091,100,99948,100,100093,100,99943,100,100094,100,99926,100,100097,100,99918,200,100136,100,99909,100
2019-06-28 09:32:50.000000000,100051,219,100021,319,100058,219,99990,219,100065,219,99978,219,100069,219,99963,219,100085,100,99949,100,100091,100,99948,100,100093,100,99943,100,100094,100,99926,100,100097,100,99918,200,100136,100,99909,100
2019-06-28 09:32:58.367671186,100051,219,100021,319,100058,219,99990,219,100065,219,99978,219,100069,219,99963,219,100085,100,99949,100,100091,100,99948,100,100093,100,99943,100,100094,100,99926,100,100097,100,99918,200,100136,100,99909,100
2019-06-28 09:33:00.000000000,100051,338,100021,438,100058,338,99990,338,100065,100,99978,100,100069,100,99963,100,100085,100,99949,100,100091,100,99948,100,100093,100,99943,100,100094,100,99926,100,100097,100,99918,200,100136,100,99909,100
2019-06-28 09:33:01.269596349,100051,238,100021,438,100058,338,99990,338,100065,100,99978,100,100069,100,99963,100,100085,100,99949,100,100091,100,99948,100,100093,100,99943,100,100094,100,99926,100,100097,100,99918,200,100136,100,99909,100
2019-06-28 09:33:08.861035290,100051,138,100021,438,100058,338,99990,338,100065,100,99978,100,100069,100,99963,100,100085,100,99949,100,100091,100,99948,100,100093,100,99943,100,100094,100,99926,100,100097,100,99918,200,100136,100,99909,100
2019-06-28 09:33:10.000000000,100058,219,100021,319,100065,219,99990,219,100069,219,99978,219,100085,219,99963,219,100091,100,99949,100,100093,100,99948,100,100094,100,99943,100,100097,100,99926,100,100136,100,99918,200,100245,100,99909,100
2019-06-28 09:33:20.000000000,100058,195,100021,295,100065,195,99990,195,100069,195,99978,195,100085,195,99963,195,100091,195,99949,195,100093,100,99948,100,100094,100,99943,100,100097,100,99926,100,100136,100,99918,200,100245,100,99909,100
2019-06-28 09:33:21.371485168,100058,195,100021,295,100065,195,99990,195,100069,195,99978,195,100085,195,99963,195,100091,195,99949,195,100093,100,99948,100,100094,100,99943,100,100097,100,99926,100,100136,100,99918,200,100245,100,99909,100
2019-06-28 09:33:28.375054706,100058,195,100050,100,100065,195,100021,295,100069,195,99990,195,100085,195,99978,195,100091,195,99963,195,100093,100,99949,195,100094,100,99948,100,100097,100,99943,100,100136,100,99926,100,100245,100,99918,200
2019-06-28 09:33:30.000000000,100058,338,100050,338,100065,338,100021,438,100069,100,99990,100,100085,100,99978,100,100091,100,99963,100,100093,100,99949,100,100094,100,99948,100,100097,100,99943,100,100136,100,99926,100,100245,100,99918,200
2019-06-28 09:33:40.000000000,100058,219,100050,219,100065,219,100021,319,100069,219,99990,219,100085,219,99978,219,100091,100,99963,100,100093,100,99949,100,100094,100,99948,100,100097,100,99943,100,100136,100,99926,100,100245,100,99918,200
2019-06-28 09:33:50.000000000,100058,262,100050,262,100065,257,100021,357,100069,257,99990,257,100085,100,99978,100,100091,100,99963,100,100093,100,99949,100,100094,100,99948,100,100097,100,99943,100,100136,100,99926,100,100245,100,99918,200
2019-06-28 09:33:58.453159064,100058,262,100050,362,100065,257,100021,357,100069,257,99990,257,100085,100,99978,100,100091,100,99963,100,100093,100,99949,100,100094,100,99948,100,100097,100,99943,100,100136,100,99926,100,100245,100,99918,200
2019-06-28 09:34:00.000000000,100058,338,100050,438,100065,338,100021,438,100069,100,99990,100,100085,100,99978,100,100091,100,99963,100,100093,100,99949,100,100094,100,99948,100,100097,100,99943,100,100136,100,99926,100,100245,100,99918,200
2019-06-28 09:34:10.000000000,100058,195,100050,295,100065,195,100021,295,100069,195,99990,195,100085,195,99978,195,100091,195,99963,195,100093,100,99949,100,100094,100,99948,100,100097,100,99943,100,100136,100,99926,100,100245,100,99918,200
2019-06-28 09:34:20.000000000,100058,575,100050,675,100065,100,100021,200,100069,100,99990,100,100085,100,99978,100,100091,100,99963,100,100093,100,99949,100,100094,100,99948,100,100097,100,99943,100,100136,100,99926,100,100245,100,99918,200
2019-06-28 09:34:23.283104591,100058,575,100050,775,100065,100,100021,200,100069,100,99990,100,100085,100,99978,100,100091,100,99963,100,100093,100,99949,100,100094,100,99948,100,100097,100,99943,100,100136,100,99926,100,100245,100,99918,200
2019-06-28 09:34:30.000000000,100058,219,100050,419,100065,219,100021,319,100069,219,99990,219,100085,219,99978,219,100091,100,99963,100,100093,100,99949,100,100094,100,99948,100,100097,100,99943,100,100136,100,99926,100,100245,100,99918,200
2019-06-28 09:34:38.451036893,100058,119,100050,419,100065,219,100021,319,100069,219,99990,219,100085,219,99978,219,100091,100,99963,100,100093,100,99949,100,100094,100,99948,100,100097,100,99943,100,100136,100,99926,100,100245,100,99918,200
2019-06-28 09:34:40.000000000,100065,575,100050,775,100069,100,100021,200,100085,100,99990,100,100091,100,99978,100,100093,100,99963,100,100094,100,99949,100,100097,100,99948,100,100136,100,99943,100,100245,100,99926,100,100422,100,99918,200
2019-06-28 09:34:50.000000000,100065,338,100050,538,100069,338,100021,438,100085,100,99990,100,100091,100,99978,100,100093,100,99963,100,100094,100,99949,100,100097,100,99948,100,100136,100,99943,100,100245,100,99926,100,100422,100,99918,200
2019-06-28 09:35:00.000000000,100065,262,100050,462,100069,257,100021,357,100085,257,99990,257,100091,100,99978,100,100093,100,99963,100,100094,100,99949,100,100097,100,99948,100,100136,100,99943,100,100245,100,99926,100,100422,100,99918,200
2019-06-28 09:35:10.000000000,100065,575,100050,775,100069,100,100021,200,100085,100,99990,100,100091,100,99978,100,100093,100,99963,100,100094,100,99949,100,100097,100,99948,100,100136,100,99943,100,100245,100,99926,100,100422,100,99918,200
2019-06-28 09:35:12.249419842,100065,575,100050,775,100069,100,100021,200,100085,100,99990,100,100091,100,99978,100,100093,100,99963,100,100094,100,99949,100,100097,100,99948,100,100136,100,99943,100,100245,100,99926,100,100422,100,99918,200
2019-06-28 09:35:20.000000000,100065,195,100050,395,100069,195,100021,295,100085,195,99990,195,100091,195,99978,195,100093,195,99963,195,100094,100,99949,100,100097,100,99948,100,100136,100,99943,100,100245,100,99926,100,100422,100,99918,200
2019-06-28 09:35:21.717728354,100065,95,100050,395,100069,195,100021,295,100085,195,99990,195,100091,195,99978,195,100093,195,99963,195,100094,100,99949,100,100136,100,99948,100,100245,100,99943,100,100422,100,99926,100,100565,100,99918,200
2019-06-28 09:35:23.593912330,100069,195,100065,5,100085,195,100050,395,100091,195,100021,295,100093,195,99990,195,100094,100,99978,195,100136,100,99963,195,100245,100,99949,100,100422,100,99948,100,100565,100,99943,100,100577,100,99926,100
2019-06-28 09:35:30.000000000,100069,575,100065,480,100085,100,100050,300,100091,100,100021,200,100093,100,99990,100,100094,100,99978,100,100136,100,99963,100,100245,100,99949,100,100422,100,99948,100,100565,100,99943,100,100577,100,99926,100
2019-06-28 09:35:40.000000000,100069,575,100065,480,100085,100,100050,300,100091,100,100021,200,100093,100,99990,100,100094,100,99978,100,100136,100,99963,100,100245,100,99949,100,100422,100,99948,100,100565,100,99943,100,100577,100,99926,100
2019-06-28 09:35:50.000000000,100069,219,100065,124,100085,219,100050,419,100091,219,100021,319,100093,219,99990,219,100094,100,99978,100,100136,100,99963,100,100245,100,99949,100,100422,100,99948,100,100565,100,99943,100,100577,100,99926,100
2019-06-28 09:35:51.618224311,100069,219,100065,124,100085,219,100050,419,100091,219,100021,319,100093,219,99990,219,100094,100,99978,100,100136,100,99963,100,100245,100,99949,100,100422,100,99948,100,100565,100,99943,100,100577,100,99926,100
2019-06-28 09:35:56.919263635,100069,219,100065,224,100085,219,100050,319,100091,219,100021,319,100093,219,99990,219,100094,100,99978,100,100136,100,99963,100,100245,100,99949,100,100422,100,99948,100,100565,100,99943,100,100577,100,99926,100
2019-06-28 09:35:58.428175198,100069,119,100065,224,100085,219,100050,319,100091,219,100021,319,100093,219,99990,219,100094,100,99978,100,100136,100,99963,100,100245,100,99949,100,100422,100,99948,100,100565,100,99943,100,100577,100,99926,100
2019-06-28 09:36:00.000000000,100085,262,100065,267,100091,257,100050,357,100093,257,100021,357,100094,100,99990,100,100136,100,99978,100,100245,100,99963,100,100422,100,99949,100,100565,100,99948,100,100577,100,99943,100,100682,100,99926,100
2019-06-28 09:36:10.000000000,100085,338,100065,343,100091,338,100050,438,100093,100,100021,200,100094,100,99990,100,100136,100,99978,100,100245,100,99963,100,100422,100,99949,100,100565,100,99948,100,100577,100,99943,100,100682,100,99926,100
2019-06-28 09:36:12.567041754,100085,338,100065,343,100091,338,100050,438,100093,100,100021,200,100094,100,99990,100,100136,100,99978,100,100245,100,99963,100,100422,100,99949,100,100565,100,99943,100,100577,100,99926,100,100682,100,99918,200
2019-06-28 09:36:20.000000000,100085,575,100065,580,100091,100,100050,200,100093,100,100021,200,100094,100,99990,100,100136,100,99978,100,100245,100,99963,100,100422,100,99949,100,100565,100,99943,100,100577,100,99926,100,100682,100,99918,200
2019-06-28 09:36:24.127688772,100085,575,100066,100,100091,100,100065,580,100093,100,100050,200,100094,100,100021,200,100136,100,99990,100,100245,100,99978,100,100422,100,99963,100,100565,100,99949,100,100577,100,99943,100,100682,100,99926,100
2019-06-28 09:36:30.000000000,100085,195,100066,195,100091,195,100065,200,100093,195,100050,295,100094,195,100021,295,100136,195,99990,195,100245,100,99978,100,100422,100,99963,100,100565,100,99949,100,100577,100,99943,100,100682,100,99926,100
2019-06-28 09:36:33.738104202,100085,195,100066,195,100091,195,100065,200,100093,195,100050,295,100094,195,100021,195,100136,195,99990,195,100245,100,99978,100,100422,100,99963,100,100565,100,99949,100,100577,100,99943,100,100682,100,99926,100
2019-06-28 09:36:40.000000000,100085,262,100066,262,100091,257,100065,262,100093,257,100050,357,100094,100,100021,100,100136,100,99990,100,100245,100,99978,100,100422,100,99963,100,100565,100,99949,100,100577,100,99943,100,100682,100,99926,100
2019-06-28 09:36:41.682538281,100085,262,100066,262,100091,257,100065,262,100093,257,100050,357,100094,100,100021,100,100136,100,99990,100,100245,100,99978,100,100422,100,99963,100,100537,100,99949,100,100565,100,99943,100,100577,100,99926,100
2019-06-28 09:36:42.520418906,100085,262,100066,262,100091,257,100065,262,100093,257,100050,357,100094,100,100021,100,100136,100,99990,100,100245,100,99978,100,100422,100,99963,100,100537,100,99949,100,100565,100,99943,100,100577,100,99926,100
2019-06-28 09:36:43.552562525,100085,262,100066,262,100091,257,100065,257,100093,257,100050,357,100094,100,100021,100,100136,100,99990,100,100245,100,99978,100,100404,100,99963,100,100422,100,99949,100,100537,100,99943,100,100565,100,99926,100
2019-06-28 09:36:50.000000000,100085,262,100066,262,100091,257,100065,257,100093,257,100050,357,100094,100,100021,100,100136,100,99990,100,100245,100,99978,100,100404,100,99963,100,100422,100,99949,100,100537,100,99943,100,100565,100,99926,100
2019-06-28 09:37:00.000000000,100085,262,100066,262,100091,257,100065,257,100093,257,100050,357,100094,100,100021,100,100136,100,99990,100,100245,100,99978,100,100404,100,99963,100,100422,100,99949,100,100537,100,99943,100,100565,100,99926,100
2019-06-28 09:37:10.000000000,100085,338,100066,338,100091,338,100065,338,100093,100,100050,200,100094,100,100021,100,100136,100,99990,100,100245,100,99978,100,100404,100,99963,100,100422,100,99949,100,100537,100,99943,100,100565,100,99926,100
2019-06-28 09:37:20.000000000,100085,575,100066,575,100091,100,100065,100,100093,100,100050,200,100094,100,100021,100,100136,100,99990,100,100245,100,99978,100,100404,100,99963,100,100422,100,99949,100,100537,100,99943,100,100565,100,99926,100
2019-06-28 09:37:25.300067833,100085,575,100066,675,100091,100,100065,100,100093,100,100050,200,100094,100,100021,100,100136,100,99990,100,100245,100,99978,100,100404,100,99963,100,100422,100,99949,100,100537,100,99943,100,100565,100,99926,100
2019-06-28 09:37:29.060234727,100085,575,100066,675,100091,100,100065,100,100093,100,100050,200,100094,100,100021,100,100136,100,99990,100,100245,100,99978,100,100404,100,99963,100,100422,100,99949,100,100537,100,99943,100,100565,100,99926,100
2019-06-28 09:37:30.000000000,100085,262,100066,362,100091,257,100065,257,100093,257,100050,357,100094,100,100021,100,100136,100,99990,100,100245,100,99978,100,100404,100,99963,100,100422,100,99949,100,100537,100,99943,100,100565,100,99926,100
2019-06-28 09:37:40.000000000,100085,575,100066,675,100091,100,100065,100,100093,100,100050,200,100094,100,100021,100,100136,100,99990,100,100245,100,99978,100,100404,100,99963,100,100422,100,99949,100,100537,100,99943,100,100565,100,99926,100
2019-06-28 09:37:50.000000000,100085,262,100066,362,100091,257,100065,257,100093,257,100050,357,100094,100,100021,100,100136,100,99990,100,100245,100,99978,100,100404,100,99963,100,100422,100,99949,100,100537,100,99943,100,100565,100,99926,100
2019-06-28 09:38:00.000000000,100085,195,100066,295,100091,195,100065,195,100093,195,100050,295,100094,195,100021,195,100136,195,99990,195,100245,100,99978,100,100404,100,99963,100,100422,100,99949,100,100537,100,99943,100,100565,100,99926,100
2019-06-28 09:38:01.466500303,100085,95,100066,295,100091,195,100065,195,100093,195,100050,295,100094,195,100021,195,100136,195,99990,195,100245,100,99978,100,100404,100,99963,100,100422,100,99949,100,100537,100,99943,100,100565,100,99926,100
2019-06-28 09:38:06.690264573,100085,95,100066,295,100091,195,100065,195,100093,195,100050,295,100094,195,100021,195,100136,195,99990,195,100245,100,99978,100,100404,100,99963,100,100411,100,99949,100,100422,100,99943,100,100537,100,99926,100
2019-06-28 09:38:10.000000000,100091,338,100066,438,100093,338,100065,338,100094,100,100050,200,100136,100,100021,100,100245,100,99990,100,100404,100,99978,100,100411,100,99963,100,100422,100,99949,100,100537,100,99943,100,100565,100,99926,100
2019-06-28 09:38:12.436982489,100091,338,100066,438,100093,338,100065,338,100094,100,100050,200,100136,100,100021,100,100245,100,99990,100,100362,100,99978,100,100404,100,99963,100,100411,100,99949,100,100422,100,99943,100,100537,100,99926,100
2019-06-28 09:38:20.000000000,100091,575,100066,675,100093,100,100065,100,100094,100,100050,200,100136,100,100021,100,100245,100,99990,100,100362,100,99978,100,100404,100,99963,100,100411,100,99949,100,100422,100,99943,100,100537,100,99926,100
2019-06-28 09:38:30.000000000,100091,262,100066,362,100093,257,100065,257,100094,257,100050,357,100136,100,100021,100,100245,100,99990,100,100362,100,99978,100,100404,100,99963,100,100411,100,99949,100,100422,100,99943,100,100537,100,99926,100
2019-06-28 09:38:31.649021032,100091,262,100066,362,100093,157,100065,257,100094,257,100050,357,100136,100,100021,100,100245,100,99990,100,100362,100,99978,100,100404,100,99963,100,100411,100,99949,100,100422,100,99943,100,100433,100,99926,100
2019-06-28 09:38:40.000000000,100091,219,100066,319,100094,219,100065,219,100136,219,100050,319,100245,219,100021,219,100362,100,99990,100,100404,100,99978,100,100411,100,99963,100,100422,100,99949,100,100433,100,99943,100,100537,100,99926,100
2019-06-28 09:38:50.000000000,100091,575,100066,675,100094,100,100065,100,100136,100,100050,200,100245,100,100021,100,100362,100,99990,100,100404,100,99978,100,100411,100,99963,100,100422,100,99949,100,100433,100,99943,100,100537,100,99926,100
2019-06-28 09:38:58.161833843,100091,475,100066,675,100094,100,100065,100,100136,100,100050,200,100245,100,100021,100,100362,100,99990,100,100404,100,99978,100,100411,100,99963,100,100422,100,99949,100,100433,100,99943,100,100537,100,99926,100
2019-06-28 09:39:00.000000000,100094,195,100066,295,100136,195,100065,195,100245,195,100050,295,100362,195,100021,195,100404,195,99990,195,100411,100,99978,100,100422,100,99963,100,100433,100,99949,100,100537,100,99943,100,100565,100,99926,100
2019-06-28 09:39:06.898637500,100094,195,100066,295,100136,195,100065,195,100245,195,100050,295,100362,195,100021,195,100404,195,99990,195,100411,100,99978,100,100422,100,99963,100,100433,100,99949,100,100537,100,99943,100,100565,100,99926,100
2019-06-28 09:39:10.000000000,100094,575,100066,675,100136,100,100065,100,100245,100,100050,200,100362,100,100021,100,100404,100,99990,100,100411,100,99978,100,100422,100,99963,100,100433,100,99949,100,100537,100,99943,100,100565,100,99926,100
2019-06-28 09:39:20.000000000,100094,219,100066,319,100136,219,100065,219,100245,219,100050,319,100362,219,100021,219,100404,100,99990,100,100411,100,99978,100,100422,100,99963,100,100433,100,99949,100,100537,100,99943,100,100565,100,99926,100
2019-06-28 09:39:30.000000000,100094,575,100066,675,100136,100,100065,100,100245,100,100050,200,100362,100,100021,100,100404,100,99990,100,100411,100,99978,100,100422,100,99963,100,100433,100,99949,100,100537,100,99943,100,100565,100,99926,100
2019-06-28 09:39:31.321745759,100094,575,100066,675,100136,100,100065,100,100245,100,100050,200,100362,100,100021,100,100404,100,99990,100,100411,100,99978,100,100422,100,99963,100,100433,100,99949,100,100537,100,99943,100,100565,100,99926,100
2019-06-28 09:39:37.680983478,100094,575,100066,575,100136,100,100065,100,100245,100,100050,200,100362,100,100021,100,100404,100,99990,100,100411,100,99978,100,100422,100,99963,100,100433,100,99949,100,100537,100,99943,100,100565,100,99926,100
2019-06-28 09:39:40.000000000,100094,195,100066,195,100136,195,100065,195,100245,195,100050,295,100362,195,100021,195,100404,195,99990,195,100411,100,99978,100,100422,100,99963,100,100433,100,99949,100,100537,100,99943,100,100565,100,99926,100
2019-06-28 09:39:43.466659662,100094,195,100066,195,100136,195,100065,195,100214,100,100050,295,100245,195,100021,195,100362,195,99990,195,100404,195,99978,100,100411,100,99963,100,100422,100,99949,100,100433,100,99943,100,100537,100,99926,100
2019-06-28 09:39:44.072164839,100094,195,100066,195,100136,195,100065,195,100188,100,100050,295,100214,100,100021,195,100245,195,99990,195,100362,195,99978,100,100404,195,99963,100,100411,100,99949,100,100422,100,99943,100,100433,100,99926,100
2019-06-28 09:39:47.015683289,100094,195,100066,195,100136,195,100065,195,100188,100,100050,295,100214,100,100021,195,100245,195,99990,195,100355,100,99963,100,100362,195,99949,100,100404,195,99943,100,100411,100,99926,100,100422,100,99918,100
2019-06-28 09:39:50.000000000,100094,219,100066,219,100136,219,100065,219,100188,219,100050,319,100214,219,100021,219,100245,100,99990,100,100355,100,99963,100,100362,100,99949,100,100404,100,99943,100,100411,100,99926,100,100422,100,99918,100
2019-06-28 09:40:00.000000000,100094,338,100066,338,100136,338,100065,338,100188,100,100050,200,100214,100,100021,100,100245,100,99990,100,100355,100,99963,100,100362,100,99949,100,100404,100,99943,100,100411,100,99926,100,100422,100,99918,100
2019-06-28 09:40:10.000000000,100094,195,100066,195,100136,195,100065,195,100188,195,100050,295,100214,195,100021,195,100245,195,99990,195,100355,100,99963,100,100362,100,99949,100,100404,100,99943,100,100411,100,99926,100,100422,100,99918,100
2019-06-28 09:40:12.930274320,100094,195,100067,100,100136,195,100066,195,100188,195,100065,195,100214,195,100050,195,100245,195,100021,195,100355,100,99990,195,100362,100,99963,100,100404,100,99949,100,100411,100,99943,100,100422,100,99926,100
2019-06-28 09:40:20.000000000,100094,195,100067,195,100136,195,100066,195,100188,195,100065,195,100214,195,100050,195,100245,195,100021,195,100355,100,99990,100,100362,100,99963,100,100404,100,99949,100,100411,100,99943,100,100422,100,99926,100
2019-06-28 09:40:24.890461143,100094,95,100067,195,100136,195,100066,195,100188,195,100065,195,100214,195,100050,195,100245,195,100021,195,100355,100,99990,100,100362,100,99963,100,100404,100,99949,100,100411,100,99943,100,100422,100,99926,100
2019-06-28 09:40:30.000000000,100136,219,100067,219,100188,219,100066,219,100214,219,100065,219,100245,219,100050,219,100355,100,100021,100,100362,100,99990,100,100404,100,99963,100,100411,100,99949,100,100422,100,99943,100,100433,100,99926,100
2019-06-28 09:40:36.315654850,100136,119,100067,219,100188,219,100066,219,100214,219,100065,219,100245,219,100050,219,100355,100,100021,100,100362,100,99990,100,100404,100,99963,100,100411,100,99949,100,100422,100,99943,100,100433,100,99926,100
2019-06-28 09:40:40.000000000,100188,575,100067,575,100214,100,100066,100,100245,100,100065,100,100355,100,100050,100,100362,100,100021,100,100404,100,99990,100,100411,100,99963,100,100422,100,99949,100,100433,100,99943,100,100537,100,99926,100
2019-06-28 09:40:50.000000000,100188,338,100067,338,100214,338,100066,338,100245,100,100065,100,100355,100,100050,100,100362,100,100021,100,100404,100,99990,100,100411,100,99963,100,100422,100,99949,100,100433,100,99943,100,100537,100,99926,100
2019-06-28 09:40:56.278065824,100188,338,100094,100,100214,338,100067,338,100245,100,100066,338,100355,100,100065,100,100362,100,100050,100,100404,100,100021,100,100411,100,99990,100,100422,100,99963,100,100433,100,99949,100,100537,100,99943,100
2019-06-28 09:41:00.000000000,100188,219,100094,219,100214,219,100067,219,100245,219,100066,219,100355,219,100065,219,100362,100,100050,100,100404,100,100021,100,100411,100,99990,100,100422,100,99963,100,100433,100,99949,100,100537,100,99943,100
2019-06-28 09:41:10.000000000,100188,338,100094,338,100214,338,100067,338,100245,100,100066,100,100355,100,100065,100,100362,100,100050,100,100404,100,100021,100,100411,100,99990,100,100422,100,99963,100,100433,100,99949,100,100537,100,99943,100
2019-06-28 09:41:20.000000000,100188,575,100094,575,100214,100,100067,100,100245,100,100066,100,100355,100,100065,100,100362,100,100050,100,100404,100,100021,100,100411,100,99990,100,100422,100,99963,100,100433,100,99949,100,100537,100,99943,100
2019-06-28 09:41:30.000000000,100188,575,100094,575,100214,100,100067,100,100245,100,100066,100,100355,100,100065,100,100362,100,100050,100,100404,100,100021,100,100411,100,99990,100,100422,100,99963,100,100433,100,99949,100,100537,100,99943,100
2019-06-28 09:41:32.328758528,100188,575,100094,575,100214,100,100067,100,100245,100,100066,100,100355,100,100065,100,100362,100,100050,100,100404,100,100021,100,100422,100,99990,100,100433,100,99963,100,100537,100,99949,100,100565,100,99943,100
2019-06-28 09:41:35.315078926,100188,575,100094,675,100214,100,100067,100,100245,100,100066,100,100355,100,100065,100,100362,100,100050,100,100404,100,100021,100,100422,100,99990,100,100433,100,99963,100,100537,100,99949,100,100565,100,99943,100
2019-06-28 09:41:40.000000000,100188,219,100094,319,100214,219,100067,219,100245,219,100066,219,100355,219,100065,219,100362,100,100050,100,100404,100,100021,100,100422,100,99990,100,100433,100,99963,100,100537,100,99949,100,100565,100,99943,100
2019-06-28 09:41:47.595300770,100188,219,100094,419,100214,219,100067,219,100245,219,100066,219,100355,219,100065,219,100362,100,100050,100,100404,100,100021,100,100422,100,99990,100,100433,100,99963,100,100537,100,99949,100,100565,100,99943,100
2019-06-28 09:41:50.000000000,100188,338,100094,538,100214,338,100067,338,100245,100,100066,100,100355,100,100065,100,100362,100,100050,100,100404,100,100021,100,100422,100,99990,100,100433,100,99963,100,100537,100,99949,100,100565,100,99943,100
2019-06-28 09:42:00.000000000,100188,219,100094,419,100214,219,100067,219,100245,219,100066,219,100355,219,100065,219,100362,100,100050,100,100404,100,100021,100,100422,100,99990,100,100433,100,99963,100,100537,100,99949,100,100565,100,99943,100
2019-06-28 09:42:10.000000000,100188,338,100094,538,100214,338,100067,338,100245,100,100066,100,100355,100,100065,100,100362,100,100050,100,100404,100,100021,100,100422,100,99990,100,100433,100,99963,100,100537,100,99949,100,100565,100,99943,100
2019-06-28 09:42:20.000000000,100188,262,100094,462,100214,257,100067,257,100245,257,100066,257,100355,100,100065,100,100362,100,100050,100,100404,100,100021,100,100422,100,99990,100,100433,100,99963,100,100537,100,99949,100,100565,100,99943,100
2019-06-28 09:42:27.064512676,100188,262,100094,562,100214,257,100067,157,100245,257,100066,257,100355,100,100065,100,100362,100,100050,100,100404,100,100021,100,100422,100,99990,100,100433,100,99963,100,100537,100,99949,100,100565,100,99943,100
2019-06-28 09:42:29.721228412,100188,262,100094,562,100214,257,100067,157,100245,257,100066,157,100355,100,100065,100,100362,100,100050,100,100404,100,100021,100,100422,100,99990,100,100433,100,99963,100,100537,100,99949,100,100565,100,99943,100
2019-06-28 09:42:30.000000000,100188,338,100094,638,100214,338,100065,338,100245,100,100050,100,100355,100,100021,100,100362,100,99990,100,100404,100,99963,100,100422,100,99949,100,100433,100,99943,100,100537,100,99926,100,100565,100,99918,100
2019-06-28 09:42:30.612909452,100188,338,100094,638,100214,338,100065,338,100245,100,100050,100,100355,100,100021,100,100362,100,99990,100,100404,100,99963,100,100422,100,99949,100,100433,100,99943,100,100537,100,99926,100,100565,100,99918,100
2019-06-28 09:42:35.155806891,100188,338,100094,738,100214,338,100065,338,100245,100,100050,100,100355,100,100021,100,100362,100,99990,100,100404,100,99963,100,100422,100,99949,100,100433,100,99943,100,100537,100,99926,100,100565,100,99918,100
2019-06-28 09:42:40.000000000,100188,338,100094,738,100214,338,100065,338,100245,100,100050,100,100355,100,100021,100,100362,100,99990,100,100404,100,99963,100,100422,100,99949,100,100433,100,99943,100,100537,100,99926,100,100565,100,99918,100
2019-06-28 09:42:46.364101413,100188,338,100094,738,100214,338,100065,338,100245,100,100050,100,100355,100,100021,100,100362,100,99990,100,100404,100,99963,100,100422,100,99949,100,100433,100,99926,100,100537,100,99918,100,100565,100,99908,100
2019-06-28 09:42:49.781725152,100188,238,100094,738,100214,338,100065,338,100245,100,100050,100,100355,100,100021,100,100362,100,99990,100,100404,100,99963,100,100422,100,99949,100,100433,100,99926,100,100537,100,99918,100,100565,100,99908,100
2019-06-28 09:42:50.000000000,100214,195,100094,595,100245,195,100065,195,100355,195,100050,195,100362,195,100021,195,100404,195,99990,195,100422,100,99963,100,100433,100,99949,100,100537,100,99926,100,100565,100,99918,100,100577,100,99908,100
2019-06-28 09:43:00.000000000,100214,338,100094,738,100245,338,100065,338,100355,100,100050,100,100362,100,100021,100,100404,100,99990,100,100422,100,99963,100,100433,100,99949,100,100537,100,99926,100,100565,100,99918,100,100577,100,99908,100
2019-06-28 09:43:06.575610278,100214,238,100094,738,100245,338,100065,338,100355,100,100050,100,100362,100,100021,100,100404,100,99990,100,100422,100,99963,100,100433,100,99949,100,100537,100,99926,100,100565,100,99918,100,100577,100,99908,100
2019-06-28 09:43:10.000000000,100245,219,100094,619,100355,219,100065,219,100362,219,100050,219,100404,219,100021,219,100422,100,99990,100,100433,100,99963,100,100537,100,99949,100,100565,100,99926,100,100577,100,99918,100,100634,100,99908,100
2019-06-28 09:43:20.000000000,100245,219,100094,619,100355,219,100065,219,100362,219,100050,219,100404,219,100021,219,100422,100,99990,100,100433,100,99963,100,100537,100,99949,100,100565,100,99926,100,100577,100,99918,100,100634,100,99908,100
2019-06-28 09:43:23.305516473,100245,219,100094,619,100248,100,100065,219,100355,219,100050,219,100362,219,100021,219,100404,219,99990,100,100422,100,99963,100,100433,100,99949,100,100537,100,99926,100,100565,100,99918,100,100577,100,99908,100
2019-06-28 09:43:30.000000000,100245,262,100094,662,100248,257,100065,257,100355,257,100050,257,100362,100,100021,100,100404,100,99990,100,100422,100,99963,100,100433,100,99949,100,100537,100,99926,100,100565,100,99918,100,100577,100,99908,100
2019-06-28 09:43:40.000000000,100245,262,100094,662,100248,257,100065,257,100355,257,100050,257,100362,100,100021,100,100404,100,99990,100,100422,100,99963,100,100433,100,99949,100,100537,100,99926,100,100565,100,99918,100,100577,100,99908,100
2019-06-28 09:43:40.206003746,100245,262,100094,562,100248,257,100065,257,100355,257,100050,257,100362,100,100021,100,100404,100,99990,100,100422,100,99963,100,100433,100,99949,100,100537,100,99926,100,100565,100,99918,100,100577,100,99908,100
2019-06-28 09:43:50.000000000,100245,575,100094,875,100248,100,100065,100,100355,100,100050,100,100362,100,100021,100,100404,100,99990,100,100422,100,99963,100,100433,100,99949,100,100537,100,99926,100,100565,100,99918,100,100577,100,99908,100
2019-06-28 09:44:00.000000000,100245,575,100094,875,100248,100,100065,100,100355,100,100050,100,100362,100,100021,100,100404,100,99990,100,100422,100,99963,100,100433,100,99949,100,100537,100,99926,100,100565,100,99918,100,100577,100,99908,100
2019-06-28 09:44:10.000000000,100245,575,100094,875,100248,100,100065,100,100355,100,100050,100,100362,100,100021,100,100404,100,99990,100,100422,100,99963,100,100433,100,99949,100,100537,100,99926,100,100565,100,99918,100,100577,100,99908,100
2019-06-28 09:44:20.000000000,100245,262,100094,562,100248,257,100065,257,100355,257,100050,257,100362,100,100021,100,100404,100,99990,100,100422,100,99963,100,100433,100,99949,100,100537,100,99926,100,100565,100,99918,100,100577,100,99908,100
2019-06-28 09:44:30.000000000,100245,575,100094,875,100248,100,100065,100,100355,100,100050,100,100362,100,100021,100,100404,100,99990,100,100422,100,99963,100,100433,100,99949,100,100537,100,99926,100,100565,100,99918,100,100577,100,99908,100
2019-06-28 09:44:40.000000000,100245,338,100094,638,100248,338,100065,338,100355,100,100050,100,100362,100,100021,100,100404,100,99990,100,100422,100,99963,100,100433,100,99949,100,100537,100,99926,100,100565,100,99918,100,100577,100,99908,100
2019-06-28 09:44:42.907016438,100213,100,100094,538,100245,338,100065,338,100248,338,100050,100,100355,100,100021,100,100362,100,99990,100,100404,100,99963,100,100422,100,99949,100,100433,100,99926,100,100537,100,99918,100,100565,100,99908,100
2019-06-28 09:44:50.000000000,100213,338,100094,538,100245,338,100065,338,100248,100,100050,100,100355,100,100021,100,100362,100,99990,100,100404,100,99963,100,100422,100,99949,100,100433,100,99926,100,100537,100,99918,100,100565,100,99908,100
2019-06-28 09:45:00.000000000,100213,219,100094,419,100245,219,100065,219,100248,219,100050,219,100355,219,100021,219,100362,100,99990,100,100404,100,99963,100,100422,100,99949,100,100433,100,99926,100,100537,100,99918,100,100565,100,99908,100
2019-06-28 09:45:00.858631943,100213,219,100094,419,100245,219,100065,219,100248,219,100050,219,100355,219,100021,219,100362,100,99990,100,100404,100,99963,100,100422,100,99949,100,100433,100,99926,100,100537,100,99918,100,100565,100,99908,100
2019-06-28 09:45:10.000000000,100213,195,100094,395,100245,195,100065,195,100248,195,100050,195,100355,195,100021,195,100362,195,99990,195,100404,100,99963,100,100422,100,99949,100,100433,100,99926,100,100537,100,99918,100,100565,100,99908,100
2019-06-28 09:45:10.242289290,100213,195,100094,395,100245,195,100065,195,100248,195,100050,195,100355,195,100021,195,100362,195,99990,195,100404,100,99963,100,100422,100,99949,100,100433,100,99926,100,100537,100,99918,100,100565,100,99908,100
2019-06-28 09:45:14.425653933,100213,295,100094,395,100245,195,100065,195,100248,195,100050,195,100355,195,100021,195,100362,195,99990,195,100404,100,99963,100,100422,100,99949,100,100433,100,99926,100,100537,100,99918,100,100565,100,99908,100
2019-06-28 09:45:19.496200716,100213,295,100094,295,100245,195,100065,195,100248,195,100050,195,100355,95,100021,195,100362,195,99990,195,100404,100,99963,100,100422,100,99949,100,100433,100,99926,100,100537,100,99918,100,100565,100,99908,100
2019-06-28 09:45:20.000000000,100213,438,100094,438,100245,338,100065,338,100248,100,100050,100,100362,100,100021,100,100404,100,99990,100,100422,100,99963,100,100433,100,99949,100,100537,100,99926,100,100565,100,99918,100,100577,100,99908,100
2019-06-28 09:45:28.103292150,100213,438,100094,438,100245,338,100065,338,100248,100,100050,100,100362,100,100021,100,100404,100,99990,100,100422,100,99963,100,100433,100,99949,100,100537,100,99926,100,100565,100,99918,100,100577,100,99908,100
2019-06-28 09:45:30.000000000,100213,319,100094,319,100245,219,100065,219,100248,219,100050,219,100362,219,100021,219,100404,100,99990,100,100422,100,99963,100,100433,100,99949,100,100537,100,99926,100,100565,100,99918,100,100577,100,99908,100
2019-06-28 09:45:40.000000000,100213,362,100094,362,100245,257,100065,257,100248,257,100050,257,100362,100,100021,100,100404,100,99990,100,100422,100,99963,100,100433,100,99949,100,100537,100,99926,100,100565,100,99918,100,100577,100,99908,100
2019-06-28 09:45:44.928576065,100213,362,100094,262,100245,257,100065,257,100248,257,100050,257,100362,100,100021,100,100404,100,99990,100,100422,100,99963,100,100433,100,99949,100,100537,100,99926,100,100565,100,99918,100,100577,100,99908,100
2019-06-28 09:45:47.285902135,100213,362,100094,162,100245,257,100065,257,100248,257,100050,257,100362,100,100021,100,100404,100,99990,100,100422,100,99963,100,100433,100,99949,100,100537,100,99926,100,100565,100,99918,100,100577,100,99908,100
2019-06-28 09:45:50.000000000,100213,362,100065,262,100245,257,100050,257,100248,257,100021,257,100362,100,99990,100,100404,100,99963,100,100422,100,99949,100,100433,100,99926,100,100537,100,99918,100,100565,100,99908,100,100577,100,99892,100
2019-06-28 09:46:00.000000000,100213,319,100065,219,100245,219,100050,219,100248,219,100021,219,100362,219,99990,219,100404,100,99963,100,100422,100,99949,100,100433,100,99926,100,100537,100,99918,100,100565,100,99908,100,100577,100,99892,100
2019-06-28 09:46:07.247708125,100213,319,100065,219,100245,219,100050,219,100248,219,100021,219,100362,219,99990,219,100404,100,99963,100,100422,100,99949,100,100433,100,99926,100,100537,100,99918,100,100565,100,99908,100,100577,100,99892,100
2019-06-28 09:46:10.000000000,100213,319,100065,219,100245,219,100050,219,100248,219,100021,219,100362,219,99990,219,100404,100,99963,100,100422,100,99949,100,100433,100,99926,100,100537,100,99918,100,100565,100,99908,100,100577,100,99892,100
2019-06-28 09:46:15.804326831,100213,319,100065,219,100245,219,100050,219,100248,219,100021,219,100362,219,99990,219,100404,100,99963,100,100422,100,99949,100,100433,100,99926,100,100537,100,99918,100,100565,100,99908,100,100577,100,99892,100
2019-06-28 09:46:20.000000000,100213,362,100065,262,100245,257,100050,257,100248,257,100021,257,100362,100,99990,100,100404,100,99963,100,100422,100,99949,100,100433,100,99926,100,100537,100,99918,100,100565,100,99908,100,100577,100,99892,100
2019-06-28 09:46:23.555537445,100213,362,100065,162,100245,257,100050,257,100248,257,100021,257,100362,100,99990,100,100404,100,99963,100,100422,100,99949,100,100433,100,99926,100,100537,100,99918,100,100565,100,99908,100,100577,100,99892,100
2019-06-28 09:46:30.000000000,100213,362,100050,262,100245,257,100021,257,100248,257,99990,257,100362,100,99963,100,100404,100,99949,100,100422,100,99926,100,100433,100,99918,100,100537,100,99908,100,100565,100,99892,100,100577,100,99850,100
2019-06-28 09:46:32.340244851,100213,362,100050,162,100245,257,100021,257,100248,257,99990,257,100362,100,99963,100,100404,100,99949,100,100422,100,99926,100,100433,100,99918,100,100537,100,99908,100,100565,100,99892,100,100577,100,99850,100
2019-06-28 09:46:36.024811117,100065,100,100050,162,100213,362,100021,257,100245,257,99990,257,100248,257,99963,100,100362,100,99949,100,100404,100,99926,100,100422,100,99918,100,100433,100,99908,100,100537,100,99892,100,100565,100,99850,100
2019-06-28 09:46:40.000000000,100065,575,100021,575,100213,200,99990,100,100245,100,99963,100,100248,100,99949,100,100362,100,99926,100,100404,100,99918,100,100422,100,99908,100,100433,100,99892,100,100537,100,99850,100,100565,100,99846,100
2019-06-28 09:46:50.000000000,100065,575,100021,575,100213,200,99990,100,100245,100,99963,100,100248,100,99949,100,100362,100,99926,100,100404,100,99918,100,100422,100,99908,100,100433,100,99892,100,100537,100,99850,100,100565,100,99846,100
2019-06-28 09:46:56.116253302,100065,575,100021,575,100213,200,99990,100,100245,100,99963,100,100248,100,99949,100,100362,100,99926,100,100404,100,99918,100,100422,100,99908,100,100537,100,99892,100,100565,100,99850,100,100577,100,99846,100
2019-06-28 09:47:00.000000000,100065,575,100021,575,100213,200,99990,100,100245,100,99963,100,100248,100,99949,100,100362,100,99926,100,100404,100,99918,100,100422,100,99908,100,100537,100,99892,100,100565,100,99850,100,100577,100,99846,100
2019-06-28 09:47:01.273657228,100065,575,100021,475,100213,200,99990,100,100245,100,99963,100,100248,100,99949,100,100362,100,99926,100,100404,100,99918,100,100422,100,99908,100,100537,100,99892,100,100565,100,99850,100,100577,100,99846,100
2019-06-28 09:47:10.000000000,100065,338,99990,338,100213,438,99963,338,100245,100,99949,100,100248,100,99926,100,100362,100,99918,100,100404,100,99908,100,100422,100,99892,100,100537,100,99850,100,100565,100,99846,100,100577,100,99845,100
2019-06-28 09:47:20.000000000,100065,338,99990,338,100213,438,99963,338,100245,100,99949,100,100248,100,99926,100,100362,100,99918,100,100404,100,99908,100,100422,100,99892,100,100537,100,99850,100,100565,100,99846,100,100577,100,99845,100
2019-06-28 09:47:30.000000000,100065,575,99990,575,100213,200,99963,100,100245,100,99949,100,100248,100,99926,100,100362,100,99918,100,100404,100,99908,100,100422,100,99892,100,100537,100,99850,100,100565,100,99846,100,100577,100,99845,100
2019-06-28 09:47:36.247077411,100065,475,99990,575,100213,200,99963,100,100245,100,99949,100,100248,100,99926,100,100362,100,99918,100,100404,100,99908,100,100422,100,99892,100,100537,100,99850,100,100565,100,99846,100,100577,100,99845,100
2019-06-28 09:47:40.000000000,100213,319,99990,219,100245,219,99963,219,100248,219,99949,219,100362,219,99926,219,100404,100,99918,100,100422,100,99908,100,100537,100,99892,100,100565,100,99850,100,100577,100,99846,100,100682,100,99845,100
2019-06-28 09:47:50.000000000,100213,295,99990,195,100245,195,99963,195,100248,195,99949,195,100362,195,99926,195,100404,195,99918,195,100422,100,99908,100,100537,100,99892,100,100565,100,99850,100,100577,100,99846,100,100682,100,99845,100
2019-06-28 09:48:00.000000000,100213,675,99990,575,100245,100,99963,100,100248,100,99949,100,100362,100,99926,100,100404,100,99918,100,100422,100,99908,100,100537,100,99892,100,100565,100,99850,100,100577,100,99846,100,100682,100,99845,100
2019-06-28 09:48:06.678103325,100050,100,99990,575,100213,675,99963,100,100245,100,99949,100,100248,100,99926,100,100362,100,99918,100,100404,100,99908,100,100422,100,99892,100,100537,100,99850,100,100565,100,99846,100,100577,100,99845,100
2019-06-28 09:48:10.000000000,100050,219,99990,219,100213,319,99963,219,100245,219,99949,219,100248,219,99926,219,100362,100,99918,100,100404,100,99908,100,100422,100,99892,100,100537,100,99850,100,100565,100,99846,100,100577,100,99845,100
2019-06-28 09:48:12.122738338,100050,219,99990,219,100213,319,99963,219,100245,219,99949,219,100248,219,99926,219,100362,100,99918,100,100404,100,99908,100,100422,100,99892,100,100537,100,99850,100,100565,100,99846,100,100577,100,99845,100
2019-06-28 09:48:20.000000000,100050,219,99990,219,100213,319,99963,219,100245,219,99949,219,100248,219,99926,219,100362,100,99918,100,100404,100,99908,100,100422,100,99892,100,100537,100,99850,100,100565,100,99846,100,100577,100,99845,100
2019-06-28 09:48:30.000000000,100050,195,99990,195,100213,295,99963,195,100245,195,99949,195,100248,195,99926,195,100362,195,99918,195,100404,100,99908,100,100422,100,99892,100,100537,100,99850,100,100565,100,99846,100,100577,100,99845,100
2019-06-28 09:48:40.000000000,100050,338,99990,338,100213,438,99963,338,100245,100,99949,100,100248,100,99926,100,100362,100,99918,100,100404,100,99908,100,100422,100,99892,100,100537,100,99850,100,100565,100,99846,100,100577,100,99845,100
2019-06-28 09:48:50.000000000,100050,575,99990,575,100213,200,99963,100,100245,100,99949,100,100248,100,99926,100,100362,100,99918,100,100404,100,99908,100,100422,100,99892,100,100537,100,99850,100,100565,100,99846,100,100577,100,99845,100
2019-06-28 09:49:00.000000000,100050,219,99990,219,100213,319,99963,219,100245,219,99949,219,100248,219,99926,219,100362,100,99918,100,100404,100,99908,100,100422,100,99892,100,100537,100,99850,100,100565,100,99846,100,100577,100,99845,100
2019-06-28 09:49:03.433543428,100050,219,99990,119,100213,319,99963,219,100245,219,99949,219,100248,219,99926,219,100362,100,99918,100,100404,100,99908,100,100422,100,99892,100,100537,100,99850,100,100565,100,99846,100,100577,100,99845,100
2019-06-28 09:49:10.000000000,100050,262,99963,262,100213,357,99949,257,100245,257,99926,257,100248,100,99918,100,100362,100,99908,100,100404,100,99892,100,100422,100,99850,100,100537,100,99846,100,100565,100,99845,100,100577,100,99679,100
2019-06-28 09:49:10.141731706,100050,262,99963,262,100213,357,99949,157,100245,257,99926,257,100248,100,99918,100,100362,100,99908,100,100404,100,99892,100,100422,100,99850,100,100537,100,99846,100,100565,100,99845,100,100577,100,99679,100
2019-06-28 09:49:20.000000000,100050,195,99963,195,100213,295,99926,195,100245,195,99918,195,100248,195,99908,195,100362,195,99892,195,100404,100,99850,100,100422,100,99846,100,100537,100,99845,100,100565,100,99679,100,100577,100,99469,100
2019-06-28 09:49:28.467465508,100050,195,99963,95,100213,295,99926,195,100245,195,99918,195,100248,195,99908,195,100362,195,99892,195,100404,100,99850,100,100422,100,99846,100,100537,100,99845,100,100565,100,99679,100,100577,100,99469,100
2019-06-28 09:49:30.000000000,100050,262,99926,262,100213,357,99918,257,100245,257,99908,257,100248,100,99892,100,100362,100,99850,100,100404,100,99846,100,100422,100,99845,100,100537,100,99679,100,100565,100,99469,100,100577,100,99358,100
2019-06-28 09:49:40.000000000,100050,219,99926,219,100213,319,99918,219,100245,219,99908,219,100248,219,99892,219,100362,100,99850,100,100404,100,99846,100,100422,100,99845,100,100537,100,99679,100,100565,100,99469,100,100577,100,99358,100
2019-06-28 09:49:50.000000000,100050,195,99926,195,100213,295,99918,195,100245,195,99908,195,100248,195,99892,195,100362,195,99850,195,100404,100,99846,100,100422,100,99845,100,100537,100,99679,100,100565,100,99469,100,100577,100,99358,100
2019-06-28 09:50:00.000000000,100050,262,99926,262,100213,357,99918,257,100245,257,99908,257,100248,100,99892,100,100362,100,99850,100,100404,100,99846,100,100422,100,99845,100,100537,100,99679,100,100565,100,99469,100,100577,100,99358,100
2019-06-28 09:50:10.000000000,100050,338,99926,338,100213,438,99918,338,100245,100,99908,100,100248,100,99892,100,100362,100,99850,100,100404,100,99846,100,100422,100,99845,100,100537,100,99679,100,100565,100,99469,100,100577,100,99358,100
2019-06-28 09:50:20.000000000,100050,219,99926,219,100213,319,99918,219,100245,219,99908,219,100248,219,99892,219,100362,100,99850,100,100404,100,99846,100,100422,100,99845,100,100537,100,99679,100,100565,100,99469,100,100577,100,99358,100
2019-06-28 09:50:30.000000000,100050,262,99926,262,100213,357,99918,257,100245,257,99908,257,100248,100,99892,100,100362,100,99850,100,100404,100,99846,100,100422,100,99845,100,100537,100,99679,100,100565,100,99469,100,100577,100,99358,100
2019-06-28 09:50:40.000000000,100050,338,99926,338,100213,438,99918,338,100245,100,99908,100,100248,100,99892,100,100362,100,99850,100,100404,100,99846,100,100422,100,99845,100,100537,100,99679,100,100565,100,99469,100,100577,100,99358,100
2019-06-28 09:50:50.000000000,100050,338,99926,338,100213,438,99918,338,100245,100,99908,100,100248,100,99892,100,100362,100,99850,100,100404,100,99846,100,100422,100,99845,100,100537,100,99679,100,100565,100,99469,100,100577,100,99358,100
2019-06-28 09:50:58.477604773,100050,338,99926,338,100213,438,99918,338,100245,100,99908,100,100295,100,99892,100,100362,100,99850,100,100404,100,99846,100,100422,100,99845,100,100537,100,99679,100,100565,100,99469,100,100577,100,99358,100
2019-06-28 09:51:00.000000000,100050,338,99926,338,100213,438,99918,338,100245,100,99908,100,100295,100,99892,100,100362,100,99850,100,100404,100,99846,100,100422,100,99845,100,100537,100,99679,100,100565,100,99469,100,100577,100,99358,100
2019-06-28 09:51:10.000000000,100050,262,99926,262,100213,357,99918,257,100245,257,99908,257,100295,100,99892,100,100362,100,99850,100,100404,100,99846,100,100422,100,99845,100,100537,100,99679,100,100565,100,99469,100,100577,100,99358,100
2019-06-28 09:51:20.000000000,100050,338,99926,338,100213,438,99918,338,100245,100,99908,100,100295,100,99892,100,100362,100,99850,100,100404,100,99846,100,100422,100,99845,100,100537,100,99679,100,100565,100,99469,100,100577,100,99358,100
2019-06-28 09:51:24.033924617,100050,338,99926,338,100074,100,99918,338,100213,438,99908,100,100245,100,99892,100,100295,100,99850,100,100362,100,99846,100,100404,100,99845,100,100422,100,99679,100,100537,100,99469,100,100565,100,99358,100
2019-06-28 09:51:30.000000000,100050,195,99926,195,100074,195,99918,195,100213,295,99908,195,100245,195,99892,195,100295,195,99850,195,100362,100,99846,100,100404,100,99845,100,100422,100,99679,100,100537,100,99469,100,100565,100,99358,100
2019-06-28 09:51:30.953562858,100050,195,99926,195,100074,195,99918,195,100213,295,99908,195,100245,195,99899,100,100295,195,99892,195,100362,100,99850,195,100404,100,99846,100,100422,100,99845,100,100565,100,99679,100,100577,100,99469,100
2019-06-28 09:51:35.726763383,100050,195,99926,195,100074,195,99918,195,100205,100,99908,195,100213,295,99899,100,100245,195,99892,195,100295,195,99850,195,100362,100,99846,100,100404,100,99845,100,100422,100,99679,100,100565,100,99469,100
2019-06-28 09:51:40.000000000,100050,262,99926,262,100074,257,99918,257,100205,257,99908,257,100213,200,99899,100,100245,100,99892,100,100295,100,99850,100,100362,100,99846,100,100404,100,99845,100,100422,100,99679,100,100565,100,99469,100
2019-06-28 09:51:48.234492977,100050,262,99926,262,100074,257,99918,257,100205,257,99908,257,100213,200,99899,100,100245,100,99892,100,100295,100,99850,100,100362,100,99846,100,100404,100,99845,100,100422,100,99679,100,100565,100,99595,100
2019-06-28 09:51:50.000000000,100050,338,99926,338,100074,338,99918,338,100205,100,99908,100,100213,200,99899,100,100245,100,99892,100,100295,100,99850,100,100362,100,99846,100,100404,100,99845,100,100422,100,99679,100,100565,100,99595,100
2019-06-28 09:52:00.000000000,100050,262,99926,262,100074,257,99918,257,100205,257,99908,257,100213,200,99899,100,100245,100,99892,100,100295,100,99850,100,100362,100,99846,100,100404,100,99845,100,100422,100,99679,100,100565,100,99595,100
2019-06-28 09:52:03.516512701,99990,100,99926,262,100050,262,99918,257,100074,257,99908,257,100205,257,99899,100,100213,200,99892,100,100245,100,99850,100,100295,100,99846,100,100362,100,99845,100,100404,100,99679,100,100422,100,99595,100
2019-06-28 09:52:10.000000000,99990,262,99926,262,100050,257,99918,257,100074,257,99908,257,100205,100,99899,100,100213,200,99892,100,100245,100,99850,100,100295,100,99846,100,100362,100,99845,100,100404,100,99679,100,100422,100,99595,100
2019-06-28 09:52:11.874341343,99990,262,99926,262,100050,257,99918,257,100074,257,99908,257,100205,100,99899,100,100213,200,99892,100,100245,100,99850,100,100295,100,99846,100,100362,100,99845,100,100404,100,99679,100,100422,100,99652,100
2019-06-28 09:52:14.870427548,99990,262,99926,262,100050,257,99918,257,100074,257,99908,257,100205,100,99899,100,100213,200,99892,100,100245,100,99850,100,100362,100,99846,100,100404,100,99845,100,100422,100,99679,100,100565,100,99654,100
2019-06-28 09:52:20.000000000,99990,219,99926,219,100050,219,99918,219,100074,219,99908,219,100205,219,99899,219,100213,200,99892,100,100245,100,99850,100,100362,100,99846,100,100404,100,99845,100,100422,100,99679,100,100565,100,99654,100
2019-06-28 09:52:30.000000000,99990,338,99926,338,100050,338,99918,338,100074,100,99908,100,100205,100,99899,100,100213,200,99892,100,100245,100,99850,100,100362,100,99846,100,100404,100,99845,100,100422,100,99679,100,100565,100,99654,100
2019-06-28 09:52:40.000000000,99990,219,99926,219,100050,219,99918,219,100074,219,99908,219,100205,219,99899,219,100213,200,99892,100,100245,100,99850,100,100362,100,99846,100,100404,100,99845,100,100422,100,99679,100,100565,100,99654,100
2019-06-28 09:52:50.000000000,99990,575,99926,575,100050,100,99918,100,100074,100,99908,100,100205,100,99899,100,100213,200,99892,100,100245,100,99850,100,100362,100,99846,100,100404,100,99845,100,100422,100,99679,100,100565,100,99654,100
2019-06-28 09:52:57.525058729,99990,575,99926,575,100050,100,99918,100,100074,100,99908,100,100205,100,99899,100,100213,200,99892,100,100245,100,99850,100,100362,100,99846,100,100404,100,99845,100,100422,100,99737,100,100565,100,99679,100
2019-06-28 09:52:59.427649079,99990,575,99926,575,100000,100,99918,100,100050,100,99899,100,100074,100,99892,100,100205,100,99850,100,100213,200,99846,100,100245,100,99845,100,100362,100,99737,100,100404,100,99679,100,100422,100,99654,100
2019-06-28 09:53:00.000000000,99990,195,99926,195,100000,195,99918,195,100050,195,99899,195,100074,195,99892,195,100205,195,99850,195,100213,200,99846,100,100245,100,99845,100,100362,100,99737,100,100404,100,99679,100,100422,100,99654,100
2019-06-28 09:53:10.000000000,99990,575,99926,575,100000,100,99918,100,100050,100,99899,100,100074,100,99892,100,100205,100,99850,100,100213,200,99846,100,100245,100,99845,100,100362,100,99737,100,100404,100,99679,100,100422,100,99654,100
2019-06-28 09:53:20.000000000,99990,262,99926,262,100000,257,99918,257,100050,257,99899,257,100074,100,99892,100,100205,100,99850,100,100213,200,99846,100,100245,100,99845,100,100362,100,99737,100,100404,100,99679,100,100422,100,99654,100
2019-06-28 09:53:22.635480745,99990,262,99926,262,100000,257,99918,257,100050,257,99899,257,100074,100,99892,100,100205,100,99850,100,100213,100,99846,100,100245,100,99845,100,100362,100,99737,100,100404,100,99679,100,100422,100,99654,100
2019-06-28 09:53:30.000000000,99990,262,99926,262,100000,257,99918,257,100050,257,99899,257,100074,100,99892,100,100205,100,99850,100,100213,100,99846,100,100245,100,99845,100,100362,100,99737,100,100404,100,99679,100,100422,100,99654,100
2019-06-28 09:53:40.000000000,99990,575,99926,575,100000,100,99918,100,100050,100,99899,100,100074,100,99892,100,100205,100,99850,100,100213,100,99846,100,100245,100,99845,100,100362,100,99737,100,100404,100,99679,100,100422,100,99654,100
2019-06-28 09:53:40.669087147,99990,575,99926,575,100000,100,99918,100,100050,100,99899,100,100074,100,99892,100,100205,100,99850,100,100213,100,99846,100,100245,100,99845,100,100362,100,99737,100,100404,100,99679,100,100422,100,99654,100
2019-06-28 09:53:44.953064728,99990,475,99926,575,100000,100,99918,100,100050,100,99899,100,100074,100,99892,100,100205,100,99850,100,100213,100,99846,100,100245,100,99845,100,100362,100,99737,100,100404,100,99679,100,100422,100,99654,100
2019-06-28 09:53:50.000000000,100000,575,99926,575,100050,100,99918,100,100074,100,99899,100,100205,100,99892,100,100213,100,99850,100,100245,100,99846,100,100362,100,99845,100,100404,100,99737,100,100422,100,99679,100,100470,100,99654,100
2019-06-28 09:54:00.000000000,100000,219,99926,219,100050,219,99918,219,100074,219,99899,219,100205,219,99892,219,100213,100,99850,100,100245,100,99846,100,100362,100,99845,100,100404,100,99737,100,100422,100,99679,100,100470,100,99654,100
2019-06-28 09:54:06.466335785,100000,119,99926,219,100050,219,99918,219,100074,219,99899,219,100205,219,99892,219,100213,100,99850,100,100245,100,99846,100,100362,100,99845,100,100404,100,99737,100,100422,100,99679,100,100470,100,99654,100
2019-06-28 09:54:06.765416197,100000,119,99926,219,100050,219,99918,219,100074,219,99899,219,100205,219,99892,219,100213,100,99850,100,100245,100,99846,100,100362,100,99845,100,100404,100,99737,100,100422,100,99679,100,100470,100,99654,100
2019-06-28 09:54:08.050204657,100000,119,99926,219,100050,219,99918,219,100074,219,99899,219,100205,219,99892,219,100213,100,99850,100,100245,100,99846,100,100362,100,99845,100,100404,100,99737,100,100422,100,99679,100,100470,100,99654,100
2019-06-28 09:54:10.000000000,100050,575,99926,575,100074,100,99918,100,100205,100,99899,100,100213,100,99892,100,100245,100,99850,100,100362,100,99846,100,100404,100,99845,100,100422,100,99737,100,100470,100,99679,100,100496,100,99654,100
2019-06-28 09:54:14.929580776,100050,575,99926,575,100074,100,99918,100,100205,100,99899,100,100213,100,99892,100,100245,100,99850,100,100362,100,99846,100,100404,100,99845,100,100422,100,99737,100,100470,100,99679,100,100496,100,99654,100
2019-06-28 09:54:15.264686212,100050,475,99926,575,100074,100,99918,100,100205,100,99899,100,100213,100,99892,100,100245,100,99850,100,100362,100,99846,100,100404,100,99845,100,100422,100,99737,100,100470,100,99679,100,100496,100,99654,100
2019-06-28 09:54:20.000000000,100074,195,99926,195,100205,195,99918,195,100213,195,99899,195,100245,195,99892,195,100362,195,99850,195,100404,100,99846,100,100422,100,99845,100,100470,100,99737,100,100496,100,99679,100,100565,100,99654,100
2019-06-28 09:54:30.000000000,100074,195,99926,195,100205,195,99918,195,100213,195,99899,195,100245,195,99892,195,100362,195,99850,195,100404,100,99846,100,100422,100,99845,100,100470,100,99737,100,100496,100,99679,100,100565,100,99654,100
2019-06-28 09:54:40.000000000,100074,262,99926,262,100205,257,99918,257,100213,257,99899,257,100245,100,99892,100,100362,100,99850,100,100404,100,99846,100,100422,100,99845,100,100470,100,99737,100,100496,100,99679,100,100565,100,99654,100
2019-06-28 09:54:41.011868146,100074,262,99926,262,100205,257,99918,257,100213,257,99899,257,100245,100,99892,100,100362,100,99850,100,100404,100,99846,100,100422,100,99845,100,100470,100,99737,100,100496,100,99679,100,100565,100,99654,100
2019-06-28 09:54:50.000000000,100074,219,99926,219,100205,219,99918,219,100213,219,99899,219,100245,219,99892,219,100362,100,99850,100,100404,100,99846,100,100422,100,99845,100,100470,100,99737,100,100496,100,99679,100,100565,100,99654,100
2019-06-28 09:54:56.527584383,100074,219,99926,219,100205,219,99918,219,100213,219,99899,219,100245,219,99892,219,100362,100,99850,100,100404,100,99846,100,100422,100,99845,100,100470,100,99793,100,100496,100,99737,100,100565,100,99679,100
2019-06-28 09:55:00.000000000,100074,262,99926,262,100205,257,99918,257,100213,257,99899,257,100245,100,99892,100,100362,100,99850,100,100404,100,99846,100,100422,100,99845,100,100470,100,99793,100,100496,100,99737,100,100565,100,99679,100
2019-06-28 09:55:08.598550857,99999,100,99926,262,100074,262,99918,257,100205,257,99899,257,100213,257,99892,100,100245,100,99850,100,100362,100,99846,100,100404,100,99845,100,100422,100,99793,100,100470,100,99737,100,100496,100,99679,100
2019-06-28 09:55:10.000000000,99999,262,99926,262,100074,257,99918,257,100205,257,99899,257,100213,100,99892,100,100245,100,99850,100,100362,100,99846,100,100404,100,99845,100,100422,100,99793,100,100470,100,99737,100,100496,100,99679,100
2019-06-28 09:55:13.871878257,99999,362,99926,262,100074,257,99918,257,100205,257,99899,257,100213,100,99892,100,100245,100,99850,100,100362,100,99846,100,100404,100,99845,100,100422,100,99793,100,100470,100,99737,100,100496,100,99679,100
2019-06-28 09:55:20.000000000,99999,438,99926,338,100074,338,99918,338,100205,100,99899,100,100213,100,99892,100,100245,100,99850,100,100362,100,99846,100,100404,100,99845,100,100422,100,99793,100,100470,100,99737,100,100496,100,99679,100
2019-06-28 09:55:30.000000000,99999,438,99926,338,100074,338,99918,338,100205,100,99899,100,100213,100,99892,100,100245,100,99850,100,100362,100,99846,100,100404,100,99845,100,100422,100,99793,100,100470,100,99737,100,100496,100,99679,100
2019-06-28 09:55:36.397994264,99999,438,99926,338,100074,338,99923,100,100205,100,99918,338,100213,100,99899,100,100245,100,99892,100,100362,100,99850,100,100404,100,99846,100,100422,100,99845,100,100470,100,99737,100,100496,100,99679,100
2019-06-28 09:55:40.000000000,99999,295,99926,195,100074,195,99923,195,100205,195,99918,195,100213,195,99899,195,100245,195,99892,195,100362,100,99850,100,100404,100,99846,100,100422,100,99845,100,100470,100,99737,100,100496,100,99679,100
2019-06-28 09:55:50.000000000,99999,675,99926,575,100074,100,99923,100,100205,100,99918,100,100213,100,99899,100,100245,100,99892,100,100362,100,99850,100,100404,100,99846,100,100422,100,99845,100,100470,100,99737,100,100496,100,99679,100
2019-06-28 09:55:57.317580043,99999,475,99926,575,100074,100,99923,100,100205,100,99918,100,100213,100,99899,100,100245,100,99892,100,100362,100,99850,100,100404,100,99846,100,100422,100,99845,100,100470,100,99737,100,100496,100,99679,100
2019-06-28 09:56:00.000000000,100074,262,99926,262,100205,257,99923,257,100213,257,99918,257,100245,100,99899,100,100362,100,99892,100,100404,100,99850,100,100422,100,99846,100,100470,100,99845,100,100496,100,99737,100,100565,100,99679,100
2019-06-28 09:56:05.136234680,100011,100,99926,162,100074,262,99923,257,100205,257,99918,257,100213,257,99899,100,100245,100,99892,100,100362,100,99850,100,100404,100,99846,100,100422,100,99845,100,100470,100,99737,100,100496,100,99679,100
2019-06-28 09:56:07.445195524,100011,100,99999,100,100074,262,99926,162,100205,257,99923,257,100213,257,99918,257,100245,100,99899,100,100362,100,99892,100,100404,100,99850,100,100422,100,99846,100,100470,100,99845,100,100496,100,99737,100
2019-06-28 09:56:10.000000000,100011,195,99999,195,100074,195,99923,195,100205,195,99918,195,100213,195,99899,195,100245,195,99892,195,100362,100,99850,100,100404,100,99846,100,100422,100,99845,100,100470,100,99737,100,100496,100,99679,100
2019-06-28 09:56:20.000000000,100011,262,99999,262,100074,257,99923,257,100205,257,99918,257,100213,100,99899,100,100245,100,99892,100,100362,100,99850,100,100404,100,99846,100,100422,100,99845,100,100470,100,99737,100,100496,100,99679,100
2019-06-28 09:56:20.166966493,100011,262,99999,262,100074,257,99923,257,100205,257,99918,257,100213,100,99899,100,100245,100,99892,100,100362,100,99850,100,100404,100,99846,100,100422,100,99845,100,100470,100,99774,100,100496,100,99737,100
2019-06-28 09:56:24.654434296,100011,262,99999,362,100074,257,99923,257,100205,257,99918,257,100213,100,99899,100,100245,100,99892,100,100362,100,99850,100,100404,100,99846,100,100422,100,99845,100,100470,100,99774,100,100496,100,99737,100
2019-06-28 09:56:30.000000000,100011,575,99999,675,100074,100,99923,100,100205,100,99918,100,100213,100,99899,100,100245,100,99892,100,100362,100,99850,100,100404,100,99846,100,100422,100,99845,100,100470,100,99774,100,100496,100,99737,100
2019-06-28 09:56:30.266314871,100011,575,99999,675,100074,100,99974,100,100205,100,99923,100,100213,100,99918,100,100245,100,99899,100,100362,100,99892,100,100404,100,99850,100,100422,100,99846,100,100470,100,99774,100,100496,100,99737,100
2019-06-28 09:56:40.000000000,100011,195,99999,295,100074,195,99974,195,100205,195,99923,195,100213,195,99918,195,100245,195,99899,195,100362,100,99892,100,100404,100,99850,100,100422,100,99846,100,100470,100,99774,100,100496,100,99737,100
2019-06-28 09:56:50.000000000,100011,575,99999,675,100074,100,99974,100,100205,100,99923,100,100213,100,99918,100,100245,100,99899,100,100362,100,99892,100,100404,100,99850,100,100422,100,99846,100,100470,100,99774,100,100496,100,99737,100
2019-06-28 09:57:00.000000000,100011,262,99999,362,100074,257,99974,257,100205,257,99923,257,100213,100,99918,100,100245,100,99899,100,100362,100,99892,100,100404,100,99850,100,100422,100,99846,100,100470,100,99774,100,100496,100,99737,100
2019-06-28 09:57:10.000000000,100011,575,99999,675,100074,100,99974,100,100205,100,99923,100,100213,100,99918,100,100245,100,99899,100,100362,100,99892,100,100404,100,99850,100,100422,100,99846,100,100470,100,99774,100,100496,100,99737,100
2019-06-28 09:57:10.596145618,100011,575,99999,675,100074,100,99974,100,100205,100,99923,100,100213,100,99921,100,100245,100,99918,100,100404,100,99899,100,100422,100,99892,100,100470,100,99850,100,100496,100,99846,100,100565,100,99774,100
2019-06-28 09:57:14.903684821,100011,575,99999,675,100074,100,99994,100,100205,100,99974,100,100213,100,99923,100,100245,100,99921,100,100404,100,99918,100,100422,100,99899,100,100470,100,99892,100,100565,100,99850,100,100577,100,99846,100
2019-06-28 09:57:20.000000000,100011,338,99999,438,100074,338,99994,338,100205,100,99974,100,100213,100,99923,100,100245,100,99921,100,100404,100,99918,100,100422,100,99899,100,100470,100,99892,100,100565,100,99850,100,100577,100,99846,100
2019-06-28 09:57:21.451277022,100011,238,99999,438,100074,338,99994,338,100205,100,99980,100,100213,100,99974,100,100245,100,99923,100,100404,100,99921,100,100422,100,99918,100,100470,100,99899,100,100565,100,99892,100,100577,100,99850,100
2019-06-28 09:57:30.000000000,100074,195,99999,295,100205,195,99994,195,100213,195,99980,195,100245,195,99974,195,100404,195,99923,195,100422,100,99921,100,100470,100,99918,100,100565,100,99899,100,100577,100,99892,100,100601,100,99850,100
2019-06-28 09:57:40.000000000,100074,262,99999,362,100205,257,99994,257,100213,257,99980,257,100245,100,99974,100,100404,100,99923,100,100422,100,99921,100,100470,100,99918,100,100565,100,99899,100,100577,100,99892,100,100601,100,99850,100
2019-06-28 09:57:41.261862203,100074,262,99999,362,100205,257,99994,257,100213,257,99980,257,100245,100,99974,100,100404,100,99923,100,100422,100,99921,100,100470,100,99918,100,100565,100,99899,100,100577,100,99892,100,100601,100,99850,100
2019-06-28 09:57:50.000000000,100074,262,99999,362,100205,257,99994,257,100213,257,99980,257,100245,100,99974,100,100404,100,99923,100,100422,100,99921,100,100470,100,99918,100,100565,100,99899,100,100577,100,99892,100,100601,100,99850,100
2019-06-28 09:57:51.748090759,100074,262,99999,462,100205,257,99994,257,100213,257,99980,257,100245,100,99974,100,100404,100,99923,100,100422,100,99921,100,100470,100,99918,100,100565,100,99899,100,100577,100,99892,100,100601,100,99850,100
2019-06-28 09:58:00.000000000,100074,575,99999,775,100205,100,99994,100,100213,100,99980,100,100245,100,99974,100,100404,100,99923,100,100422,100,99921,100,100470,100,99918,100,100565,100,99899,100,100577,100,99892,100,100601,100,99850,100
2019-06-28 09:58:10.000000000,100074,195,99999,395,100205,195,99994,195,100213,195,99980,195,100245,195,99974,195,100404,195,99923,195,100422,100,99921,100,100470,100,99918,100,100565,100,99899,100,100577,100,99892,100,100601,100,99850,100
2019-06-28 09:58:15.308453742,100074,195,99999,295,100205,195,99994,195,100213,195,99980,195,100245,195,99974,195,100404,195,99923,195,100422,100,99921,100,100470,100,99918,100,100565,100,99899,100,100577,100,99892,100,100601,100,99850,100
2019-06-28 09:58:20.000000000,100074,219,99999,319,100205,219,99994,219,100213,219,99980,219,100245,219,99974,219,100404,100,99923,100,100422,100,99921,100,100470,100,99918,100,100565,100,99899,100,100577,100,99892,100,100601,100,99850,100
2019-06-28 09:58:25.156776842,100074,219,99999,319,100205,219,99994,219,100213,219,99980,219,100241,100,99974,219,100245,219,99923,100,100404,100,99921,100,100422,100,99918,100,100470,100,99892,100,100565,100,99850,100,100577,100,99846,100
2019-06-28 09:58:30.000000000,100074,219,99999,319,100205,219,99994,219,100213,219,99980,219,100241,219,99974,219,100245,100,99923,100,100404,100,99921,100,100422,100,99918,100,100470,100,99892,100,100565,100,99850,100,100577,100,99846,100
2019-06-28 09:58:40.000000000,100074,338,99999,438,100205,338,99994,338,100213,100,99980,100,100241,100,99974,100,100245,100,99923,100,100404,100,99921,100,100422,100,99918,100,100470,100,99892,100,100565,100,99850,100,100577,100,99846,100
2019-06-28 09:58:50.000000000,100074,195,99999,295,100205,195,99994,195,100213,195,99980,195,100241,195,99974,195,100245,195,99923,195,100404,100,99921,100,100422,100,99918,100,100470,100,99892,100,100565,100,99850,100,100577,100,99846,100
2019-06-28 09:58:58.088027173,100074,195,100000,100,100205,195,99999,295,100213,195,99994,195,100241,195,99980,195,100245,195,99974,195,100404,100,99923,195,100422,100,99921,100,100470,100,99918,100,100565,100,99892,100,100577,100,99850,100
2019-06-28 09:59:00.000000000,100074,195,100000,195,100205,195,99999,295,100213,195,99994,195,100241,195,99980,195,100245,195,99974,195,100404,100,99923,100,100422,100,99921,100,100470,100,99918,100,100565,100,99892,100,100577,100,99850,100
2019-06-28 09:59:01.867469801,100074,195,100000,295,100205,195,99999,295,100213,195,99994,195,100241,195,99980,195,100245,195,99974,195,100404,100,99923,100,100422,100,99921,100,100470,100,99918,100,100565,100,99892,100,100577,100,99850,100
2019-06-28 09:59:10.000000000,100074,338,100000,438,100205,338,99999,438,100213,100,99994,100,100241,100,99980,100,100245,100,99974,100,100404,100,99923,100,100422,100,99921,100,100470,100,99918,100,100565,100,99892,100,100577,100,99850,100
2019-06-28 09:59:20.000000000,100074,262,100000,362,100205,257,99999,357,100213,257,99994,257,100241,100,99980,100,100245,100,99974,100,100404,100,99923,100,100422,100,99921,100,100470,100,99918,100,100565,100,99892,100,100577,100,99850,100
2019-06-28 09:59:30.000000000,100074,195,100000,295,100205,195,99999,295,100213,195,99994,195,100241,195,99980,195,100245,195,99974,195,100404,100,99923,100,100422,100,99921,100,100470,100,99918,100,100565,100,99892,100,100577,100,99850,100
2019-06-28 09:59:33.601127784,100074,195,100000,295,100205,195,99999,295,100213,195,99994,95,100241,195,99980,195,100245,195,99974,195,100404,100,99923,100,100422,100,99921,100,100470,100,99918,100,100565,100,99892,100,100577,100,99850,100
2019-06-28 09:59:34.609713808,100074,195,100000,195,100205,195,99999,295,100213,195,99994,95,100241,195,99980,195,100245,195,99974,195,100404,100,99923,100,100422,100,99921,100,100470,100,99918,100,100565,100,99892,100,100577,100,99846,100
2019-06-28 09:59:39.668805328,100074,195,100000,95,100205,195,99999,295,100213,195,99994,95,100241,195,99980,195,100245,195,99974,195,100404,100,99923,100,100422,100,99921,100,100470,100,99918,100,100565,100,99892,100,100577,100,99846,100
2019-06-28 09:59:40.000000000,100074,195,99999,295,100205,195,99980,195,100213,195,99974,195,100241,195,99923,195,100245,195,99921,195,100404,100,99918,100,100422,100,99892,100,100470,100,99846,100,100565,100,99788,100,100577,100,99774,100
2019-06-28 09:59:44.490269377,100000,100,99999,295,100074,195,99980,195,100205,195,99974,195,100213,195,99923,195,100241,195,99921,195,100245,195,99918,100,100404,100,99892,100,100422,100,99846,100,100470,100,99788,100,100565,100,99774,100
2019-06-28 09:59:45.562623356,100074,195,99999,295,100205,195,99980,195,100213,195,99974,195,100241,195,99923,195,100245,195,99921,195,100404,100,99918,100,100422,100,99892,100,100470,100,99846,100,100565,100,99788,100,100577,100,99774,100
2019-06-28 09:59:50.000000000,100074,575,99999,675,100205,100,99980,100,100213,100,99974,100,100241,100,99923,100,100245,100,99921,100,100404,100,99918,100,100422,100,99892,100,100470,100,99846,100,100565,100,99788,100,100577,100,99774,100
2019-06-28 10:00:00.000000000,100074,262,99999,362,100205,257,99980,257,100213,257,99974,257,100241,100,99923,100,100245,100,99921,100,100404,100,99918,100,100422,100,99892,100,100470,100,99846,100,100565,100,99788,100,100577,100,99774,100
2019-06-28 10:00:10.000000000,100074,219,99999,319,100205,219,99980,219,100213,219,99974,219,100241,219,99923,219,100245,100,99921,100,100404,100,99918,100,100422,100,99892,100,100470,100,99846,100,100565,100,99788,100,100577,100,99774,100
2019-06-28 10:00:19.007738131,100074,19,99999,319,100205,219,99980,219,100213,219,99974,219,100241,219,99923,219,100245,100,99921,100,100404,100,99918,100,100422,100,99892,100,100470,100,99846,100,100565,100,99788,100,100577,100,99774,100
2019-06-28 10:00:20.000000000,100205,575,99999,675,100213,100,99980,100,100241,100,99974,100,100245,100,99923,100,100404,100,99921,100,100422,100,99918,100,100470,100,99892,100,100565,100,99846,100,100577,100,99788,100,100601,100,99774,100
2019-06-28 10:00:28.676948333,100205,475,99999,675,100213,100,99980,100,100241,100,99974,100,100245,100,99923,100,100404,100,99921,100,100422,100,99918,100,100470,100,99892,100,100565,100,99846,100,100601,100,99788,100,100650,100,99774,100
2019-06-28 10:00:30.000000000,100213,575,99999,675,100241,100,99980,100,100245,100,99974,100,100404,100,99923,100,100422,100,99921,100,100470,100,99918,100,100565,100,99892,100,100601,100,99846,100,100650,100,99788,100,100651,100,99774,100
2019-06-28 10:00:40.000000000,100213,575,99999,675,100241,100,99980,100,100245,100,99974,100,100404,100,99923,100,100422,100,99921,100,100470,100,99918,100,100565,100,99892,100,100601,100,99846,100,100650,100,99788,100,100651,100,99774,100
2019-06-28 10:00:42.790834840,100213,575,99999,675,100241,100,99980,100,100245,100,99974,100,100404,100,99923,100,100422,100,99921,100,100470,100,99918,100,100565,100,99892,100,100601,100,99846,100,100650,100,99788,100,100651,100,99774,100
2019-06-28 10:00:43.544321565,100213,575,99999,675,100241,100,99980,100,100245,100,99974,100,100404,100,99923,100,100422,100,99921,100,100470,100,99918,100,100507,100,99892,100,100565,100,99846,100,100601,100,99788,100,100650,100,99774,100
2019-06-28 10:00:44.870391602,100213,475,99999,675,100241,100,99980,100,100245,100,99974,100,100404,100,99921,100,100422,100,99918,100,100470,100,99892,100,100507,100,99846,100,100565,100,99788,100,100601,100,99774,100,100650,100,99737,100
2019-06-28 10:00:50.000000000,100241,195,99999,295,100245,195,99980,195,100404,195,99974,195,100422,195,99921,195,100470,195,99918,195,100507,100,99892,100,100565,100,99846,100,100601,100,99788,100,100650,100,99774,100,100651,100,99737,100
2019-06-28 10:01:00.000000000,100241,262,99999,362,100245,257,99980,257,100404,257,99974,257,100422,100,99921,100,100470,100,99918,100,100507,100,99892,100,100565,100,99846,100,100601,100,99788,100,100650,100,99774,100,100651,100,99737,100
2019-06-28 10:01:04.484743314,100241,262,99999,362,100245,257,99980,257,100404,257,99974,257,100422,100,99921,100,100470,100,99918,100,100507,100,99892,100,100565,100,99846,100,100601,100,99788,100,100620,100,99774,100,100650,100,99737,100
2019-06-28 10:01:05.283633873,100241,162,99999,362,100245,257,99980,257,100404,257,99974,257,100422,100,99921,100,100470,100,99918,100,100507,100,99892,100,100565,100,99846,100,100601,100,99788,100,100620,100,99774,100,100650,100,99737,100
2019-06-28 10:01:10.000000000,100245,338,99999,438,100404,338,99980,338,100422,100,99974,100,100470,100,99921,100,100507,100,99918,100,100565,100,99892,100,100601,100,99846,100,100620,100,99788,100,100650,100,99774,100,100651,100,99737,100
2019-06-28 10:01:13.469742174,100245,338,99999,438,100404,338,99980,338,100422,100,99974,100,100470,100,99921,100,100507,100,99918,100,100565,100,99892,100,100601,100,99846,100,100620,100,99788,100,100650,100,99774,100,100651,100,99737,100
2019-06-28 10:01:20.000000000,100245,262,99999,362,100404,257,99980,257,100422,257,99974,257,100470,100,99921,100,100507,100,99918,100,100565,100,99892,100,100601,100,99846,100,100620,100,99788,100,100650,100,99774,100,100651,100,99737,100
2019-06-28 10:01:28.884581293,100245,262,100213,100,100404,257,99999,362,100422,257,99980,257,100470,100,99974,257,100507,100,99921,100,100565,100,99918,100,100601,100,99892,100,100620,100,99846,100,100650,100,99788,100,100651,100,99774,100
2019-06-28 10:01:30.000000000,100245,219,100213,219,100404,219,99999,319,100422,219,99980,219,100470,219,99974,219,100507,100,99921,100,100565,100,99918,100,100601,100,99892,100,100620,100,99846,100,100650,100,99788,100,100651,100,99774,100
2019-06-28 10:01:40.000000000,100245,219,100213,219,100404,219,99999,319,100422,219,99980,219,100470,219,99974,219,100507,100,99921,100,100565,100,99918,100,100601,100,99892,100,100620,100,99846,100,100650,100,99788,100,100651,100,99774,100
2019-06-28 10:01:50.000000000,100245,195,100213,195,100404,195,99999,295,100422,195,99980,195,100470,195,99974,195,100507,195,99921,195,100565,100,99918,100,100601,100,99892,100,100620,100,99846,100,100650,100,99788,100,100651,100,99774,100
2019-06-28 10:01:53.490422340,100245,195,100213,195,100404,195,99999,295,100422,195,99980,195,100470,195,99974,195,100507,195,99921,195,100565,100,99918,100,100601,100,99892,100,100620,100,99846,100,100650,100,99774,100,100651,100,99737,100
2019-06-28 10:01:59.031520166,100245,195,100213,295,100404,195,99999,295,100422,195,99980,195,100470,195,99974,195,100507,195,99921,195,100565,100,99918,100,100601,100,99892,100,100620,100,99846,100,100650,100,99774,100,100651,100,99737,100
2019-06-28 10:02:00.000000000,100245,575,100213,675,100404,100,99999,200,100422,100,99980,100,100470,100,99974,100,100507,100,99921,100,100565,100,99918,100,100601,100,99892,100,100620,100,99846,100,100650,100,99774,100,100651,100,99737,100
2019-06-28 10:02:08.643074326,100245,575,100213,775,100404,100,99999,200,100422,100,99980,100,100470,100,99974,100,100507,100,99921,100,100565,100,99918,100,100601,100,99892,100,100620,100,99846,100,100650,100,99774,100,100651,100,99737,100
2019-06-28 10:02:09.964863764,100245,575,100213,775,100404,100,99999,200,100422,100,99980,100,100470,100,99974,100,100507,100,99921,100,100565,100,99918,100,100601,100,99892,100,100620,100,99846,100,100650,100,99774,100,100651,100,99737,100
2019-06-28 10:02:10.000000000,100245,338,100213,538,100404,338,99999,438,100422,100,99980,100,100470,100,99974,100,100507,100,99921,100,100565,100,99918,100,100601,100,99892,100,100620,100,99846,100,100650,100,99774,100,100651,100,99737,100
2019-06-28 10:02:11.820629895,100245,338,100213,538,100404,338,99999,438,100422,100,99980,100,100470,100,99974,100,100507,100,99921,100,100565,100,99918,100,100601,100,99892,100,100620,100,99846,100,100650,100,99774,100,100651,100,99737,100
2019-06-28 10:02:18.311509510,100245,338,100213,538,100404,238,99999,438,100422,100,99980,100,100470,100,99974,100,100507,100,99921,100,100565,100,99918,100,100601,100,99892,100,100620,100,99846,100,100650,100,99774,100,100651,100,99737,100
2019-06-28 10:02:19.902712805,100245,238,100213,538,100404,238,99999,438,100422,100,99980,100,100470,100,99974,100,100507,100,99921,100,100565,100,99918,100,100601,100,99892,100,100620,100,99846,100,100650,100,99774,100,100651,100,99737,100
2019-06-28 10:02:20.000000000,100422,195,100213,395,100470,195,99999,295,100507,195,99980,195,100565,195,99974,195,100601,195,99921,195,100620,100,99918,100,100650,100,99892,100,100651,100,99846,100,100707,100,99774,100,100708,100,99737,100
2019-06-28 10:02:21.452761209,100422,95,100213,395,100470,195,99999,295,100507,95,99980,195,100565,195,99974,195,100601,195,99921,195,100620,100,99918,100,100650,100,99892,100,100651,100,99846,100,100707,100,99774,100,100708,100,99737,100
2019-06-28 10:02:30.000000000,100470,195,100213,395,100565,195,99999,295,100601,195,99980,195,100620,195,99974,195,100650,195,99921,195,100651,100,99918,100,100707,100,99892,100,100708,100,99846,100,100735,100,99774,100,100759,100,99737,100
2019-06-28 10:02:34.739117827,100470,195,100213,395,100565,195,99999,295,100601,195,99980,195,100620,95,99974,195,100650,195,99921,195,100651,100,99918,100,100707,100,99892,100,100708,100,99846,100,100735,100,99774,100,100759,100,99737,100
2019-06-28 10:02:40.000000000,100470,575,100213,775,100565,100,99999,200,100601,100,99980,100,100650,100,99974,100,100651,100,99921,100,100707,100,99918,100,100708,100,99892,100,100735,100,99846,100,100759,100,99774,100,100784,100,99737,100
2019-06-28 10:02:50.000000000,100470,262,100213,462,100565,257,99999,357,100601,257,99980,257,100650,100,99974,100,100651,100,99921,100,100707,100,99918,100,100708,100,99892,100,100735,100,99846,100,100759,100,99774,100,100784,100,99737,100
2019-06-28 10:02:54.829978254,100470,262,100213,462,100565,257,99999,357,100601,257,99980,257,100633,100,99974,100,100650,100,99921,100,100651,100,99918,100,100707,100,99892,100,100708,100,99774,100,100735,100,99737,100,100759,100,99654,100
2019-06-28 10:03:00.000000000,100470,219,100213,419,100565,219,99999,319,100601,219,99980,219,100633,219,99974,219,100650,100,99921,100,100651,100,99918,100,100707,100,99892,100,100708,100,99774,100,100735,100,99737,100,100759,100,99654,100
2019-06-28 10:03:00.891057005,100470,219,100213,419,100565,219,99999,319,100601,219,99980,219,100633,219,99974,219,100650,100,99918,100,100651,100,99892,100,100707,100,99774,100,100708,100,99737,100,100735,100,99654,100,100759,100,99652,100
2019-06-28 10:03:10.000000000,100470,575,100213,775,100565,100,99999,200,100601,100,99980,100,100633,100,99974,100,100650,100,99918,100,100651,100,99892,100,100707,100,99774,100,100708,100,99737,100,100735,100,99654,100,100759,100,99652,100
2019-06-28 10:03:20.000000000,100470,262,100213,462,100565,257,99999,357,100601,257,99980,257,100633,100,99974,100,100650,100,99918,100,100651,100,99892,100,100707,100,99774,100,100708,100,99737,100,100735,100,99654,100,100759,100,99652,100
2019-06-28 10:03:26.802861549,100470,262,100213,462,100565,257,99999,357,100601,257,99980,257,100633,100,99974,100,100650,100,99918,100,100651,100,99892,100,100707,100,99774,100,100708,100,99737,100,100735,100,99654,100,100759,100,99652,100
2019-06-28 10:03:30.000000000,100470,262,100213,462,100565,257,99999,357,100601,257,99980,257,100633,100,99974,100,100650,100,99918,100,100651,100,99892,100,100707,100,99774,100,100708,100,99737,100,100735,100,99654,100,100759,100,99652,100
2019-06-28 10:03:36.693621772,100470,162,100213,462,100565,257,99999,357,100601,257,99980,257,100633,100,99974,100,100650,100,99918,100,100651,100,99892,100,100707,100,99737,100,100708,100,99654,100,100735,100,99652,100,100759,100,99358,100
2019-06-28 10:03:40.000000000,100565,195,100213,395,100601,195,99999,295,100633,195,99980,195,100650,195,99974,195,100651,195,99918,195,100707,100,99892,100,100708,100,99737,100,100735,100,99654,100,100759,100,99652,100,100784,100,99358,100
2019-06-28 10:03:45.949479606,100565,95,100213,395,100601,195,99999,295,100633,195,99980,195,100650,195,99974,195,100651,195,99918,195,100707,100,99892,100,100708,100,99737,100,100735,100,99654,100,100759,100,99652,100,100784,100,99358,100
2019-06-28 10:03:50.000000000,100601,262,100213,462,100633,257,99999,357,100650,257,99980,257,100651,100,99974,100,100707,100,99918,100,100708,100,99892,100,100735,100,99737,100,100759,100,99654,100,100784,100,99652,100,100790,100,99358,100
2019-06-28 10:03:53.358531108,100601,262,100213,462,100633,257,99999,357,100650,257,99980,257,100651,100,99974,100,100670,100,99918,100,100707,100,99892,100,100708,100,99737,100,100759,100,99654,100,100784,100,99652,100,100790,100,99358,100
2019-06-28 10:04:00.000000000,100601,195,100213,395,100633,195,99999,295,100650,195,99980,195,100651,195,99974,195,100670,195,99918,195,100707,100,99892,100,100708,100,99737,100,100759,100,99654,100,100784,100,99652,100,100790,100,99358,100
2019-06-28 10:04:07.196986238,100601,95,100213,395,100633,195,99999,295,100650,195,99980,195,100651,195,99974,195,100670,195,99918,195,100708,100,99892,100,100759,100,99737,100,100784,100,99654,100,100790,100,99652,100,100808,100,99358,100
2019-06-28 10:04:10.000000000,100633,262,100213,462,100650,257,99999,357,100651,257,99980,257,100670,100,99974,100,100708,100,99918,100,100759,100,99892,100,100784,100,99737,100,100790,100,99654,100,100808,100,99652,100,100818,100,99358,100
2019-06-28 10:04:20.000000000,100633,575,100213,775,100650,100,99999,200,100651,100,99980,100,100670,100,99974,100,100708,100,99918,100,100759,100,99892,100,100784,100,99737,100,100790,100,99654,100,100808,100,99652,100,100818,100,99358,100
2019-06-28 10:04:30.000000000,100633,219,100213,419,100650,219,99999,319,100651,219,99980,219,100670,219,99974,219,100708,100,99918,100,100759,100,99892,100,100784,100,99737,100,100790,100,99654,100,100808,100,99652,100,100818,100,99358,100
2019-06-28 10:04:40.000000000,100633,575,100213,775,100650,100,99999,200,100651,100,99980,100,100670,100,99974,100,100708,100,99918,100,100759,100,99892,100,100784,100,99737,100,100790,100,99654,100,100808,100,99652,100,100818,100,99358,100
2019-06-28 10:04:43.464749521,100633,575,100213,775,100650,100,99999,200,100651,100,99980,100,100670,100,99974,100,100708,100,99918,100,100759,100,99892,100,100784,100,99737,100,100790,100,99654,100,100808,100,99652,100,100818,100,99358,100
2019-06-28 10:04:50.000000000,100633,195,100213,395,100650,195,99999,295,100651,195,99980,195,100670,195,99974,195,100708,195,99918,195,100759,100,99892,100,100784,100,99737,100,100790,100,99654,100,100808,100,99652,100,100818,100,99358,100
2019-06-28 10:04:54.940259020,100633,195,100213,395,100650,195,99999,295,100651,195,99980,195,100670,195,99974,195,100708,195,99918,195,100759,100,99892,100,100784,100,99737,100,100790,100,99654,100,100799,100,99652,100,100808,100,99358,100
2019-06-28 10:04:56.193540295,100633,195,100565,100,100650,195,100213,395,100651,195,99999,295,100670,195,99980,195,100708,195,99974,195,100759,100,99918,195,100784,100,99892,100,100790,100,99737,100,100799,100,99654,100,100808,100,99652,100
2019-06-28 10:05:00.000000000,100633,195,100565,195,100650,195,100213,395,100651,195,99999,295,100670,195,99980,195,100708,195,99974,195,100759,100,99918,100,100784,100,99892,100,100790,100,99737,100,100799,100,99654,100,100808,100,99652,100
2019-06-28 10:05:02.819299404,100633,195,100565,195,100650,195,100213,295,100651,195,99999,295,100670,195,99980,195,100708,195,99974,195,100759,100,99918,100,100784,100,99892,100,100790,100,99737,100,100799,100,99654,100,100808,100,99652,100
2019-06-28 10:05:10.000000000,100633,195,100565,195,100650,195,100213,295,100651,195,99999,295,100670,195,99980,195,100708,195,99974,195,100759,100,99918,100,100784,100,99892,100,100790,100,99737,100,100799,100,99654,100,100808,100,99652,100
2019-06-28 10:05:14.134422796,100633,195,100565,95,100650,195,100213,295,100651,195,99999,295,100670,195,99980,195,100708,195,99974,195,100759,100,99918,100,100784,100,99892,100,100790,100,99737,100,100799,100,99654,100,100808,100,99358,100
2019-06-28 10:05:18.400177515,100565,5,100213,295,100633,195,99999,295,100650,195,99980,195,100651,195,99974,195,100670,195,99918,100,100708,195,99892,100,100759,100,99737,100,100784,100,99654,100,100790,100,99358,100,100799,100,,
2019-06-28 10:05:20.000000000,100565,167,100213,362,100633,257,99999,357,100650,257,99980,257,100651,100,99974,100,100670,100,99918,100,100708,100,99892,100,100759,100,99737,100,100784,100,99654,100,100790,100,99358,100,100799,100,,
2019-06-28 10:05:20.341143725,100371,100,100213,362,100565,167,99999,357,100633,257,99980,257,100650,257,99974,100,100651,100,99918,100,100670,100,99892,100,100708,100,99737,100,100759,100,99654,100,100784,100,99358,100,100790,100,,
2019-06-28 10:05:28.087825775,100565,167,100213,362,100633,257,99999,357,100650,257,99980,257,100651,100,99974,100,100670,100,99892,100,100708,100,99737,100,100759,100,99654,100,100784,100,99358,100,100790,100,,,100799,100,,
2019-06-28 10:05:30.000000000,100565,124,100213,319,100633,219,99999,319,100650,219,99980,219,100651,219,99974,219,100670,100,99892,100,100708,100,99737,100,100759,100,99654,100,100784,100,99358,100,100790,100,,,100799,100,,
2019-06-28 10:05:39.816585980,100565,124,100360,100,100633,219,100213,319,100650,219,99999,319,100651,219,99980,219,100670,100,99974,219,100708,100,99892,100,100759,100,99737,100,100784,100,99654,100,100790,100,99358,100,100799,100,,
