,ask_price_1,ask_size_1,bid_price_1,bid_size_1,ask_price_2,ask_size_2,bid_price_2,bid_size_2,ask_price_3,ask_size_3,bid_price_3,bid_size_3,ask_price_4,ask_size_4,bid_price_4,bid_size_4,ask_price_5,ask_size_5,bid_price_5,bid_size_5,ask_price_6,ask_size_6,bid_price_6,bid_size_6,ask_price_7,ask_size_7,bid_price_7,bid_size_7,ask_price_8,ask_size_8,bid_price_8,bid_size_8,ask_price_9,ask_size_9,bid_price_9,bid_size_9,ask_price_10,ask_size_10,bid_price_10,bid_size_10
2019-06-28 09:30:00.000000002,,,100012,100,,,,,,,,,,,,,,,,,,,,,,,,,,,,,,,,,,,,
2019-06-28 09:30:00.000000003,,,,,,,,,,,,,,,,,,,,,,,,,,,,,,,,,,,,,,,,
2019-06-28 09:30:00.000000005,100045,100,,,,,,,,,,,,,,,,,,,,,,,,,,,,,,,,,,,,,,
2019-06-28 09:30:00.000000007,100045,100,100011,100,,,,,,,,,,,,,,,,,,,,,,,,,,,,,,,,,,,,
2019-06-28 09:30:00.000000008,100045,100,100011,100,100073,100,99922,100,,,,,,,,,,,,,,,,,,,,,,,,,,,,,,,,
2019-06-28 09:30:00.000000009,100045,100,100011,100,100073,100,99951,100,,,99922,100,,,,,,,,,,,,,,,,,,,,,,,,,,,,
2019-06-28 09:30:00.000000010,100045,100,100011,100,100073,100,100009,100,100129,100,99951,100,,,99922,100,,,,,,,,,,,,,,,,,,,,,,,,
2019-06-28 09:30:00.000000012,100045,100,100011,100,100073,100,100009,100,100129,100,99996,100,,,99951,100,,,99922,100,,,,,,,,,,,,,,,,,,,,
2019-06-28 09:30:00.000000013,100045,100,100011,100,100073,100,100009,100,100091,100,99996,100,100129,100,99951,100,,,99922,100,,,99882,100,,,99785,100,,,,,,,,,,,,
2019-06-28 09:30:00.000000014,100045,100,100011,100,100073,100,100009,100,100091,100,99996,100,100129,100,99958,100,,,99951,100,,,99922,100,,,99882,100,,,99785,100,,,,,,,,
2019-06-28 09:30:00.000000015,100045,100,100009,100,100073,100,99996,100,100091,100,99958,100,100129,100,99951,100,,,99922,100,,,99882,100,,,99785,100,,,,,,,,,,,,
2019-06-28 09:30:00.000000016,100045,100,100011,100,100073,100,100009,100,100091,100,99996,100,100129,100,99958,100,,,99951,100,,,99922,100,,,99882,100,,,99785,100,,,,,,,,
2019-06-28 09:30:00.000000019,100045,100,100011,100,100073,100,100009,100,100091,100,99996,100,100109,100,99958,100,100129,100,99951,100,,,99922,100,,,99882,100,,,99785,100,,,,,,,,
2019-06-28 09:30:00.000000022,100045,100,100011,100,100073,100,100009,100,100091,100,99997,100,100109,100,99996,100,100129,100,99958,100,,,99953,100,,,99951,100,,,99922,100,,,99882,100,,,99785,100
2019-06-28 09:30:00.000000026,100045,100,100011,200,100073,100,100009,100,100091,100,99997,100,100109,100,99996,100,100129,100,99958,100,,,99953,100,,,99951,100,,,99922,100,,,99882,100,,,99785,100
2019-06-28 09:30:00.000000027,100045,100,100011,200,100073,100,100009,100,100091,100,99997,100,100109,100,99996,100,100129,100,99958,100,,,99953,100,,,99951,100,,,99922,100,,,99905,100,,,99896,100
2019-06-28 09:30:00.000000029,100045,100,100011,200,100073,100,100009,100,100091,100,99997,100,100109,100,99996,100,100129,100,99958,100,100137,100,99953,100,,,99951,100,,,99922,100,,,99905,100,,,99896,100
2019-06-28 09:30:00.000000030,100045,100,100011,200,100068,100,100009,100,100073,100,99997,100,100091,100,99996,100,100109,100,99958,100,100129,100,99953,100,100137,100,99951,100,,,99922,100,,,99905,100,,,99896,100
2019-06-28 09:30:00.000000033,100012,100,100011,200,100045,100,100009,100,100068,100,99997,100,100073,100,99996,100,100091,100,99958,100,100109,100,99953,100,100129,100,99951,100,100137,100,99941,100,,,99922,100,,,99905,100
2019-06-28 09:30:00.000000034,100012,100,100009,100,100045,100,99997,100,100068,100,99996,100,100073,100,99958,100,100091,100,99953,100,100109,100,99951,100,100129,100,99947,100,100137,100,99941,100,,,99922,100,,,99905,100
2019-06-28 09:30:00.000000037,100012,100,100011,100,100045,100,100009,100,100050,100,99997,100,100068,100,99996,100,100073,100,99958,100,100091,100,99953,100,100109,100,99951,100,100129,100,99947,100,100137,100,99941,100,,,99922,100
2019-06-28 09:30:00.000000038,100012,100,100011,100,100045,100,100009,100,100050,100,99997,100,100068,100,99996,100,100073,100,99958,100,100090,100,99953,100,100091,100,99951,100,100109,100,99947,100,100129,100,99941,100,100137,100,99922,100
2019-06-28 09:30:00.000000041,100012,100,100011,100,100045,100,100009,100,100050,100,99997,100,100068,100,99996,100,100073,100,99972,100,100090,100,99958,100,100091,100,99953,100,100109,100,99951,100,100129,100,99947,100,100137,100,99941,100
2019-06-28 09:30:00.000000043,100012,100,100011,100,100045,100,100009,100,100050,100,99997,100,100068,100,99996,100,100073,100,99972,100,100090,100,99958,100,100091,100,99953,100,100106,100,99951,100,100109,100,99947,100,100129,100,99941,100
2019-06-28 09:30:00.000000047,100012,100,100009,100,100045,100,99997,100,100050,100,99996,100,100068,100,99972,100,100073,100,99958,100,100090,100,99953,100,100091,100,99951,100,100106,100,99947,100,100109,100,99941,100,100129,100,99922,100
2019-06-28 09:30:00.000000048,100012,100,100009,100,100045,100,99997,100,100050,100,99996,100,100068,100,99972,100,100073,100,99958,100,100090,100,99953,100,100091,100,99951,100,100106,100,99947,100,100109,100,99942,100,100129,100,99941,100
2019-06-28 09:30:00.000000049,100012,100,100009,100,100045,100,99997,100,100050,100,99996,100,100068,100,99972,100,100073,100,99958,100,100090,100,99953,100,100091,100,99951,100,100098,100,99947,100,100106,100,99942,100,100109,100,99941,100
2019-06-28 09:30:00.000000053,100045,100,100009,100,100050,100,99997,100,100068,100,99996,100,100073,100,99972,100,100090,100,99958,100,100091,100,99953,100,100098,100,99951,100,100106,100,99947,100,100109,100,99942,100,100129,100,99941,100
2019-06-28 09:30:00.000000054,100045,100,100009,100,100050,100,99997,100,100068,100,99996,100,100073,100,99972,100,100090,100,99958,100,100091,100,99953,100,100098,100,99951,100,100106,100,99947,100,100109,100,99942,100,100128,100,99941,100
2019-06-28 09:30:00.000000055,100045,100,100009,100,100050,100,99997,100,100068,100,99996,100,100073,100,99972,100,100090,100,99958,100,100091,100,99953,100,100098,100,99951,100,100106,100,99947,100,100109,100,99942,100,100119,100,99941,100
2019-06-28 09:30:00.000000058,100045,100,100009,100,100050,100,99999,100,100068,100,99997,100,100073,100,99996,100,100090,100,99972,100,100091,100,99958,100,100098,100,99953,100,100106,100,99951,100,100109,100,99947,100,100119,100,99942,100
2019-06-28 09:30:00.000000062,100045,100,99999,100,100050,100,99997,100,100068,100,99996,100,100073,100,99972,100,100090,100,99958,100,100091,100,99953,100,100098,100,99951,100,100106,100,99947,100,100109,100,99942,100,100119,100,99941,100
2019-06-28 09:30:00.000000065,100045,100,99999,100,100050,100,99997,100,100068,100,99996,100,100073,100,99972,100,100090,100,99961,100,100091,100,99958,100,100098,100,99953,100,100106,100,99951,100,100109,100,99947,100,100119,100,99942,100
2019-06-28 09:30:00.000000066,100009,100,99999,100,100045,100,99997,100,100050,100,99996,100,100068,100,99972,100,100073,100,99961,100,100090,100,99958,100,100091,100,99953,100,100098,100,99951,100,100106,100,99947,100,100109,100,99942,100
2019-06-28 09:30:00.000000068,100009,100,99999,100,100045,100,99997,100,100050,100,99996,100,100068,100,99972,100,100073,100,99961,100,100081,100,99958,100,100090,100,99953,100,100091,100,99951,100,100098,100,99947,100,100106,100,99942,100
2019-06-28 09:30:00.000000075,100009,100,99999,100,100045,100,99997,100,100050,100,99996,100,100068,100,99972,100,100073,100,99961,100,100081,100,99958,100,100090,100,99953,100,100091,100,99951,100,100098,100,99947,100,100102,100,99942,100
2019-06-28 09:30:00.000000082,100009,100,99999,100,100045,100,99997,100,100050,100,99996,100,100052,100,99972,100,100068,100,99961,100,100073,100,99958,100,100081,100,99953,100,100090,100,99951,100,100091,100,99947,100,100098,100,99942,100
2019-06-28 09:30:00.000000088,100009,100,99999,100,100045,100,99997,100,100050,100,99996,100,100052,100,99972,100,100060,100,99961,100,100068,100,99958,100,100073,100,99953,100,100081,100,99951,100,100090,100,99947,100,100091,100,99942,100
2019-06-28 09:30:00.000000090,100009,100,99999,100,100045,100,99997,100,100050,100,99996,100,100052,100,99972,100,100060,100,99961,100,100068,100,99958,100,100073,100,99953,100,100081,100,99951,100,100090,100,99947,100,100091,100,99942,100
2019-06-28 09:30:00.000000091,100009,100,99997,100,100045,100,99996,100,100050,100,99972,100,100052,100,99961,100,100060,100,99958,100,100068,100,99953,100,100073,100,99951,100,100081,100,99947,100,100090,100,99942,100,100091,100,99941,100
2019-06-28 09:30:00.000000094,100009,100,99999,100,100045,100,99997,100,100050,100,99996,100,100052,100,99989,100,100060,100,99972,100,100068,100,99961,100,100073,100,99958,100,100081,100,99953,100,100090,100,99951,100,100091,100,99947,100
2019-06-28 09:30:00.000000095,100009,100,99999,100,100045,100,99997,100,100050,100,99996,100,100052,100,99989,100,100060,100,99972,100,100068,100,99961,100,100073,100,99958,100,100081,100,99953,100,100090,100,99951,100,100091,100,99947,100
2019-06-28 09:30:00.000000098,100009,100,99999,100,100045,100,99997,100,100050,100,99996,100,100051,100,99989,100,100052,100,99972,100,100060,100,99961,100,100068,100,99958,100,100073,100,99953,100,100081,100,99951,100,100090,100,99947,100
2019-06-28 09:30:00.000000099,100009,100,99999,100,100045,100,99997,100,100050,100,99996,100,100051,100,99989,100,100052,100,99972,100,100059,100,99961,100,100060,100,99958,100,100068,100,99953,200,100073,100,99952,100,100081,100,99951,100
2019-06-28 09:30:10.000000000,100009,188,99999,188,100045,188,99997,188,100050,188,99996,188,100051,188,99989,188,100052,188,99972,188,100059,100,99961,100,100060,100,99958,100,100068,100,99953,200,100073,100,99952,100,100081,100,99951,100
2019-06-28 09:30:10.067770895,100009,188,99999,188,100045,188,99997,188,100050,188,99996,188,100051,188,99989,188,100052,188,99972,188,100059,100,99961,100,100060,100,99958,100,100068,100,99953,200,100073,100,99952,100,100081,100,99951,100
2019-06-28 09:30:10.311635909,100009,188,99999,188,100045,188,99997,188,100050,188,99996,188,100051,188,99989,188,100052,188,99972,188,100059,100,99961,100,100060,100,99958,100,100068,100,99953,200,100073,100,99952,100,100081,100,99951,100
2019-06-28 09:30:20.000000000,100009,188,99999,188,100045,188,99997,188,100050,188,99996,188,100051,188,99989,188,100052,188,99972,188,100059,100,99961,100,100060,100,99958,100,100068,100,99953,200,100073,100,99952,100,100081,100,99951,100
2019-06-28 09:30:30.000000000,100009,319,99999,319,100045,319,99997,319,100050,100,99996,100,100051,100,99989,100,100052,100,99972,100,100059,100,99961,100,100060,100,99958,100,100068,100,99953,200,100073,100,99952,100,100081,100,99951,100
2019-06-28 09:30:32.763352373,100009,219,99999,319,100045,319,99997,319,100050,100,99996,100,100051,100,99989,100,100052,100,99972,100,100059,100,99961,100,100060,100,99958,100,100068,100,99953,200,100073,100,99952,100,100081,100,99951,100
2019-06-28 09:30:40.000000000,100045,249,99999,249,100050,245,99997,245,100051,245,99996,245,100052,100,99989,100,100059,100,99972,100,100060,100,99961,100,100068,100,99958,100,100073,100,99953,200,100081,100,99952,100,100090,100,99951,100
2019-06-28 09:30:40.410526606,100045,249,100000,100,100050,245,99999,249,100051,245,99997,245,100052,100,99996,245,100059,100,99989,100,100060,100,99972,100,100068,100,99961,100,100073,100,99958,100,100081,100,99953,200,100090,100,99952,100
2019-06-28 09:30:47.279419794,100045,149,100000,100,100050,245,99999,249,100051,245,99997,245,100052,100,99996,245,100059,100,99989,100,100060,100,99972,100,100073,100,99961,100,100081,100,99958,100,100090,100,99953,200,100091,100,99952,100
2019-06-28 09:30:47.693895126,100045,49,100000,100,100050,245,99999,249,100051,245,99997,245,100052,100,99996,245,100059,100,99989,100,100060,100,99972,100,100073,100,99961,100,100090,100,99958,100,100091,100,99953,200,100098,100,99952,100
2019-06-28 09:30:50.000000000,100050,249,100000,249,100051,245,99999,245,100052,245,99997,245,100059,100,99996,100,100060,100,99989,100,100073,100,99972,100,100090,100,99961,100,100091,100,99958,100,100098,100,99953,200,100102,100,99952,100
2019-06-28 09:30:53.590067637,100050,249,100000,249,100051,245,99999,245,100052,245,99997,245,100059,100,99996,100,100060,100,99989,100,100090,100,99972,100,100091,100,99961,100,100098,100,99958,100,100102,100,99953,200,100106,200,99952,100
2019-06-28 09:31:00.000000000,100050,319,100000,319,100051,319,99999,319,100052,100,99997,100,100059,100,99996,100,100060,100,99989,100,100090,100,99972,100,100091,100,99961,100,100098,100,99958,100,100102,100,99953,200,100106,200,99952,100
2019-06-28 09:31:10.000000000,100050,210,100000,210,100051,210,99999,210,100052,210,99997,210,100059,210,99996,210,100060,100,99989,100,100090,100,99972,100,100091,100,99961,100,100098,100,99958,100,100102,100,99953,200,100106,200,99952,100
2019-06-28 09:31:12.493280049,100050,210,100000,210,100051,210,99999,210,100052,210,99997,210,100059,210,99996,210,100060,100,99989,100,100090,100,99972,100,100091,100,99961,100,100098,100,99958,100,100102,100,99953,200,100106,200,99952,100
2019-06-28 09:31:20.000000000,100050,319,100000,319,100051,319,99999,319,100052,100,99997,100,100059,100,99996,100,100060,100,99989,100,100090,100,99972,100,100091,100,99961,100,100098,100,99958,100,100102,100,99953,200,100106,200,99952,100
2019-06-28 09:31:30.000000000,100050,188,100000,188,100051,188,99999,188,100052,188,99997,188,100059,188,99996,188,100060,188,99989,188,100090,100,99972,100,100091,100,99961,100,100098,100,99958,100,100102,100,99953,200,100106,200,99952,100
2019-06-28 09:31:30.946044506,100045,100,100000,188,100050,188,99999,188,100051,188,99997,188,100052,188,99996,188,100059,188,99989,188,100060,188,99972,100,100090,100,99961,100,100091,100,99958,100,100098,100,99953,200,100102,100,99952,100
2019-06-28 09:31:40.000000000,100045,538,100000,538,100050,100,99999,100,100051,100,99997,100,100052,100,99996,100,100059,100,99989,100,100060,100,99972,100,100090,100,99961,100,100091,100,99958,100,100098,100,99953,200,100102,100,99952,100
2019-06-28 09:31:50.000000000,100045,249,100000,249,100050,245,99999,245,100051,245,99997,245,100052,100,99996,100,100059,100,99989,100,100060,100,99972,100,100090,100,99961,100,100091,100,99958,100,100098,100,99953,200,100102,100,99952,100
2019-06-28 09:31:50.982298069,100045,249,100000,249,100050,245,99999,245,100051,245,99997,245,100052,100,99996,100,100059,100,99989,100,100060,100,99972,100,100090,100,99961,100,100091,100,99958,100,100098,100,99953,200,100102,100,99952,100
2019-06-28 09:32:00.000000000,100045,210,100000,210,100050,210,99999,210,100051,210,99997,210,100052,210,99996,210,100059,100,99989,100,100060,100,99972,100,100090,100,99961,100,100091,100,99958,100,100098,100,99953,200,100102,100,99952,100
2019-06-28 09:32:09.184542613,100045,210,100000,210,100050,210,99999,210,100051,210,99997,210,100052,210,99996,210,100059,100,99989,100,100060,100,99972,100,100090,100,99961,100,100091,100,99958,100,100098,100,99953,200,100102,100,99952,100
2019-06-28 09:32:10.000000000,100045,538,100000,538,100050,100,99999,100,100051,100,99997,100,100052,100,99996,100,100059,100,99989,100,100060,100,99972,100,100090,100,99961,100,100091,100,99958,100,100098,100,99953,200,100102,100,99952,100
2019-06-28 09:32:19.032318705,100045,538,100000,538,100050,100,99999,100,100051,100,99997,100,100052,100,99996,100,100059,100,99989,100,100060,100,99972,100,100090,100,99961,100,100091,100,99958,100,100098,100,99953,200,100102,100,99952,100
2019-06-28 09:32:20.000000000,100045,210,100000,210,100050,210,99999,210,100051,210,99997,210,100052,210,99996,210,100059,100,99989,100,100060,100,99972,100,100090,100,99961,100,100091,100,99958,100,100098,100,99953,200,100102,100,99952,100
2019-06-28 09:32:30.000000000,100045,249,100000,249,100050,245,99999,245,100051,245,99997,245,100052,100,99996,100,100059,100,99989,100,100060,100,99972,100,100090,100,99961,100,100091,100,99958,100,100098,100,99953,200,100102,100,99952,100
2019-06-28 09:32:40.000000000,100045,538,100000,538,100050,100,99999,100,100051,100,99997,100,100052,100,99996,100,100059,100,99989,100,100060,100,99972,100,100090,100,99961,100,100091,100,99958,100,100098,100,99953,200,100102,100,99952,100
2019-06-28 09:32:50.000000000,100045,210,100000,210,100050,210,99999,210,100051,210,99997,210,100052,210,99996,210,100059,100,99989,100,100060,100,99972,100,100090,100,99961,100,100091,100,99958,100,100098,100,99953,200,100102,100,99952,100
2019-06-28 09:32:53.529627506,100045,210,100000,110,100050,210,99999,210,100051,210,99997,210,100052,210,99996,210,100059,100,99989,100,100060,100,99972,100,100090,100,99961,100,100091,100,99958,100,100098,100,99953,200,100102,100,99952,100
2019-06-28 09:33:00.000000000,100045,538,99999,538,100050,100,99997,100,100051,100,99996,100,100052,100,99989,100,100059,100,99972,100,100060,100,99961,100,100090,100,99958,100,100091,100,99953,200,100098,100,99952,100,100102,100,99951,100
2019-06-28 09:33:10.000000000,100045,210,99999,210,100050,210,99997,210,100051,210,99996,210,100052,210,99989,210,100059,100,99972,100,100060,100,99961,100,100090,100,99958,100,100091,100,99953,200,100098,100,99952,100,100102,100,99951,100
2019-06-28 09:33:17.557884850,100044,100,99999,210,100045,210,99997,210,100050,210,99996,210,100051,210,99989,210,100052,210,99972,100,100059,100,99961,100,100060,100,99958,100,100090,100,99953,200,100091,100,99952,100,100098,100,99951,100
2019-06-28 09:33:20.000000000,100044,188,99999,188,100045,188,99997,188,100050,188,99996,188,100051,188,99989,188,100052,188,99972,188,100059,100,99961,100,100060,100,99958,100,100090,100,99953,200,100091,100,99952,100,100098,100,99951,100
2019-06-28 09:33:30.000000000,100044,319,99999,319,100045,319,99997,319,100050,100,99996,100,100051,100,99989,100,100052,100,99972,100,100059,100,99961,100,100060,100,99958,100,100090,100,99953,200,100091,100,99952,100,100098,100,99951,100
2019-06-28 09:33:40.000000000,100044,188,99999,188,100045,188,99997,188,100050,188,99996,188,100051,188,99989,188,100052,188,99972,188,100059,100,99961,100,100060,100,99958,100,100090,100,99953,200,100091,100,99952,100,100098,100,99951,100
2019-06-28 09:33:50.000000000,100044,188,99999,188,100045,188,99997,188,100050,188,99996,188,100051,188,99989,188,100052,188,99972,188,100059,100,99961,100,100060,100,99958,100,100090,100,99953,200,100091,100,99952,100,100098,100,99951,100
2019-06-28 09:34:00.000000000,100044,188,99999,188,100045,188,99997,188,100050,188,99996,188,100051,188,99989,188,100052,188,99972,188,100059,100,99961,100,100060,100,99958,100,100090,100,99953,200,100091,100,99952,100,100098,100,99951,100
2019-06-28 09:34:02.982003193,100044,288,99999,188,100045,188,99997,188,100050,188,99996,188,100051,188,99989,188,100052,188,99972,188,100059,100,99961,100,100060,100,99958,100,100090,100,99953,200,100091,100,99952,100,100098,100,99951,100
2019-06-28 09:34:10.000000000,100044,638,99999,538,100045,100,99997,100,100050,100,99996,100,100051,100,99989,100,100052,100,99972,100,100059,100,99961,100,100060,100,99958,100,100090,100,99953,200,100091,100,99952,100,100098,100,99951,100
2019-06-28 09:34:20.000000000,100044,288,99999,188,100045,188,99997,188,100050,188,99996,188,100051,188,99989,188,100052,188,99972,188,100059,100,99961,100,100060,100,99958,100,100090,100,99953,200,100091,100,99952,100,100098,100,99951,100
2019-06-28 09:34:24.354834762,100044,388,99999,188,100045,188,99997,188,100050,188,99996,188,100051,188,99989,188,100052,188,99972,188,100059,100,99961,100,100060,100,99958,100,100090,100,99953,200,100091,100,99952,100,100098,100,99951,100
2019-06-28 09:34:30.000000000,100044,519,99999,319,100045,319,99997,319,100050,100,99996,100,100051,100,99989,100,100052,100,99972,100,100059,100,99961,100,100060,100,99958,100,100090,100,99953,200,100091,100,99952,100,100098,100,99951,100
2019-06-28 09:34:40.000000000,100044,388,99999,188,100045,188,99997,188,100050,188,99996,188,100051,188,99989,188,100052,188,99972,188,100059,100,99961,100,100060,100,99958,100,100090,100,99953,200,100091,100,99952,100,100098,100,99951,100
2019-06-28 09:34:42.934219637,100044,388,99999,188,100045,188,99997,188,100050,188,99996,188,100051,188,99989,188,100052,188,99972,188,100059,100,99961,100,100060,100,99958,100,100090,100,99953,200,100091,100,99952,100,100098,100,99951,100
2019-06-28 09:34:49.485935112,100044,388,100000,100,100045,188,99999,188,100050,188,99997,188,100051,188,99996,188,100052,188,99989,188,100059,100,99972,188,100060,100,99961,100,100090,100,99958,100,100091,100,99953,200,100098,100,99952,100
2019-06-28 09:34:49.657918282,100044,388,99999,188,100045,188,99997,188,100050,188,99996,188,100051,188,99989,188,100052,188,99972,188,100059,100,99961,100,100060,100,99958,100,100090,100,99953,200,100091,100,99952,100,100098,100,99951,100
2019-06-28 09:34:50.000000000,100044,738,99999,538,100045,100,99997,100,100050,100,99996,100,100051,100,99989,100,100052,100,99972,100,100059,100,99961,100,100060,100,99958,100,100090,100,99953,200,100091,100,99952,100,100098,100,99951,100
2019-06-28 09:35:00.000000000,100044,410,99999,210,100045,210,99997,210,100050,210,99996,210,100051,210,99989,210,100052,100,99972,100,100059,100,99961,100,100060,100,99958,100,100090,100,99953,200,100091,100,99952,100,100098,100,99951,100
2019-06-28 09:35:10.000000000,100044,410,99999,210,100045,210,99997,210,100050,210,99996,210,100051,210,99989,210,100052,100,99972,100,100059,100,99961,100,100060,100,99958,100,100090,100,99953,200,100091,100,99952,100,100098,100,99951,100
2019-06-28 09:35:20.000000000,100044,738,99999,538,100045,100,99997,100,100050,100,99996,100,100051,100,99989,100,100052,100,99972,100,100059,100,99961,100,100060,100,99958,100,100090,100,99953,200,100091,100,99952,100,100098,100,99951,100
2019-06-28 09:35:30.000000000,100044,449,99999,249,100045,245,99997,245,100050,245,99996,245,100051,100,99989,100,100052,100,99972,100,100059,100,99961,100,100060,100,99958,100,100090,100,99953,200,100091,100,99952,100,100098,100,99951,100
2019-06-28 09:35:40.000000000,100044,449,99999,249,100045,245,99997,245,100050,245,99996,245,100051,100,99989,100,100052,100,99972,100,100059,100,99961,100,100060,100,99958,100,100090,100,99953,200,100091,100,99952,100,100098,100,99951,100
2019-06-28 09:35:50.000000000,100044,388,99999,188,100045,188,99997,188,100050,188,99996,188,100051,188,99989,188,100052,188,99972,188,100059,100,99961,100,100060,100,99958,100,100090,100,99953,200,100091,100,99952,100,100098,100,99951,100
2019-06-28 09:36:00.000000000,100044,410,99999,210,100045,210,99997,210,100050,210,99996,210,100051,210,99989,210,100052,100,99972,100,100059,100,99961,100,100060,100,99958,100,100090,100,99953,200,100091,100,99952,100,100098,100,99951,100
2019-06-28 09:36:10.000000000,100044,449,99999,249,100045,245,99997,245,100050,245,99996,245,100051,100,99989,100,100052,100,99972,100,100059,100,99961,100,100060,100,99958,100,100090,100,99953,200,100091,100,99952,100,100098,100,99951,100
2019-06-28 09:36:20.000000000,100044,410,99999,210,100045,210,99997,210,100050,210,99996,210,100051,210,99989,210,100052,100,99972,100,100059,100,99961,100,100060,100,99958,100,100090,100,99953,200,100091,100,99952,100,100098,100,99951,100
2019-06-28 09:36:28.966908209,100044,410,99999,110,100045,210,99997,210,100050,210,99996,210,100051,210,99989,210,100052,100,99972,100,100059,100,99961,100,100060,100,99958,100,100090,100,99953,200,100091,100,99952,100,100098,100,99947,100
2019-06-28 09:36:30.000000000,100044,449,99997,249,100045,245,99996,245,100050,245,99989,245,100051,100,99972,100,100052,100,99961,100,100059,100,99958,100,100060,100,99953,200,100090,100,99952,100,100091,100,99947,100,100098,100,99942,100
2019-06-28 09:36:40.000000000,100044,410,99997,210,100045,210,99996,210,100050,210,99989,210,100051,210,99972,210,100052,100,99961,100,100059,100,99958,100,100060,100,99953,200,100090,100,99952,100,100091,100,99947,100,100098,100,99942,100
2019-06-28 09:36:50.000000000,100044,519,99997,319,100045,319,99996,319,100050,100,99989,100,100051,100,99972,100,100052,100,99961,100,100059,100,99958,100,100060,100,99953,200,100090,100,99952,100,100091,100,99947,100,100098,100,99942,100
2019-06-28 09:36:58.505682094,100044,519,99997,319,100045,319,99996,319,100050,100,99989,100,100051,100,99972,100,100052,100,99961,100,100059,100,99958,100,100060,100,99953,100,100090,100,99952,100,100091,100,99947,100,100098,100,99942,100
2019-06-28 09:37:00.000000000,100044,738,99997,538,100045,100,99996,100,100050,100,99989,100,100051,100,99972,100,100052,100,99961,100,100059,100,99958,100,100060,100,99953,100,100090,100,99952,100,100091,100,99947,100,100098,100,99942,100
2019-06-28 09:37:10.000000000,100044,738,99997,538,100045,100,99996,100,100050,100,99989,100,100051,100,99972,100,100052,100,99961,100,100059,100,99958,100,100060,100,99953,100,100090,100,99952,100,100091,100,99947,100,100098,100,99942,100
2019-06-28 09:37:12.610860028,100044,738,99997,438,100045,100,99996,100,100050,100,99989,100,100051,100,99972,100,100052,100,99961,100,100059,100,99958,100,100060,100,99953,100,100090,100,99952,100,100091,100,99942,100,100098,100,99941,100
2019-06-28 09:37:19.488303615,100044,738,99997,338,100045,100,99996,100,100050,100,99989,100,100051,100,99972,100,100052,100,99961,100,100059,100,99958,100,100060,100,99953,100,100090,100,99952,100,100091,100,99942,100,100098,100,99941,100
2019-06-28 09:37:20.000000000,100044,519,99996,319,100045,319,99989,319,100050,100,99972,100,100051,100,99961,100,100052,100,99958,100,100059,100,99953,100,100060,100,99952,100,100090,100,99942,100,100091,100,99941,100,100098,100,99939,100
2019-06-28 09:37:30.000000000,100044,519,99996,319,100045,319,99989,319,100050,100,99972,100,100051,100,99961,100,100052,100,99958,100,100059,100,99953,100,100060,100,99952,100,100090,100,99942,100,100091,100,99941,100,100098,100,99939,100
2019-06-28 09:37:31.036153107,100044,519,99996,319,100045,319,99989,319,100050,100,99972,100,100051,100,99961,100,100052,100,99958,100,100059,100,99953,100,100060,100,99952,100,100090,100,99942,100,100091,100,99941,100,100098,100,99939,100
2019-06-28 09:37:40.000000000,100044,410,99996,210,100045,210,99989,210,100050,210,99972,210,100051,210,99961,210,100052,100,99958,100,100059,100,99953,100,100060,100,99952,100,100090,100,99942,100,100091,100,99941,100,100098,100,99939,100
2019-06-28 09:37:40.186775124,100044,410,99996,110,100045,210,99989,210,100050,210,99972,210,100051,210,99961,110,100052,100,99958,100,100059,100,99953,100,100060,100,99952,100,100090,100,99942,100,100091,100,99941,100,100098,100,99939,100
2019-06-28 09:37:50.000000000,100044,519,99989,319,100045,319,99972,319,100050,100,99958,100,100051,100,99953,100,100052,100,99952,100,100059,100,99942,100,100060,100,99941,100,100090,100,99939,100,100091,100,99905,100,100098,100,99896,100
2019-06-28 09:38:00.000000000,100044,738,99989,538,100045,100,99972,100,100050,100,99958,100,100051,100,99953,100,100052,100,99952,100,100059,100,99942,100,100060,100,99941,100,100090,100,99939,100,100091,100,99905,100,100098,100,99896,100
2019-06-28 09:38:08.607496575,100044,738,99989,438,100045,100,99972,100,100050,100,99958,100,100051,100,99953,100,100052,100,99952,100,100059,100,99942,100,100060,100,99941,100,100090,100,99939,100,100091,100,99905,100,100098,100,99896,100
2019-06-28 09:38:10.000000000,100044,738,99972,538,100045,100,99958,100,100050,100,99953,100,100051,100,99952,100,100052,100,99942,100,100059,100,99941,100,100060,100,99939,100,100090,100,99905,100,100091,100,99896,100,100098,100,99888,100
2019-06-28 09:38:17.254404326,100044,738,99972,538,100045,100,99958,100,100050,100,99953,100,100051,100,99952,100,100052,100,99942,100,100059,100,99941,100,100060,100,99939,100,100090,100,99905,100,100091,100,99896,100,100098,100,99888,100
2019-06-28 09:38:20.000000000,100044,410,99972,210,100045,210,99958,210,100050,210,99953,210,100051,210,99952,210,100052,100,99942,100,100059,100,99941,100,100060,100,99939,100,100090,100,99905,100,100091,100,99896,100,100098,100,99888,100
2019-06-28 09:38:30.000000000,100044,410,99972,210,100045,210,99958,210,100050,210,99953,210,100051,210,99952,210,100052,100,99942,100,100059,100,99941,100,100060,100,99939,100,100090,100,99905,100,100091,100,99896,100,100098,100,99888,100
2019-06-28 09:38:33.604365108,99996,100,99972,210,100044,410,99958,210,100045,210,99953,210,100050,210,99952,210,100051,210,99942,100,100052,100,99941,100,100059,100,99939,100,100060,100,99905,100,100090,100,99896,100,100091,100,99888,100
2019-06-28 09:38:40.000000000,99996,210,99972,210,100044,410,99958,210,100045,210,99953,210,100050,210,99952,210,100051,100,99942,100,100052,100,99941,100,100059,100,99939,100,100060,100,99905,100,100090,100,99896,100,100091,100,99888,100
2019-06-28 09:38:41.050026657,99996,210,99972,210,100044,410,99958,210,100045,210,99953,210,100050,210,99952,210,100051,100,99942,100,100052,100,99941,100,100059,100,99939,100,100060,100,99896,100,100090,100,99888,100,100091,100,99882,100
2019-06-28 09:38:50.000000000,99996,319,99972,319,100044,519,99958,319,100045,100,99953,100,100050,100,99952,100,100051,100,99942,100,100052,100,99941,100,100059,100,99939,100,100060,100,99896,100,100090,100,99888,100,100091,100,99882,100
2019-06-28 09:38:53.522679647,99996,419,99972,319,100044,519,99958,319,100045,100,99953,100,100050,100,99952,100,100051,100,99942,100,100052,100,99941,100,100059,100,99939,100,100060,100,99896,100,100090,100,99888,100,100091,100,99882,100
2019-06-28 09:39:00.000000000,99996,310,99972,210,100044,410,99958,210,100045,210,99953,210,100050,210,99952,210,100051,100,99942,100,100052,100,99941,100,100059,100,99939,100,100060,100,99896,100,100090,100,99888,100,100091,100,99882,100
2019-06-28 09:39:04.475201618,99996,410,99972,210,100044,410,99958,210,100045,210,99953,210,100050,210,99952,210,100051,100,99942,100,100052,100,99941,100,100059,100,99939,100,100060,100,99896,100,100090,100,99888,100,100091,100,99882,100
2019-06-28 09:39:05.465211957,99996,410,99972,210,100044,410,99958,210,100045,210,99953,210,100050,210,99952,210,100051,100,99942,100,100052,100,99941,100,100059,100,99939,100,100060,100,99896,100,100090,100,99888,100,100091,100,99882,100
2019-06-28 09:39:10.000000000,99996,410,99972,210,100044,410,99958,210,100045,210,99953,210,100050,210,99952,210,100051,100,99942,100,100052,100,99941,100,100059,100,99939,100,100060,100,99896,100,100090,100,99888,100,100091,100,99882,100
2019-06-28 09:39:20.000000000,99996,410,99972,210,100044,410,99958,210,100045,210,99953,210,100050,210,99952,210,100051,100,99942,100,100052,100,99941,100,100059,100,99939,100,100060,100,99896,100,100090,100,99888,100,100091,100,99882,100
2019-06-28 09:39:30.000000000,99996,519,99972,319,100044,519,99958,319,100045,100,99953,100,100050,100,99952,100,100051,100,99942,100,100052,100,99941,100,100059,100,99939,100,100060,100,99896,100,100090,100,99888,100,100091,100,99882,100
2019-06-28 09:39:40.000000000,99996,410,99972,210,100044,410,99958,210,100045,210,99953,210,100050,210,99952,210,100051,100,99942,100,100052,100,99941,100,100059,100,99939,100,100060,100,99896,100,100090,100,99888,100,100091,100,99882,100
2019-06-28 09:39:50.000000000,99996,738,99972,538,100044,300,99958,100,100045,100,99953,100,100050,100,99952,100,100051,100,99942,100,100052,100,99941,100,100059,100,99939,100,100060,100,99896,100,100090,100,99888,100,100091,100,99882,100
2019-06-28 09:40:00.000000000,99996,519,99972,319,100044,519,99958,319,100045,100,99953,100,100050,100,99952,100,100051,100,99942,100,100052,100,99941,100,100059,100,99939,100,100060,100,99896,100,100090,100,99888,100,100091,100,99882,100
2019-06-28 09:40:10.000000000,99996,738,99972,538,100044,300,99958,100,100045,100,99953,100,100050,100,99952,100,100051,100,99942,100,100052,100,99941,100,100059,100,99939,100,100060,100,99896,100,100090,100,99888,100,100091,100,99882,100
2019-06-28 09:40:12.290059488,99996,738,99972,538,100044,200,99958,100,100045,100,99953,100,100050,100,99952,100,100051,100,99942,100,100052,100,99941,100,100059,100,99939,100,100060,100,99896,100,100090,100,99888,100,100091,100,99882,100
2019-06-28 09:40:20.000000000,99996,519,99972,319,100044,419,99958,319,100045,100,99953,100,100050,100,99952,100,100051,100,99942,100,100052,100,99941,100,100059,100,99939,100,100060,100,99896,100,100090,100,99888,100,100091,100,99882,100
2019-06-28 09:40:21.556265320,99996,519,99972,319,100044,419,99958,319,100045,100,99953,100,100050,100,99952,100,100051,100,99942,100,100052,100,99939,100,100059,100,99896,100,100060,100,99888,100,100090,100,99882,100,100091,100,99867,100
2019-06-28 09:40:26.034534751,99996,419,99972,319,100044,319,99958,319,100045,100,99953,100,100050,100,99952,100,100051,100,99942,100,100052,100,99939,100,100059,100,99896,100,100060,100,99888,100,100090,100,99882,100,100091,100,99867,100
2019-06-28 09:40:30.000000000,99996,638,99972,538,100044,100,99958,100,100045,100,99953,100,100050,100,99952,100,100051,100,99942,100,100052,100,99939,100,100059,100,99896,100,100060,100,99888,100,100090,100,99882,100,100091,100,99867,100
2019-06-28 09:40:40.000000000,99996,288,99972,188,100044,188,99958,188,100045,188,99953,188,100050,188,99952,188,100051,188,99942,188,100052,100,99939,100,100059,100,99896,100,100060,100,99888,100,100090,100,99882,100,100091,100,99867,100
2019-06-28 09:40:50.000000000,99996,638,99972,538,100044,100,99958,100,100045,100,99953,100,100050,100,99952,100,100051,100,99942,100,100052,100,99939,100,100059,100,99896,100,100060,100,99888,100,100090,100,99882,100,100091,100,99867,100
2019-06-28 09:40:53.008042368,99996,638,99972,538,100044,100,99958,100,100045,100,99953,100,100050,100,99952,100,100051,100,99942,100,100052,100,99896,100,100059,100,99888,100,100060,100,99882,100,100090,100,99867,100,100091,100,99801,100
2019-06-28 09:41:00.000000000,99996,419,99972,319,100044,319,99958,319,100045,100,99953,100,100050,100,99952,100,100051,100,99942,100,100052,100,99896,100,100059,100,99888,100,100060,100,99882,100,100090,100,99867,100,100091,100,99801,100
2019-06-28 09:41:10.000000000,99996,419,99972,319,100044,319,99958,319,100045,100,99953,100,100050,100,99952,100,100051,100,99942,100,100052,100,99896,100,100059,100,99888,100,100060,100,99882,100,100090,100,99867,100,100091,100,99801,100
2019-06-28 09:41:20.000000000,99996,419,99972,319,100044,319,99958,319,100045,100,99953,100,100050,100,99952,100,100051,100,99942,100,100052,100,99896,100,100059,100,99888,100,100060,100,99882,100,100090,100,99867,100,100091,100,99801,100
2019-06-28 09:41:21.115581400,99996,419,99990,100,100044,319,99972,319,100045,100,99958,319,100050,100,99953,100,100051,100,99952,100,100052,100,99942,100,100059,100,99896,100,100060,100,99888,100,100090,100,99882,100,100091,100,99867,100
2019-06-28 09:41:30.000000000,99996,310,99990,210,100044,210,99972,210,100045,210,99958,210,100050,210,99953,210,100051,100,99952,100,100052,100,99942,100,100059,100,99896,100,100060,100,99888,100,100090,100,99882,100,100091,100,99867,100
2019-06-28 09:41:35.046817247,99996,310,99990,210,100044,210,99972,210,100045,210,99958,210,100050,210,99953,210,100051,100,99952,100,100052,100,99942,100,100059,100,99896,100,100060,100,99888,100,100090,100,99882,100,100091,100,99867,100
2019-06-28 09:41:40.000000000,99996,349,99990,249,100044,245,99972,245,100045,245,99958,245,100050,100,99953,100,100051,100,99952,100,100052,100,99942,100,100059,100,99896,100,100060,100,99888,100,100090,100,99882,100,100091,100,99867,100
2019-06-28 09:41:44.636289622,99996,349,99990,249,100044,245,99972,245,100045,245,99958,245,100050,100,99953,100,100051,100,99952,100,100052,100,99942,100,100059,100,99896,100,100060,100,99888,100,100090,100,99882,100,100091,100,99867,100
2019-06-28 09:41:50.000000000,99996,419,99990,319,100044,319,99972,319,100045,100,99958,100,100050,100,99953,100,100051,100,99952,100,100052,100,99942,100,100059,100,99896,100,100060,100,99888,100,100090,100,99882,100,100091,100,99867,100
2019-06-28 09:42:00.000000000,99996,310,99990,210,100044,210,99972,210,100045,210,99958,210,100050,210,99953,210,100051,100,99952,100,100052,100,99942,100,100059,100,99896,100,100060,100,99888,100,100090,100,99882,100,100091,100,99867,100
2019-06-28 09:42:10.000000000,99996,419,99990,319,100044,319,99972,319,100045,100,99958,100,100050,100,99953,100,100051,100,99952,100,100052,100,99942,100,100059,100,99896,100,100060,100,99888,100,100090,100,99882,100,100091,100,99867,100
2019-06-28 09:42:20.000000000,99996,310,99990,210,100044,210,99972,210,100045,210,99958,210,100050,210,99953,210,100051,100,99952,100,100052,100,99942,100,100059,100,99896,100,100060,100,99888,100,100090,100,99882,100,100091,100,99867,100
2019-06-28 09:42:26.896159463,99996,310,99990,210,100044,210,99972,210,100045,210,99958,210,100050,210,99953,210,100051,100,99952,100,100052,100,99942,100,100059,100,99896,100,100060,100,99888,100,100090,100,99882,100,100091,100,99867,100
2019-06-28 09:42:30.000000000,99996,419,99990,319,100044,319,99972,319,100045,100,99958,100,100050,100,99953,100,100051,100,99952,100,100052,100,99942,100,100059,100,99896,100,100060,100,99888,100,100090,100,99882,100,100091,100,99867,100
2019-06-28 09:42:40.000000000,99996,288,99990,188,100044,188,99972,188,100045,188,99958,188,100050,188,99953,188,100051,188,99952,188,100052,100,99942,100,100059,100,99896,100,100060,100,99888,100,100090,100,99882,100,100091,100,99867,100
2019-06-28 09:42:50.000000000,99996,638,99990,538,100044,100,99972,100,100045,100,99958,100,100050,100,99953,100,100051,100,99952,100,100052,100,99942,100,100059,100,99896,100,100060,100,99888,100,100090,100,99882,100,100091,100,99867,100
2019-06-28 09:43:00.000000000,99996,419,99990,319,100044,319,99972,319,100045,100,99958,100,100050,100,99953,100,100051,100,99952,100,100052,100,99942,100,100059,100,99896,100,100060,100,99888,100,100090,100,99882,100,100091,100,99867,100
2019-06-28 09:43:09.827960062,99996,419,99990,319,100044,319,99972,319,100045,100,99958,100,100050,100,99953,100,100052,100,99952,100,100059,100,99942,100,100060,100,99896,100,100090,100,99888,100,100091,100,99882,100,100102,100,99867,100
2019-06-28 09:43:10.000000000,99996,638,99990,538,100044,100,99972,100,100045,100,99958,100,100050,100,99953,100,100052,100,99952,100,100059,100,99942,100,100060,100,99896,100,100090,100,99888,100,100091,100,99882,100,100102,100,99867,100
2019-06-28 09:43:20.000000000,99996,349,99990,249,100044,245,99972,245,100045,245,99958,245,100050,100,99953,100,100052,100,99952,100,100059,100,99942,100,100060,100,99896,100,100090,100,99888,100,100091,100,99882,100,100102,100,99867,100
2019-06-28 09:43:26.730054411,99996,249,99990,249,100044,245,99972,245,100045,245,99958,245,100050,100,99953,100,100052,100,99952,100,100059,100,99942,100,100060,100,99896,100,100090,100,99888,100,100091,100,99882,100,100102,100,99867,100
2019-06-28 09:43:30.000000000,99996,188,99990,188,100044,188,99972,188,100045,188,99958,188,100050,188,99953,188,100052,188,99952,188,100059,100,99942,100,100060,100,99896,100,100090,100,99888,100,100091,100,99882,100,100102,100,99867,100
2019-06-28 09:43:40.000000000,99996,319,99990,319,100044,319,99972,319,100045,100,99958,100,100050,100,99953,100,100052,100,99952,100,100059,100,99942,100,100060,100,99896,100,100090,100,99888,100,100091,100,99882,100,100102,100,99867,100
2019-06-28 09:43:50.000000000,99996,538,99990,538,100044,100,99972,100,100045,100,99958,100,100050,100,99953,100,100052,100,99952,100,100059,100,99942,100,100060,100,99896,100,100090,100,99888,100,100091,100,99882,100,100102,100,99867,100
2019-06-28 09:44:00.000000000,99996,210,99990,210,100044,210,99972,210,100045,210,99958,210,100050,210,99953,210,100052,100,99952,100,100059,100,99942,100,100060,100,99896,100,100090,100,99888,100,100091,100,99882,100,100102,100,99867,100
2019-06-28 09:44:10.000000000,99996,319,99990,319,100044,319,99972,319,100045,100,99958,100,100050,100,99953,100,100052,100,99952,100,100059,100,99942,100,100060,100,99896,100,100090,100,99888,100,100091,100,99882,100,100102,100,99867,100
2019-06-28 09:44:15.133403869,99996,219,99990,319,100044,319,99972,319,100045,100,99958,100,100050,100,99953,100,100052,100,99952,100,100059,100,99942,100,100060,100,99896,100,100090,100,99888,100,100091,100,99882,100,100102,100,99867,100
2019-06-28 09:44:20.000000000,100044,188,99990,188,100045,188,99972,188,100050,188,99958,188,100052,188,99953,188,100059,188,99952,188,100060,100,99942,100,100090,100,99896,100,100091,100,99888,100,100102,100,99882,100,100106,200,99867,100
2019-06-28 09:44:30.000000000,100044,188,99990,188,100045,188,99972,188,100050,188,99958,188,100052,188,99953,188,100059,188,99952,188,100060,100,99942,100,100090,100,99896,100,100091,100,99888,100,100102,100,99882,100,100106,200,99867,100
2019-06-28 09:44:38.990309889,100044,188,99990,188,100045,188,99972,188,100050,188,99958,188,100052,188,99953,188,100059,188,99952,188,100060,100,99942,100,100090,100,99896,100,100091,100,99888,100,100102,100,99882,100,100106,200,99867,100
2019-06-28 09:44:40.000000000,100044,319,99990,319,100045,319,99972,319,100050,100,99958,100,100052,100,99953,100,100059,100,99952,100,100060,100,99942,100,100090,100,99896,100,100091,100,99888,100,100102,100,99882,100,100106,200,99867,100
2019-06-28 09:44:40.981647500,100044,319,100020,100,100045,319,99990,319,100050,100,99972,319,100052,100,99953,100,100059,100,99952,100,100060,100,99942,100,100090,100,99896,100,100091,100,99888,100,100102,100,99882,100,100106,200,99867,100
2019-06-28 09:44:44.785208305,100044,319,100020,100,100045,319,99990,319,100050,100,99972,319,100052,100,99953,100,100059,100,99952,100,100060,100,99942,100,100090,100,99896,100,100091,100,99888,100,100102,100,99882,100,100106,200,99867,100
2019-06-28 09:44:50.000000000,100044,249,100020,249,100045,245,99990,245,100050,245,99972,245,100052,100,99953,100,100059,100,99952,100,100060,100,99942,100,100090,100,99896,100,100091,100,99888,100,100102,100,99882,100,100106,200,99867,100
2019-06-28 09:45:00.000000000,100044,188,100020,188,100045,188,99990,188,100050,188,99972,188,100052,188,99953,188,100059,188,99952,188,100060,100,99942,100,100090,100,99896,100,100091,100,99888,100,100102,100,99882,100,100106,200,99867,100
2019-06-28 09:45:10.000000000,100044,319,100020,319,100045,319,99990,319,100050,100,99972,100,100052,100,99953,100,100059,100,99952,100,100060,100,99942,100,100090,100,99896,100,100091,100,99888,100,100102,100,99882,100,100106,200,99867,100
2019-06-28 09:45:16.240400945,100044,219,100020,319,100045,319,99990,319,100050,100,99972,100,100052,100,99953,100,100059,100,99952,100,100060,100,99942,100,100090,100,99896,100,100091,100,99888,100,100102,100,99882,100,100106,200,99867,100
2019-06-28 09:45:20.000000000,100045,538,100020,538,100050,100,99990,100,100052,100,99972,100,100059,100,99953,100,100060,100,99952,100,100090,100,99942,100,100091,100,99896,100,100102,100,99888,100,100106,200,99882,100,100109,100,99867,100
2019-06-28 09:45:30.000000000,100045,188,100020,188,100050,188,99990,188,100052,188,99972,188,100059,188,99953,188,100060,188,99952,188,100090,100,99942,100,100091,100,99896,100,100102,100,99888,100,100106,200,99882,100,100109,100,99867,100
2019-06-28 09:45:40.000000000,100045,210,100020,210,100050,210,99990,210,100052,210,99972,210,100059,210,99953,210,100060,100,99952,100,100090,100,99942,100,100091,100,99896,100,100102,100,99888,100,100106,200,99882,100,100109,100,99867,100
2019-06-28 09:45:50.000000000,100045,249,100020,249,100050,245,99990,245,100052,245,99972,245,100059,100,99953,100,100060,100,99952,100,100090,100,99942,100,100091,100,99896,100,100102,100,99888,100,100106,200,99882,100,100109,100,99867,100
2019-06-28 09:45:53.415474687,100045,249,100020,149,100050,245,99990,245,100052,245,99972,245,100059,100,99953,100,100090,100,99952,100,100091,100,99942,100,100102,100,99896,100,100106,200,99888,100,100109,100,99882,100,100119,100,99867,100
2019-06-28 09:46:00.000000000,100045,249,99990,249,100050,245,99972,245,100052,245,99953,245,100059,100,99952,100,100090,100,99942,100,100091,100,99896,100,100102,100,99888,100,100106,200,99882,100,100109,100,99867,100,100119,100,99801,100
2019-06-28 09:46:10.000000000,100045,319,99990,319,100050,319,99972,319,100052,100,99953,100,100059,100,99952,100,100090,100,99942,100,100091,100,99896,100,100102,100,99888,100,100106,200,99882,100,100109,100,99867,100,100119,100,99801,100
2019-06-28 09:46:10.571769487,100045,319,99990,319,100050,319,99972,319,100052,100,99953,100,100059,100,99952,100,100090,100,99942,100,100091,100,99896,100,100102,100,99888,100,100106,200,99882,100,100109,100,99867,100,100119,100,99614,100
2019-06-28 09:46:20.000000000,100045,210,99990,210,100050,210,99972,210,100052,210,99953,210,100059,210,99952,210,100090,100,99942,100,100091,100,99896,100,100102,100,99888,100,100106,200,99882,100,100109,100,99867,100,100119,100,99614,100
2019-06-28 09:46:29.143008757,100045,210,99990,210,100050,210,99972,210,100052,210,99953,210,100059,210,99952,210,100090,100,99942,100,100091,100,99896,100,100102,100,99888,100,100106,200,99882,100,100109,100,99867,100,100119,100,99614,100
2019-06-28 09:46:30.000000000,100045,249,99990,249,100050,245,99972,245,100052,245,99953,245,100059,100,99952,100,100090,100,99942,100,100091,100,99896,100,100102,100,99888,100,100106,200,99882,100,100109,100,99867,100,100119,100,99614,100
2019-06-28 09:46:30.401607351,100045,249,99990,149,100050,245,99972,245,100052,245,99953,245,100059,100,99952,100,100090,100,99942,100,100091,100,99896,100,100102,100,99888,100,100106,200,99882,100,100109,100,99867,100,100119,100,99614,100
2019-06-28 09:46:40.000000000,100045,538,99972,538,100050,100,99953,100,100052,100,99952,100,100059,100,99942,100,100090,100,99896,100,100091,100,99888,100,100102,100,99882,100,100106,200,99867,100,100109,100,99614,100,100119,100,99602,100
2019-06-28 09:46:40.649888102,100045,538,99972,538,100050,100,99952,100,100052,100,99942,100,100059,100,99896,100,100090,100,99888,100,100091,100,99882,100,100102,100,99867,100,100106,200,99614,100,100109,100,99602,100,100119,100,99563,100
2019-06-28 09:46:44.914285062,100045,538,99972,438,100050,100,99952,100,100052,100,99942,100,100059,100,99896,100,100090,100,99888,100,100091,100,99882,100,100102,100,99614,100,100106,200,99602,100,100109,100,99563,100,100119,100,99484,100
2019-06-28 09:46:45.504352393,99990,100,99972,438,100045,538,99952,100,100050,100,99942,100,100052,100,99896,100,100059,100,99888,100,100090,100,99614,100,100091,100,99602,100,100102,100,99563,100,100106,200,99484,100,100109,100,99449,100
2019-06-28 09:46:50.000000000,99990,210,99952,210,100045,210,99942,210,100050,210,99896,210,100052,210,99888,210,100059,100,99614,100,100090,100,99602,100,100091,100,99563,100,100102,100,99484,100,100106,200,99449,100,100109,100,99403,100
2019-06-28 09:47:00.000000000,99990,188,99952,188,100045,188,99942,188,100050,188,99896,188,100052,188,99888,188,100059,188,99614,188,100090,100,99602,100,100091,100,99563,100,100102,100,99484,100,100106,200,99449,100,100109,100,99403,100
2019-06-28 09:47:04.228813162,99990,188,99952,88,100045,188,99942,188,100050,188,99896,188,100052,188,99888,188,100059,188,99614,188,100090,100,99602,100,100091,100,99563,100,100102,100,99484,100,100106,200,99449,100,100109,100,99403,100
2019-06-28 09:47:07.318144233,99990,188,99952,88,100045,188,99942,188,100050,188,99896,188,100052,188,99888,188,100059,188,99614,188,100090,100,99602,100,100091,100,99563,100,100102,100,99554,100,100106,200,99484,100,100109,100,99449,100
2019-06-28 09:47:10.000000000,99990,188,99942,188,100045,188,99896,188,100050,188,99888,188,100052,188,99614,188,100059,188,99602,188,100090,100,99563,100,100091,100,99554,100,100102,100,99484,100,100106,200,99449,100,100109,100,99403,100
2019-06-28 09:47:18.978239685,99990,188,99973,100,100045,188,99942,188,100050,188,99896,188,100052,188,99888,188,100059,188,99614,188,100090,100,99602,188,100091,100,99563,100,100102,100,99554,100,100106,200,99484,100,100109,100,99449,100
2019-06-28 09:47:20.000000000,99990,188,99973,188,100045,188,99942,188,100050,188,99896,188,100052,188,99888,188,100059,188,99614,188,100090,100,99602,100,100091,100,99563,100,100102,100,99554,100,100106,200,99484,100,100109,100,99449,100
2019-06-28 09:47:30.000000000,99990,249,99973,249,100045,245,99942,245,100050,245,99896,245,100052,100,99888,100,100059,100,99614,100,100090,100,99602,100,100091,100,99563,100,100102,100,99554,100,100106,200,99484,100,100109,100,99449,100
2019-06-28 09:47:30.391163090,99990,249,99973,249,100045,245,99942,245,100050,245,99896,245,100052,100,99888,100,100059,100,99614,100,100090,100,99602,100,100091,100,99563,100,100102,100,99554,100,100106,200,99499,100,100109,100,99484,100
2019-06-28 09:47:34.881429295,99990,249,99973,149,100045,245,99942,245,100050,245,99896,245,100052,100,99888,100,100059,100,99614,100,100090,100,99602,100,100091,100,99563,100,100102,100,99554,100,100106,200,99499,100,100109,100,99484,100
2019-06-28 09:47:40.000000000,99990,538,99942,538,100045,100,99896,100,100050,100,99888,100,100052,100,99614,100,100059,100,99602,100,100090,100,99563,100,100091,100,99554,100,100102,100,99499,100,100106,200,99484,100,100109,100,99449,100
2019-06-28 09:47:41.609640061,99990,538,99942,538,100045,100,99896,100,100050,100,99614,100,100052,100,99602,100,100059,100,99563,100,100090,100,99554,100,100091,100,99499,100,100102,100,99484,100,100106,200,99457,100,100109,100,99449,100
2019-06-28 09:47:50.000000000,99990,188,99942,188,100045,188,99896,188,100050,188,99614,188,100052,188,99602,188,100059,188,99563,188,100090,100,99554,100,100091,100,99499,100,100102,100,99484,100,100106,200,99457,100,100109,100,99449,100
2019-06-28 09:47:54.154717820,99973,100,99942,188,99990,188,99896,188,100045,188,99614,188,100050,188,99602,188,100052,188,99563,188,100059,188,99554,100,100090,100,99499,100,100091,100,99484,100,100102,100,99457,100,100106,200,99449,100
2019-06-28 09:48:00.000000000,99973,249,99942,249,99990,245,99896,245,100045,245,99614,245,100050,100,99602,100,100052,100,99563,100,100059,100,99554,100,100090,100,99499,100,100091,100,99484,100,100102,100,99457,100,100106,200,99449,100
2019-06-28 09:48:02.964238880,99973,249,99942,249,99990,245,99896,245,100045,245,99614,245,100050,100,99602,100,100052,100,99563,100,100059,100,99554,100,100090,100,99499,100,100091,100,99457,100,100102,100,99449,100,100106,200,99403,100
2019-06-28 09:48:10.000000000,99973,538,99942,538,99990,100,99896,100,100045,100,99614,100,100050,100,99602,100,100052,100,99563,100,100059,100,99554,100,100090,100,99499,100,100091,100,99457,100,100102,100,99449,100,100106,200,99403,100
2019-06-28 09:48:20.000000000,99973,188,99942,188,99990,188,99896,188,100045,188,99614,188,100050,188,99602,188,100052,188,99563,188,100059,100,99554,100,100090,100,99499,100,100091,100,99457,100,100102,100,99449,100,100106,200,99403,100
2019-06-28 09:48:27.890563127,99952,100,99942,188,99973,188,99896,188,99990,188,99614,188,100045,188,99602,188,100050,188,99563,188,100052,188,99554,100,100059,100,99499,100,100090,100,99457,100,100091,100,99449,100,100102,100,99403,100
2019-06-28 09:48:30.000000000,99952,538,99942,538,99973,100,99896,100,99990,100,99614,100,100045,100,99602,100,100050,100,99563,100,100052,100,99554,100,100059,100,99499,100,100090,100,99457,100,100091,100,99449,100,100102,100,99403,100
2019-06-28 09:48:40.000000000,99952,210,99942,210,99973,210,99896,210,99990,210,99614,210,100045,210,99602,210,100050,100,99563,100,100052,100,99554,100,100059,100,99499,100,100090,100,99457,100,100091,100,99449,100,100102,100,99403,100
2019-06-28 09:48:50.000000000,99952,249,99942,249,99973,245,99896,245,99990,245,99614,245,100045,100,99602,100,100050,100,99563,100,100052,100,99554,100,100059,100,99499,100,100090,100,99457,100,100091,100,99449,100,100102,100,99403,100
2019-06-28 09:48:59.131800079,99952,249,99942,249,99972,100,99896,245,99973,245,99614,245,99990,245,99602,100,100045,100,99563,100,100050,100,99554,100,100052,100,99499,100,100059,100,99457,100,100090,100,99449,100,100091,100,99403,100
2019-06-28 09:49:00.000000000,99952,210,99942,210,99972,210,99896,210,99973,210,99614,210,99990,210,99602,210,100045,100,99563,100,100050,100,99554,100,100052,100,99499,100,100059,100,99457,100,100090,100,99449,100,100091,100,99403,100
2019-06-28 09:49:04.346623079,99952,210,99942,210,99972,210,99896,210,99973,210,99614,210,99990,210,99602,210,100045,100,99563,100,100050,100,99554,100,100052,100,99499,100,100059,100,99457,100,100090,100,99449,100,100091,100,99403,100
2019-06-28 09:49:10.000000000,99952,188,99942,188,99972,188,99896,188,99973,188,99614,188,99990,188,99602,188,100045,188,99563,188,100050,100,99554,100,100052,100,99499,100,100059,100,99457,100,100090,100,99449,100,100091,100,99403,100
2019-06-28 09:49:17.222181887,99952,88,99942,188,99972,188,99896,188,99973,188,99614,188,99990,188,99602,188,100045,188,99563,88,100050,100,99554,100,100052,100,99499,100,100059,100,99457,100,100090,100,99449,100,100091,100,99403,100
2019-06-28 09:49:20.000000000,99972,538,99942,538,99973,100,99896,100,99990,100,99614,100,100045,100,99602,100,100050,100,99554,100,100052,100,99499,100,100059,100,99457,100,100090,100,99449,100,100091,100,99403,100,100102,100,99374,100
2019-06-28 09:49:29.251190057,99972,438,99942,538,99973,100,99896,100,99990,100,99602,100,100045,100,99554,100,100050,100,99499,100,100052,100,99457,100,100059,100,99449,100,100090,100,99403,100,100091,100,99374,100,100102,100,99053,100
2019-06-28 09:49:30.000000000,99973,249,99942,249,99990,245,99896,245,100045,245,99602,245,100050,100,99554,100,100052,100,99499,100,100059,100,99457,100,100090,100,99449,100,100091,100,99403,100,100102,100,99374,100,100106,200,99053,100
2019-06-28 09:49:34.668910741,99973,249,99952,100,99990,145,99942,249,100045,245,99896,245,100050,100,99602,245,100052,100,99554,100,100059,100,99499,100,100090,100,99457,100,100091,100,99449,100,100102,100,99403,100,100106,200,99374,100
2019-06-28 09:49:40.000000000,99973,319,99952,319,100045,319,99942,319,100050,100,99896,100,100052,100,99602,100,100059,100,99554,100,100090,100,99499,100,100091,100,99457,100,100102,100,99449,100,100106,200,99403,100,100109,100,99374,100
2019-06-28 09:49:50.000000000,99973,538,99952,538,100045,100,99942,100,100050,100,99896,100,100052,100,99602,100,100059,100,99554,100,100090,100,99499,100,100091,100,99457,100,100102,100,99449,100,100106,200,99403,100,100109,100,99374,100
2019-06-28 09:49:50.263214548,99973,538,99952,538,100045,100,99942,100,100050,100,99896,100,100052,100,99602,100,100059,100,99554,100,100090,100,99457,100,100091,100,99449,100,100102,100,99403,100,100106,200,99374,100,100109,100,99053,100
2019-06-28 09:50:00.000000000,99973,210,99952,210,100045,210,99942,210,100050,210,99896,210,100052,210,99602,210,100059,100,99554,100,100090,100,99457,100,100091,100,99449,100,100102,100,99403,100,100106,200,99374,100,100109,100,99053,100
2019-06-28 09:50:05.180017023,99973,210,99952,210,100045,210,99942,210,100050,210,99896,210,100052,210,99602,210,100059,100,99554,100,100090,100,99457,100,100091,100,99449,100,100102,100,99403,100,100106,200,99374,100,100109,100,99053,100
2019-06-28 09:50:10.000000000,99973,249,99952,249,100045,245,99942,245,100050,245,99896,245,100052,100,99602,100,100059,100,99554,100,100090,100,99457,100,100091,100,99449,100,100102,100,99403,100,100106,200,99374,100,100109,100,99053,100
2019-06-28 09:50:15.580745677,99973,149,99952,249,100045,245,99942,245,100050,245,99896,245,100052,100,99602,100,100059,100,99554,100,100090,100,99457,100,100091,100,99449,100,100102,100,99403,100,100106,200,99374,100,100109,100,99053,100
2019-06-28 09:50:20.000000000,100045,188,99952,188,100050,188,99942,188,100052,188,99896,188,100059,188,99602,188,100090,188,99554,188,100091,100,99457,100,100102,100,99449,100,100106,200,99403,100,100109,100,99374,100,100119,100,99053,100
2019-06-28 09:50:27.729808130,100045,188,99952,188,100050,188,99942,188,100052,188,99896,188,100059,188,99602,188,100090,188,99554,188,100091,100,99457,100,100102,100,99449,100,100106,200,99403,100,100109,100,99374,100,100119,100,99053,100
2019-06-28 09:50:30.000000000,100045,538,99952,538,100050,100,99942,100,100052,100,99896,100,100059,100,99602,100,100090,100,99554,100,100091,100,99457,100,100102,100,99449,100,100106,200,99403,100,100109,100,99374,100,100119,100,99053,100
2019-06-28 09:50:36.436486349,100045,538,99972,100,100050,100,99952,538,100052,100,99942,100,100059,100,99896,100,100090,100,99602,100,100091,100,99554,100,100102,100,99457,100,100106,200,99449,100,100109,100,99403,100,100119,100,99374,100
2019-06-28 09:50:40.000000000,100045,249,99972,249,100050,245,99952,245,100052,245,99942,245,100059,100,99896,100,100090,100,99602,100,100091,100,99554,100,100102,100,99457,100,100106,200,99449,100,100109,100,99403,100,100119,100,99374,100
2019-06-28 09:50:50.000000000,100045,538,99972,538,100050,100,99952,100,100052,100,99942,100,100059,100,99896,100,100090,100,99602,100,100091,100,99554,100,100102,100,99457,100,100106,200,99449,100,100109,100,99403,100,100119,100,99374,100
2019-06-28 09:51:00.000000000,100045,319,99972,319,100050,319,99952,319,100052,100,99942,100,100059,100,99896,100,100090,100,99602,100,100091,100,99554,100,100102,100,99457,100,100106,200,99449,100,100109,100,99403,100,100119,100,99374,100
2019-06-28 09:51:10.000000000,100045,210,99972,210,100050,210,99952,210,100052,210,99942,210,100059,210,99896,210,100090,100,99602,100,100091,100,99554,100,100102,100,99457,100,100106,200,99449,100,100109,100,99403,100,100119,100,99374,100
2019-06-28 09:51:20.000000000,100045,319,99972,319,100050,319,99952,319,100052,100,99942,100,100059,100,99896,100,100090,100,99602,100,100091,100,99554,100,100102,100,99457,100,100106,200,99449,100,100109,100,99403,100,100119,100,99374,100
2019-06-28 09:51:23.315756201,100045,319,99972,419,100050,319,99952,319,100052,100,99942,100,100059,100,99896,100,100090,100,99602,100,100091,100,99554,100,100102,100,99457,100,100106,200,99449,100,100109,100,99403,100,100119,100,99374,100
2019-06-28 09:51:30.000000000,100045,538,99972,638,100050,100,99952,100,100052,100,99942,100,100059,100,99896,100,100090,100,99602,100,100091,100,99554,100,100102,100,99457,100,100106,200,99449,100,100109,100,99403,100,100119,100,99374,100
2019-06-28 09:51:39.854516274,100045,438,99972,638,100050,100,99952,100,100052,100,99942,100,100059,100,99896,100,100090,100,99602,100,100091,100,99554,100,100102,100,99457,100,100106,200,99449,100,100109,100,99403,100,100119,100,99374,100
2019-06-28 09:51:40.000000000,100050,319,99972,419,100052,319,99952,319,100059,100,99942,100,100090,100,99896,100,100091,100,99602,100,100102,100,99554,100,100106,200,99457,100,100109,100,99449,100,100119,100,99403,100,100183,100,99374,100
2019-06-28 09:51:50.000000000,100050,188,99972,288,100052,188,99952,188,100059,188,99942,188,100090,188,99896,188,100091,188,99602,188,100102,100,99554,100,100106,200,99457,100,100109,100,99449,100,100119,100,99403,100,100183,100,99374,100
2019-06-28 09:52:00.000000000,100050,538,99972,638,100052,100,99952,100,100059,100,99942,100,100090,100,99896,100,100091,100,99602,100,100102,100,99554,100,100106,200,99457,100,100109,100,99449,100,100119,100,99403,100,100183,100,99374,100
2019-06-28 09:52:10.000000000,100050,538,99972,638,100052,100,99952,100,100059,100,99942,100,100090,100,99896,100,100091,100,99602,100,100102,100,99554,100,100106,200,99457,100,100109,100,99449,100,100119,100,99403,100,100183,100,99374,100
2019-06-28 09:52:20.000000000,100050,249,99972,349,100052,245,99952,245,100059,245,99942,245,100090,100,99896,100,100091,100,99602,100,100102,100,99554,100,100106,200,99457,100,100109,100,99449,100,100119,100,99403,100,100183,100,99374,100
2019-06-28 09:52:23.730160082,100050,249,99972,249,100052,245,99952,245,100059,245,99942,245,100090,100,99896,100,100091,100,99602,100,100102,100,99554,100,100106,200,99457,100,100109,100,99449,100,100119,100,99403,100,100183,100,99374,100
2019-06-28 09:52:30.000000000,100050,210,99972,210,100052,210,99952,210,100059,210,99942,210,100090,210,99896,210,100091,100,99602,100,100102,100,99554,100,100106,200,99457,100,100109,100,99449,100,100119,100,99403,100,100183,100,99374,100
2019-06-28 09:52:31.254530479,100044,100,99972,210,100050,210,99952,210,100052,210,99942,210,100059,210,99896,210,100090,210,99602,100,100091,100,99554,100,100102,100,99457,100,100106,200,99449,100,100109,100,99403,100,100119,100,99374,100
2019-06-28 09:52:40.000000000,100044,249,99972,249,100050,245,99952,245,100052,245,99942,245,100059,100,99896,100,100090,100,99602,100,100091,100,99554,100,100102,100,99457,100,100106,200,99449,100,100109,100,99403,100,100119,100,99374,100
2019-06-28 09:52:50.000000000,100044,319,99972,319,100050,319,99952,319,100052,100,99942,100,100059,100,99896,100,100090,100,99602,100,100091,100,99554,100,100102,100,99457,100,100106,200,99449,100,100109,100,99403,100,100119,100,99374,100
2019-06-28 09:53:00.000000000,100044,210,99972,210,100050,210,99952,210,100052,210,99942,210,100059,210,99896,210,100090,100,99602,100,100091,100,99554,100,100102,100,99457,100,100106,200,99449,100,100109,100,99403,100,100119,100,99374,100
2019-06-28 09:53:10.000000000,100044,188,99972,188,100050,188,99952,188,100052,188,99942,188,100059,188,99896,188,100090,188,99602,188,100091,100,99554,100,100102,100,99457,100,100106,200,99449,100,100109,100,99403,100,100119,100,99374,100
2019-06-28 09:53:13.490000830,100044,188,99972,188,100050,188,99952,188,100052,188,99942,188,100059,188,99896,188,100090,188,99602,188,100091,100,99554,100,100102,100,99457,100,100106,200,99449,100,100109,100,99403,100,100183,100,99374,100
2019-06-28 09:53:20.000000000,100044,188,99972,188,100050,188,99952,188,100052,188,99942,188,100059,188,99896,188,100090,188,99602,188,100091,100,99554,100,100102,100,99457,100,100106,200,99449,100,100109,100,99403,100,100183,100,99374,100
2019-06-28 09:53:27.511210279,100044,188,99972,188,100050,188,99952,188,100052,188,99942,188,100059,188,99896,188,100090,188,99602,188,100091,100,99554,100,100102,100,99457,100,100106,200,99449,100,100109,100,99403,100,100337,100,99374,100
2019-06-28 09:53:30.000000000,100044,188,99972,188,100050,188,99952,188,100052,188,99942,188,100059,188,99896,188,100090,188,99602,188,100091,100,99554,100,100102,100,99457,100,100106,200,99449,100,100109,100,99403,100,100337,100,99374,100
2019-06-28 09:53:40.000000000,100044,319,99972,319,100050,319,99952,319,100052,100,99942,100,100059,100,99896,100,100090,100,99602,100,100091,100,99554,100,100102,100,99457,100,100106,200,99449,100,100109,100,99403,100,100337,100,99374,100
2019-06-28 09:53:46.995556428,100044,319,99972,319,100050,319,99952,319,100059,100,99942,100,100090,100,99896,100,100091,100,99602,100,100102,100,99554,100,100106,200,99457,100,100109,100,99449,100,100337,100,99403,100,100542,100,99374,100
2019-06-28 09:53:47.314905510,100044,319,99972,319,100050,319,99952,319,100059,100,99942,100,100090,100,99896,100,100091,100,99602,100,100102,100,99554,100,100106,200,99457,100,100109,100,99449,100,100337,100,99374,100,100542,100,99295,100
2019-06-28 09:53:50.000000000,100044,188,99972,188,100050,188,99952,188,100059,188,99942,188,100090,188,99896,188,100091,188,99602,188,100102,100,99554,100,100106,200,99457,100,100109,100,99449,100,100337,100,99374,100,100542,100,99295,100
2019-06-28 09:54:00.000000000,100044,188,99972,188,100050,188,99952,188,100059,188,99942,188,100090,188,99896,188,100091,188,99602,188,100102,100,99554,100,100106,200,99457,100,100109,100,99449,100,100337,100,99374,100,100542,100,99295,100
2019-06-28 09:54:10.000000000,100044,538,99972,538,100050,100,99952,100,100059,100,99942,100,100090,100,99896,100,100091,100,99602,100,100102,100,99554,100,100106,200,99457,100,100109,100,99449,100,100337,100,99374,100,100542,100,99295,100
2019-06-28 09:54:20.000000000,100044,538,99972,538,100050,100,99952,100,100059,100,99942,100,100090,100,99896,100,100091,100,99602,100,100102,100,99554,100,100106,200,99457,100,100109,100,99449,100,100337,100,99374,100,100542,100,99295,100
2019-06-28 09:54:30.000000000,100044,188,99972,188,100050,188,99952,188,100059,188,99942,188,100090,188,99896,188,100091,188,99602,188,100102,100,99554,100,100106,200,99457,100,100109,100,99449,100,100337,100,99374,100,100542,100,99295,100
2019-06-28 09:54:36.000509768,100044,188,99972,188,100050,188,99952,188,100059,188,99942,188,100090,188,99896,188,100091,188,99602,188,100102,100,99554,100,100106,200,99457,100,100109,100,99449,100,100337,100,99374,100,100542,100,99295,100
2019-06-28 09:54:40.000000000,100044,319,99972,319,100050,319,99952,319,100059,100,99942,100,100090,100,99896,100,100091,100,99602,100,100102,100,99554,100,100106,200,99457,100,100109,100,99449,100,100337,100,99374,100,100542,100,99295,100
2019-06-28 09:54:42.861387954,100044,319,99972,319,100050,319,99952,319,100059,100,99942,100,100090,100,99896,100,100091,100,99602,100,100102,100,99554,100,100106,200,99457,100,100109,100,99449,100,100337,100,99374,100,100542,100,99295,100
2019-06-28 09:54:50.000000000,100044,319,99972,319,100050,319,99952,319,100059,100,99942,100,100090,100,99896,100,100091,100,99602,100,100102,100,99554,100,100106,200,99457,100,100109,100,99449,100,100337,100,99374,100,100542,100,99295,100
2019-06-28 09:54:53.983065703,100044,319,99972,319,100050,319,99952,319,100059,100,99942,100,100090,100,99896,100,100091,100,99602,100,100102,100,99554,100,100106,200,99457,100,100109,100,99449,100,100337,100,99374,100,100542,100,99295,100
2019-06-28 09:55:00.000000000,100044,538,99972,538,100050,100,99952,100,100059,100,99942,100,100090,100,99896,100,100091,100,99602,100,100102,100,99554,100,100106,200,99457,100,100109,100,99449,100,100337,100,99374,100,100542,100,99295,100
2019-06-28 09:55:00.045290387,100044,638,99972,538,100050,100,99952,100,100059,100,99942,100,100090,100,99896,100,100091,100,99602,100,100102,100,99554,100,100106,200,99457,100,100109,100,99449,100,100337,100,99374,100,100542,100,99295,100
2019-06-28 09:55:03.428685638,100044,638,99972,538,100050,100,99952,100,100059,100,99942,100,100090,100,99896,100,100091,100,99602,100,100102,100,99554,100,100106,200,99457,100,100109,100,99449,100,100337,100,99374,100,100542,100,99295,100
2019-06-28 09:55:06.398747305,100044,638,99972,438,100059,100,99952,100,100090,100,99942,100,100091,100,99896,100,100102,100,99602,100,100106,200,99554,100,100109,100,99457,100,100337,100,99449,100,100542,100,99374,100,100557,100,99295,100
2019-06-28 09:55:10.000000000,100044,310,99952,210,100059,210,99942,210,100090,210,99896,210,100091,210,99602,210,100102,100,99554,100,100106,200,99457,100,100109,100,99449,100,100337,100,99374,100,100542,100,99295,100,100557,100,99290,100
2019-06-28 09:55:20.000000000,100044,419,99952,319,100059,319,99942,319,100090,100,99896,100,100091,100,99602,100,100102,100,99554,100,100106,200,99457,100,100109,100,99449,100,100337,100,99374,100,100542,100,99295,100,100557,100,99290,100
2019-06-28 09:55:30.000000000,100044,288,99952,188,100059,188,99942,188,100090,188,99896,188,100091,188,99602,188,100102,188,99554,188,100106,200,99457,100,100109,100,99449,100,100337,100,99374,100,100542,100,99295,100,100557,100,99290,100
2019-06-28 09:55:40.000000000,100044,349,99952,249,100059,245,99942,245,100090,245,99896,245,100091,100,99602,100,100102,100,99554,100,100106,200,99457,100,100109,100,99449,100,100337,100,99374,100,100542,100,99295,100,100557,100,99290,100
2019-06-28 09:55:41.436359050,99972,100,99952,249,100044,349,99942,245,100059,245,99896,245,100090,245,99602,100,100091,100,99554,100,100102,100,99457,100,100106,200,99449,100,100109,100,99374,100,100337,100,99295,100,100542,100,99290,100
2019-06-28 09:55:47.389373692,99972,100,99952,249,100044,349,99942,245,100059,245,99896,245,100090,245,99554,100,100091,100,99457,100,100102,100,99449,100,100106,200,99374,100,100109,100,99295,100,100337,100,99290,100,100542,100,99202,100
2019-06-28 09:55:50.000000000,99972,538,99952,538,100044,200,99942,100,100059,100,99896,100,100090,100,99554,100,100091,100,99457,100,100102,100,99449,100,100106,200,99374,100,100109,100,99295,100,100337,100,99290,100,100542,100,99202,100
2019-06-28 09:55:51.183919007,99972,538,99952,438,100044,200,99942,100,100059,100,99896,100,100090,100,99554,100,100091,100,99457,100,100102,100,99449,100,100106,200,99374,100,100109,100,99295,100,100337,100,99290,100,100542,100,99202,100
2019-06-28 09:56:00.000000000,99972,210,99942,210,100044,310,99896,210,100059,210,99554,210,100090,210,99457,210,100091,100,99449,100,100102,100,99374,100,100106,200,99295,100,100109,100,99290,100,100337,100,99202,100,100542,100,99199,100
2019-06-28 09:56:08.090253077,99971,100,99942,210,99972,210,99896,210,100044,310,99554,210,100059,210,99457,210,100090,210,99449,100,100091,100,99374,100,100102,100,99295,100,100106,200,99290,100,100109,100,99202,100,100337,100,99199,100
2019-06-28 09:56:10.000000000,99971,210,99942,210,99972,210,99896,210,100044,310,99554,210,100059,210,99457,210,100090,100,99449,100,100091,100,99374,100,100102,100,99295,100,100106,200,99290,100,100109,100,99202,100,100337,100,99199,100
2019-06-28 09:56:12.833502432,99971,310,99942,210,99972,210,99896,210,100044,310,99554,210,100059,210,99457,210,100090,100,99449,100,100091,100,99374,100,100102,100,99295,100,100106,200,99290,100,100109,100,99202,100,100337,100,99199,100
2019-06-28 09:56:16.628338697,99971,310,99942,210,99972,210,99896,210,100044,210,99554,210,100059,210,99457,210,100090,100,99449,100,100091,100,99374,100,100102,100,99295,100,100106,200,99290,100,100109,100,99202,100,100337,100,99199,100
2019-06-28 09:56:20.000000000,99971,288,99942,188,99972,188,99896,188,100044,188,99554,188,100059,188,99457,188,100090,188,99449,188,100091,100,99374,100,100102,100,99295,100,100106,200,99290,100,100109,100,99202,100,100337,100,99199,100
2019-06-28 09:56:22.973231048,99971,288,99942,188,99972,188,99896,188,100044,188,99554,188,100059,188,99457,188,100090,188,99449,188,100091,100,99374,100,100102,100,99295,100,100106,200,99290,100,100109,100,99202,100,100337,100,99199,100
2019-06-28 09:56:30.000000000,99971,349,99942,249,99972,245,99896,245,100044,245,99554,245,100059,100,99457,100,100090,100,99449,100,100091,100,99374,100,100102,100,99295,100,100106,200,99290,100,100109,100,99202,100,100337,100,99199,100
2019-06-28 09:56:40.000000000,99971,288,99942,188,99972,188,99896,188,100044,188,99554,188,100059,188,99457,188,100090,188,99449,188,100091,100,99374,100,100102,100,99295,100,100106,200,99290,100,100109,100,99202,100,100337,100,99199,100
2019-06-28 09:56:50.000000000,99971,349,99942,249,99972,245,99896,245,100044,245,99554,245,100059,100,99457,100,100090,100,99449,100,100091,100,99374,100,100102,100,99295,100,100106,200,99290,100,100109,100,99202,100,100337,100,99199,100
2019-06-28 09:57:00.000000000,99971,310,99942,210,99972,210,99896,210,100044,210,99554,210,100059,210,99457,210,100090,100,99449,100,100091,100,99374,100,100102,100,99295,100,100106,200,99290,100,100109,100,99202,100,100337,100,99199,100
2019-06-28 09:57:10.000000000,99971,310,99942,210,99972,210,99896,210,100044,210,99554,210,100059,210,99457,210,100090,100,99449,100,100091,100,99374,100,100102,100,99295,100,100106,200,99290,100,100109,100,99202,100,100337,100,99199,100
2019-06-28 09:57:15.837323604,99971,310,99942,210,99972,210,99896,210,100044,210,99554,210,100059,210,99457,210,100090,100,99449,100,100091,100,99374,100,100102,100,99295,100,100106,200,99290,100,100109,100,99202,100,100337,100,99199,100
2019-06-28 09:57:20.000000000,99971,638,99942,538,99972,100,99896,100,100044,100,99554,100,100059,100,99457,100,100090,100,99449,100,100091,100,99374,100,100102,100,99295,100,100106,200,99290,100,100109,100,99202,100,100337,100,99199,100
2019-06-28 09:57:30.000000000,99971,310,99942,210,99972,210,99896,210,100044,210,99554,210,100059,210,99457,210,100090,100,99449,100,100091,100,99374,100,100102,100,99295,100,100106,200,99290,100,100109,100,99202,100,100337,100,99199,100
2019-06-28 09:57:40.000000000,99971,638,99942,538,99972,100,99896,100,100044,100,99554,100,100059,100,99457,100,100090,100,99449,100,100091,100,99374,100,100102,100,99295,100,100106,200,99290,100,100109,100,99202,100,100337,100,99199,100
2019-06-28 09:57:45.705140798,99971,738,99942,538,99972,100,99896,100,100044,100,99554,100,100059,100,99457,100,100090,100,99449,100,100091,100,99374,100,100102,100,99295,100,100106,200,99290,100,100109,100,99202,100,100337,100,99199,100
2019-06-28 09:57:46.165686210,99971,738,99942,538,99972,100,99896,100,100044,100,99554,100,100059,100,99457,100,100090,100,99449,100,100091,100,99374,100,100102,100,99295,100,100106,200,99290,100,100109,100,99202,100,100337,100,99199,100
2019-06-28 09:57:50.000000000,99971,519,99942,319,99972,319,99896,319,100044,100,99554,100,100059,100,99457,100,100090,100,99449,100,100091,100,99374,100,100102,100,99295,100,100106,200,99290,100,100109,100,99202,100,100337,100,99199,100
2019-06-28 09:58:00.000000000,99971,738,99942,538,99972,100,99896,100,100044,100,99554,100,100059,100,99457,100,100090,100,99449,100,100091,100,99374,100,100102,100,99295,100,100106,200,99290,100,100109,100,99202,100,100337,100,99199,100
2019-06-28 09:58:00.722084367,99971,838,99942,538,99972,100,99896,100,100044,100,99554,100,100059,100,99457,100,100090,100,99449,100,100091,100,99374,100,100102,100,99295,100,100106,200,99290,100,100109,100,99202,100,100337,100,99199,100
2019-06-28 09:58:10.000000000,99971,488,99942,188,99972,188,99896,188,100044,188,99554,188,100059,188,99457,188,100090,188,99449,188,100091,100,99374,100,100102,100,99295,100,100106,200,99290,100,100109,100,99202,100,100337,100,99199,100
2019-06-28 09:58:20.000000000,99971,488,99942,188,99972,188,99896,188,100044,188,99554,188,100059,188,99457,188,100090,188,99449,188,100091,100,99374,100,100102,100,99295,100,100106,200,99290,100,100109,100,99202,100,100337,100,99199,100
2019-06-28 09:58:30.000000000,99971,619,99942,319,99972,319,99896,319,100044,100,99554,100,100059,100,99457,100,100090,100,99449,100,100091,100,99374,100,100102,100,99295,100,100106,200,99290,100,100109,100,99202,100,100337,100,99199,100
2019-06-28 09:58:40.000000000,99971,510,99942,210,99972,210,99896,210,100044,210,99554,210,100059,210,99457,210,100090,100,99449,100,100091,100,99374,100,100102,100,99295,100,100106,200,99290,100,100109,100,99202,100,100337,100,99199,100
2019-06-28 09:58:50.000000000,99971,488,99942,188,99972,188,99896,188,100044,188,99554,188,100059,188,99457,188,100090,188,99449,188,100091,100,99374,100,100102,100,99295,100,100106,200,99290,100,100109,100,99202,100,100337,100,99199,100
2019-06-28 09:59:00.000000000,99971,510,99942,210,99972,210,99896,210,100044,210,99554,210,100059,210,99457,210,100090,100,99449,100,100091,100,99374,100,100102,100,99295,100,100106,200,99290,100,100109,100,99202,100,100337,100,99199,100
2019-06-28 09:59:10.000000000,99971,549,99942,249,99972,245,99896,245,100044,245,99554,245,100059,100,99457,100,100090,100,99449,100,100091,100,99374,100,100102,100,99295,100,100106,200,99290,100,100109,100,99202,100,100337,100,99199,100
2019-06-28 09:59:18.649798956,99971,549,99942,249,99972,245,99896,245,100044,245,99554,245,100059,100,99457,100,100090,100,99449,100,100091,100,99374,100,100102,100,99295,100,100106,100,99290,100,100109,100,99202,100,100337,100,99199,100
2019-06-28 09:59:20.000000000,99971,488,99942,188,99972,188,99896,188,100044,188,99554,188,100059,188,99457,188,100090,188,99449,188,100091,100,99374,100,100102,100,99295,100,100106,100,99290,100,100109,100,99202,100,100337,100,99199,100
2019-06-28 09:59:23.558077222,99971,488,99942,188,99972,188,99896,188,100044,188,99554,188,100059,188,99457,188,100090,188,99449,188,100091,100,99374,100,100102,100,99295,100,100106,100,99290,100,100109,100,99202,100,100337,100,99199,100
2019-06-28 09:59:30.000000000,99971,619,99942,319,99972,319,99896,319,100044,100,99554,100,100059,100,99457,100,100090,100,99449,100,100091,100,99374,100,100102,100,99295,100,100106,100,99290,100,100109,100,99202,100,100337,100,99199,100
2019-06-28 09:59:31.759434168,99971,619,99942,219,99972,319,99896,319,100044,100,99554,100,100059,100,99457,100,100090,100,99449,100,100091,100,99374,100,100102,100,99295,100,100106,100,99290,100,100109,100,99202,100,100337,100,99199,100
2019-06-28 09:59:40.000000000,99971,619,99896,319,99972,319,99554,319,100044,100,99457,100,100059,100,99449,100,100090,100,99374,100,100091,100,99295,100,100102,100,99290,100,100106,100,99202,100,100109,100,99199,100,100337,100,99064,100
2019-06-28 09:59:40.691807913,99952,100,99896,319,99971,619,99554,319,99972,319,99457,100,100044,100,99449,100,100059,100,99374,100,100090,100,99295,100,100091,100,99290,100,100102,100,99202,100,100106,100,99199,100,100109,100,99064,100
2019-06-28 09:59:50.000000000,99952,538,99896,538,99971,400,99554,100,99972,100,99457,100,100044,100,99449,100,100059,100,99374,100,100090,100,99295,100,100091,100,99290,100,100102,100,99202,100,100106,100,99199,100,100109,100,99064,100
2019-06-28 09:59:58.439883071,99952,538,99896,438,99971,400,99554,100,99972,100,99457,100,100044,100,99449,100,100059,100,99374,100,100090,100,99295,100,100091,100,99290,100,100102,100,99202,100,100106,100,99199,100,100109,100,99064,100
2019-06-28 10:00:00.000000000,99952,210,99554,210,99971,510,99457,210,99972,210,99449,210,100044,210,99374,210,100059,100,99295,100,100090,100,99290,100,100091,100,99202,100,100102,100,99199,100,100106,100,99064,100,100109,100,99053,100
2019-06-28 10:00:10.000000000,99952,210,99554,210,99971,510,99457,210,99972,210,99449,210,100044,210,99374,210,100059,100,99295,100,100090,100,99290,100,100091,100,99202,100,100102,100,99199,100,100106,100,99064,100,100109,100,99053,100
2019-06-28 10:00:20.000000000,99952,210,99554,210,99971,510,99457,210,99972,210,99449,210,100044,210,99374,210,100059,100,99295,100,100090,100,99290,100,100091,100,99202,100,100102,100,99199,100,100106,100,99064,100,100109,100,99053,100
2019-06-28 10:00:20.670962693,99952,210,99554,210,99971,510,99457,210,99972,210,99449,210,100044,210,99374,210,100059,100,99295,100,100090,100,99290,100,100091,100,99202,100,100102,100,99199,100,100106,100,99053,100,100109,100,99039,100
2019-06-28 10:00:27.116664422,99942,100,99554,210,99952,210,99457,210,99971,510,99449,210,99972,210,99374,210,100044,210,99295,100,100059,100,99290,100,100090,100,99202,100,100091,100,99199,100,100102,100,99053,100,100106,100,99039,100
2019-06-28 10:00:30.000000000,99942,188,99554,188,99952,188,99457,188,99971,488,99449,188,99972,188,99374,188,100044,188,99295,188,100059,100,99290,100,100090,100,99202,100,100091,100,99199,100,100102,100,99053,100,100106,100,99039,100
2019-06-28 10:00:32.619157610,99942,188,99554,188,99952,188,99457,188,99971,488,99449,188,99972,188,99374,188,100044,188,99295,188,100059,100,99290,100,100090,100,99202,100,100091,100,99199,100,100102,100,99053,100,100106,100,99039,100
2019-06-28 10:00:34.068211265,99942,288,99554,188,99952,188,99457,188,99971,488,99449,188,99972,188,99374,188,100044,88,99295,188,100059,100,99290,100,100090,100,99202,100,100091,100,99199,100,100102,100,99053,100,100106,100,99039,100
2019-06-28 10:00:40.000000000,99942,288,99554,188,99952,188,99457,188,99971,488,99449,188,99972,188,99374,188,100059,188,99295,188,100090,100,99290,100,100091,100,99202,100,100102,100,99199,100,100106,100,99053,100,100109,100,99039,100
2019-06-28 10:00:42.542828566,99942,388,99554,188,99952,188,99457,188,99971,488,99449,188,99972,188,99374,188,100059,188,99295,188,100090,100,99290,100,100091,100,99202,100,100102,100,99199,100,100106,100,99053,100,100109,100,99039,100
2019-06-28 10:00:50.000000000,99942,519,99554,319,99952,319,99457,319,99971,400,99449,100,99972,100,99374,100,100059,100,99295,100,100090,100,99290,100,100091,100,99202,100,100102,100,99199,100,100106,100,99053,100,100109,100,99039,100
2019-06-28 10:00:54.689563807,99942,619,99554,319,99952,219,99457,319,99971,400,99449,100,99972,100,99374,100,100059,100,99295,100,100090,100,99290,100,100091,100,99202,100,100102,100,99199,100,100106,100,99053,100,100109,100,99039,100
2019-06-28 10:01:00.000000000,99942,619,99554,319,99971,619,99457,319,99972,100,99449,100,100059,100,99374,100,100090,100,99295,100,100091,100,99290,100,100102,100,99202,100,100106,100,99199,100,100109,100,99053,100,100337,100,99039,100
2019-06-28 10:01:07.551237685,99942,619,99554,219,99971,619,99457,319,99972,100,99449,100,100059,100,99374,100,100090,100,99295,100,100091,100,99290,100,100102,100,99202,100,100106,100,99199,100,100109,100,99053,100,100337,100,99039,100
2019-06-28 10:01:10.000000000,99942,838,99457,538,99971,400,99449,100,99972,100,99374,100,100059,100,99295,100,100090,100,99290,100,100091,100,99202,100,100102,100,99199,100,100106,100,99053,100,100109,100,99039,100,100337,100,99007,100
2019-06-28 10:01:12.934768168,99942,838,99457,538,99971,400,99449,100,99972,100,99374,100,100059,100,99295,100,100090,100,99290,100,100091,100,99202,100,100102,100,99199,100,100106,100,99053,100,100109,100,99048,100,100337,100,99039,100
2019-06-28 10:01:20.000000000,99942,510,99457,210,99971,510,99449,210,99972,210,99374,210,100059,210,99295,210,100090,100,99290,100,100091,100,99202,100,100102,100,99199,100,100106,100,99053,100,100109,100,99048,100,100337,100,99039,100
2019-06-28 10:01:30.000000000,99942,488,99457,188,99971,488,99449,188,99972,188,99374,188,100059,188,99295,188,100090,188,99290,188,100091,100,99202,100,100102,100,99199,100,100106,100,99053,100,100109,100,99048,100,100337,100,99039,100
2019-06-28 10:01:34.795944567,99942,488,99457,88,99971,488,99449,188,99972,188,99374,188,100059,188,99295,188,100090,188,99290,188,100091,100,99202,100,100102,100,99199,100,100106,100,99053,100,100109,100,99048,100,100337,100,99039,100
2019-06-28 10:01:40.000000000,99942,488,99449,188,99971,488,99374,188,99972,188,99295,188,100059,188,99290,188,100090,188,99202,188,100091,100,99199,100,100102,100,99053,100,100106,100,99048,100,100109,100,99039,100,100337,100,99007,100
2019-06-28 10:01:50.000000000,99942,488,99449,188,99971,488,99374,188,99972,188,99295,188,100059,188,99290,188,100090,188,99202,188,100091,100,99199,100,100102,100,99053,100,100106,100,99048,100,100109,100,99039,100,100337,100,99007,100
2019-06-28 10:01:52.791740132,99942,488,99449,188,99971,488,99374,188,99972,188,99295,188,100059,188,99290,188,100090,188,99202,188,100091,100,99199,100,100102,100,99053,100,100106,100,99048,100,100109,100,99039,100,100337,100,99007,100
2019-06-28 10:02:00.000000000,99942,838,99449,538,99971,400,99374,100,99972,100,99295,100,100059,100,99290,100,100090,100,99202,100,100091,100,99199,100,100102,100,99053,100,100106,100,99048,100,100109,100,99039,100,100337,100,99007,100
2019-06-28 10:02:10.000000000,99942,488,99449,188,99971,488,99374,188,99972,188,99295,188,100059,188,99290,188,100090,188,99202,188,100091,100,99199,100,100102,100,99053,100,100106,100,99048,100,100109,100,99039,100,100337,100,99007,100
2019-06-28 10:02:20.000000000,99942,488,99449,188,99971,488,99374,188,99972,188,99295,188,100059,188,99290,188,100090,188,99202,188,100091,100,99199,100,100102,100,99053,100,100106,100,99048,100,100109,100,99039,100,100337,100,99007,100
2019-06-28 10:02:21.707942469,99601,100,99449,188,99942,488,99374,188,99971,488,99295,188,99972,188,99290,188,100059,188,99202,188,100090,188,99199,100,100091,100,99053,100,100102,100,99048,100,100106,100,99039,100,100109,100,99007,100
2019-06-28 10:02:26.198030870,99601,100,99449,188,99942,488,99374,188,99971,488,99295,188,99972,188,99290,188,100059,188,99202,88,100090,188,99199,100,100091,100,99155,100,100102,100,99053,100,100106,100,99048,100,100109,100,99039,100
2019-06-28 10:02:30.000000000,99601,210,99449,210,99942,510,99374,210,99971,510,99295,210,99972,210,99290,210,100059,100,99199,100,100090,100,99155,100,100091,100,99053,100,100102,100,99048,100,100106,100,99039,100,100109,100,99007,100
2019-06-28 10:02:30.615633931,99601,210,99449,210,99942,510,99374,210,99971,510,99295,210,99972,210,99290,210,100059,100,99237,100,100090,100,99199,100,100091,100,99155,100,100106,100,99053,100,100109,100,99048,100,100337,100,99039,100
2019-06-28 10:02:40.000000000,99601,249,99449,249,99942,545,99374,245,99971,545,99295,245,99972,100,99290,100,100059,100,99237,100,100090,100,99199,100,100091,100,99155,100,100106,100,99053,100,100109,100,99048,100,100337,100,99039,100
2019-06-28 10:02:50.000000000,99601,538,99449,538,99942,400,99374,100,99971,400,99295,100,99972,100,99290,100,100059,100,99237,100,100090,100,99199,100,100091,100,99155,100,100106,100,99053,100,100109,100,99048,100,100337,100,99039,100
2019-06-28 10:03:00.000000000,99601,319,99449,319,99942,619,99374,319,99971,400,99295,100,99972,100,99290,100,100059,100,99237,100,100090,100,99199,100,100091,100,99155,100,100106,100,99053,100,100109,100,99048,100,100337,100,99039,100
2019-06-28 10:03:02.157526186,99592,100,99449,319,99601,319,99374,319,99942,619,99295,100,99971,400,99290,100,99972,100,99237,100,100059,100,99199,100,100090,100,99155,100,100091,100,99053,100,100106,100,99048,100,100109,100,99039,100
2019-06-28 10:03:10.000000000,99592,538,99449,538,99601,100,99374,100,99942,400,99295,100,99971,400,99290,100,99972,100,99237,100,100059,100,99199,100,100090,100,99155,100,100091,100,99053,100,100106,100,99048,100,100109,100,99039,100
2019-06-28 10:03:14.445982519,99592,438,99449,538,99942,400,99374,100,99971,400,99295,100,99972,100,99290,100,100059,100,99237,100,100090,100,99199,100,100091,100,99155,100,100106,100,99053,100,100109,100,99048,100,100337,100,99039,100
2019-06-28 10:03:17.965581342,99592,438,99449,538,99942,400,99374,100,99971,400,99295,100,99972,100,99290,100,100059,100,99284,100,100090,100,99237,100,100091,100,99199,100,100106,100,99155,100,100109,100,99053,100,100337,100,99048,100
2019-06-28 10:03:20.000000000,99942,549,99449,249,99971,545,99374,245,99972,245,99295,245,100059,100,99290,100,100090,100,99284,100,100091,100,99237,100,100106,100,99199,100,100109,100,99155,100,100337,100,99053,100,100542,100,99048,100
2019-06-28 10:03:26.560557431,99942,549,99473,100,99971,545,99449,249,99972,245,99374,245,100059,100,99295,245,100090,100,99290,100,100091,100,99284,100,100106,100,99237,100,100109,100,99199,100,100337,100,99155,100,100542,100,99053,100
2019-06-28 10:03:30.000000000,99942,510,99473,210,99971,510,99449,210,99972,210,99374,210,100059,210,99295,210,100090,100,99290,100,100091,100,99284,100,100106,100,99237,100,100109,100,99199,100,100337,100,99155,100,100542,100,99053,100
2019-06-28 10:03:39.706617104,99942,510,99548,100,99971,510,99473,210,99972,210,99449,210,100059,210,99374,210,100090,100,99295,210,100091,100,99290,100,100106,100,99284,100,100109,100,99237,100,100337,100,99199,100,100542,100,99155,100
2019-06-28 10:03:40.000000000,99942,549,99548,249,99971,545,99473,245,99972,245,99449,245,100059,100,99374,100,100090,100,99295,100,100091,100,99290,100,100106,100,99284,100,100109,100,99237,100,100337,100,99199,100,100542,100,99155,100
2019-06-28 10:03:42.450744140,99942,449,99548,249,99971,545,99473,245,99972,245,99458,100,100059,100,99449,245,100090,100,99374,100,100091,100,99295,100,100106,100,99290,100,100109,100,99284,100,100337,100,99237,100,100542,100,99199,100
2019-06-28 10:03:50.000000000,99942,410,99548,210,99971,510,99473,210,99972,210,99458,210,100059,210,99449,210,100090,100,99374,100,100091,100,99295,100,100106,100,99290,100,100109,100,99284,100,100337,100,99237,100,100542,100,99199,100
2019-06-28 10:04:00.000000000,99942,388,99548,188,99971,488,99473,188,99972,188,99458,188,100059,188,99449,188,100090,188,99374,188,100091,100,99295,100,100106,100,99290,100,100109,100,99284,100,100337,100,99237,100,100542,100,99199,100
2019-06-28 10:04:10.000000000,99942,410,99548,210,99971,510,99473,210,99972,210,99458,210,100059,210,99449,210,100090,100,99374,100,100091,100,99295,100,100106,100,99290,100,100109,100,99284,100,100337,100,99237,100,100542,100,99199,100
2019-06-28 10:04:10.909123606,99942,410,99548,210,99971,510,99473,210,99972,210,99458,210,100059,210,99449,210,100090,100,99374,100,100106,100,99295,100,100109,100,99290,100,100337,100,99284,100,100542,100,99237,100,100628,100,99199,100
2019-06-28 10:04:20.000000000,99942,449,99548,249,99971,545,99473,245,99972,245,99458,245,100059,100,99449,100,100090,100,99374,100,100106,100,99295,100,100109,100,99290,100,100337,100,99284,100,100542,100,99237,100,100628,100,99199,100
2019-06-28 10:04:30.000000000,99942,738,99548,538,99971,400,99473,100,99972,100,99458,100,100059,100,99449,100,100090,100,99374,100,100106,100,99295,100,100109,100,99290,100,100337,100,99284,100,100542,100,99237,100,100628,100,99199,100
2019-06-28 10:04:37.887523635,99942,638,99548,538,99971,400,99473,100,99972,100,99458,100,100059,100,99449,100,100090,100,99374,100,100106,100,99295,100,100109,100,99290,100,100337,100,99284,100,100542,100,99237,100,100628,100,99199,100
2019-06-28 10:04:40.000000000,99942,288,99548,188,99971,488,99473,188,99972,188,99458,188,100059,188,99449,188,100090,188,99374,188,100106,100,99295,100,100109,100,99290,100,100337,100,99284,100,100542,100,99237,100,100628,100,99199,100
2019-06-28 10:04:50.000000000,99942,288,99548,188,99971,488,99473,188,99972,188,99458,188,100059,188,99449,188,100090,188,99374,188,100106,100,99295,100,100109,100,99290,100,100337,100,99284,100,100542,100,99237,100,100628,100,99199,100
2019-06-28 10:04:51.776722231,99942,288,99548,188,99971,488,99473,188,99972,188,99458,188,100059,188,99449,188,100090,188,99374,188,100106,100,99295,100,100109,100,99290,100,100337,100,99284,100,100542,100,99237,100,100628,100,99199,100
2019-06-28 10:05:00.000000000,99942,638,99548,538,99971,400,99473,100,99972,100,99458,100,100059,100,99449,100,100090,100,99374,100,100106,100,99295,100,100109,100,99290,100,100337,100,99284,100,100542,100,99237,100,100628,100,99199,100
2019-06-28 10:05:10.000000000,99942,419,99548,319,99971,619,99473,319,99972,100,99458,100,100059,100,99449,100,100090,100,99374,100,100106,100,99295,100,100109,100,99290,100,100337,100,99284,100,100542,100,99237,100,100628,100,99199,100
2019-06-28 10:05:11.051371977,99942,419,99592,100,99971,519,99548,319,99972,100,99473,319,100059,100,99458,100,100090,100,99449,100,100106,100,99374,100,100109,100,99295,100,100337,100,99290,100,100542,100,99284,100,100628,100,99237,100
2019-06-28 10:05:20.000000000,99942,288,99592,188,99971,388,99548,188,99972,188,99473,188,100059,188,99458,188,100090,188,99449,188,100106,100,99374,100,100109,100,99295,100,100337,100,99290,100,100542,100,99284,100,100628,100,99237,100
2019-06-28 10:05:28.528640254,99942,288,99592,188,99971,388,99548,188,99972,188,99473,88,100059,188,99458,188,100090,188,99449,188,100106,100,99374,100,100109,100,99295,100,100337,100,99290,100,100542,100,99284,100,100628,100,99237,100
2019-06-28 10:05:30.000000000,99942,310,99592,210,99971,410,99548,210,99972,210,99458,210,100059,210,99449,210,100090,100,99374,100,100106,100,99295,100,100109,100,99290,100,100337,100,99284,100,100542,100,99237,100,100628,100,99199,100
2019-06-28 10:05:30.367180496,99942,210,99592,210,99971,410,99548,210,99972,210,99458,210,100059,210,99449,210,100090,100,99374,100,100106,100,99295,100,100109,100,99290,100,100337,100,99284,100,100542,100,99237,100,100628,100,99199,100
2019-06-28 10:05:40.000000000,99942,188,99592,188,99971,388,99548,188,99972,188,99458,188,100059,188,99449,188,100090,188,99374,188,100106,100,99295,100,100109,100,99290,100,100337,100,99284,100,100542,100,99237,100,100628,100,99199,100
2019-06-28 10:05:42.393159226,99942,188,99592,88,99971,388,99548,188,99972,188,99458,188,100059,188,99449,188,100090,188,99374,188,100106,100,99295,100,100109,100,99290,100,100337,100,99284,100,100542,100,99237,100,100628,100,99199,100
2019-06-28 10:05:48.807229859,99942,188,99592,88,99971,388,99548,88,99972,188,99458,188,100059,188,99449,188,100090,188,99374,188,100106,100,99295,100,100109,100,99290,100,100337,100,99284,100,100542,100,99237,100,100628,100,99199,100
2019-06-28 10:05:50.000000000,99942,188,99458,188,99971,388,99449,188,99972,188,99374,188,100059,188,99295,188,100090,188,99290,188,100106,100,99284,100,100109,100,99237,100,100337,100,99199,100,100542,100,99155,100,100628,100,99053,100
2019-06-28 10:06:00.000000000,99942,249,99458,249,99971,445,99449,245,99972,245,99374,245,100059,100,99295,100,100090,100,99290,100,100106,100,99284,100,100109,100,99237,100,100337,100,99199,100,100542,100,99155,100,100628,100,99053,100
2019-06-28 10:06:01.028776302,99942,249,99458,249,99971,445,99449,245,99972,245,99374,245,100059,100,99295,100,100090,100,99290,100,100106,100,99284,100,100109,100,99237,100,100337,100,99199,100,100542,100,99155,100,100628,100,99039,100
2019-06-28 10:06:10.000000000,99942,319,99458,319,99971,519,99449,319,99972,100,99374,100,100059,100,99295,100,100090,100,99290,100,100106,100,99284,100,100109,100,99237,100,100337,100,99199,100,100542,100,99155,100,100628,100,99039,100
2019-06-28 10:06:20.000000000,99942,249,99458,249,99971,445,99449,245,99972,245,99374,245,100059,100,99295,100,100090,100,99290,100,100106,100,99284,100,100109,100,99237,100,100337,100,99199,100,100542,100,99155,100,100628,100,99039,100
2019-06-28 10:06:30.000000000,99942,319,99458,319,99971,519,99449,319,99972,100,99374,100,100059,100,99295,100,100090,100,99290,100,100106,100,99284,100,100109,100,99237,100,100337,100,99199,100,100542,100,99155,100,100628,100,99039,100
2019-06-28 10:06:38.839181513,99942,219,99458,319,99971,519,99449,319,99972,100,99374,100,100059,100,99295,100,100090,100,99290,100,100106,100,99284,100,100109,100,99237,100,100337,100,99199,100,100542,100,99155,100,100628,100,99039,100
2019-06-28 10:06:40.000000000,99971,519,99458,319,99972,319,99449,319,100059,100,99374,100,100090,100,99295,100,100106,100,99290,100,100109,100,99284,100,100337,100,99237,100,100542,100,99199,100,100628,100,99155,100,100631,100,99039,100
2019-06-28 10:06:47.466725039,99971,519,99942,100,99972,319,99458,319,100059,100,99449,319,100090,100,99374,100,100106,100,99295,100,100109,100,99290,100,100337,100,99284,100,100542,100,99237,100,100628,100,99199,100,100631,100,99155,100
2019-06-28 10:06:50.000000000,99971,449,99942,249,99972,245,99458,245,100059,245,99449,245,100090,100,99374,100,100106,100,99295,100,100109,100,99290,100,100337,100,99284,100,100542,100,99237,100,100628,100,99199,100,100631,100,99155,100
2019-06-28 10:06:56.556616525,99971,349,99942,249,99972,245,99458,245,100059,245,99449,245,100090,100,99374,100,100106,100,99295,100,100109,100,99290,100,100337,100,99284,100,100542,100,99237,100,100628,100,99199,100,100631,100,99039,100
2019-06-28 10:07:00.000000000,99971,288,99942,188,99972,188,99458,188,100059,188,99449,188,100090,188,99374,188,100106,188,99295,188,100109,100,99290,100,100337,100,99284,100,100542,100,99237,100,100628,100,99199,100,100631,100,99039,100
2019-06-28 10:07:00.938906930,99971,188,99942,188,99972,188,99458,188,100059,188,99449,188,100090,188,99374,188,100106,188,99295,188,100109,100,99290,100,100337,100,99284,100,100542,100,99237,100,100628,100,99199,100,100631,100,99039,100
2019-06-28 10:07:01.913007513,99971,88,99942,188,99972,188,99458,188,100059,188,99449,188,100090,188,99374,188,100106,188,99295,188,100109,100,99290,100,100337,100,99284,100,100542,100,99237,100,100628,100,99199,100,100631,100,99039,100
2019-06-28 10:07:10.000000000,99972,319,99942,319,100059,319,99458,319,100090,100,99449,100,100106,100,99374,100,100109,100,99295,100,100337,100,99290,100,100542,100,99284,100,100628,100,99237,100,100631,100,99199,100,100821,100,99039,100
2019-06-28 10:07:20.000000000,99972,188,99942,188,100059,188,99458,188,100090,188,99449,188,100106,188,99374,188,100109,188,99295,188,100337,100,99290,100,100542,100,99284,100,100628,100,99237,100,100631,100,99199,100,100821,100,99039,100
2019-06-28 10:07:22.010986141,99972,88,99942,188,100059,188,99458,188,100090,188,99449,188,100106,188,99374,188,100109,188,99295,188,100337,100,99290,100,100542,100,99284,100,100628,100,99237,100,100631,100,99199,100,100821,100,99039,100
2019-06-28 10:07:30.000000000,100059,210,99942,210,100090,210,99458,210,100106,210,99449,210,100109,210,99374,210,100337,100,99295,100,100542,100,99290,100,100628,100,99284,100,100631,100,99237,100,100821,100,99199,100,100882,100,99039,100
2019-06-28 10:07:40.000000000,100059,319,99942,319,100090,319,99458,319,100106,100,99449,100,100109,100,99374,100,100337,100,99295,100,100542,100,99290,100,100628,100,99284,100,100631,100,99237,100,100821,100,99199,100,100882,100,99039,100
2019-06-28 10:07:42.587476725,100059,319,99942,319,100090,319,99458,319,100106,100,99449,100,100109,100,99374,100,100144,100,99295,100,100337,100,99290,100,100542,100,99284,100,100628,100,99237,100,100631,100,99199,100,100882,100,99039,100
2019-06-28 10:07:50.000000000,100059,210,99942,210,100090,210,99458,210,100106,210,99449,210,100109,210,99374,210,100144,100,99295,100,100337,100,99290,100,100542,100,99284,100,100628,100,99237,100,100631,100,99199,100,100882,100,99039,100
2019-06-28 10:08:00.000000000,100059,210,99942,210,100090,210,99458,210,100106,210,99449,210,100109,210,99374,210,100144,100,99295,100,100337,100,99290,100,100542,100,99284,100,100628,100,99237,100,100631,100,99199,100,100882,100,99039,100
2019-06-28 10:08:10.000000000,100059,188,99942,188,100090,188,99458,188,100106,188,99449,188,100109,188,99374,188,100144,188,99295,188,100337,100,99290,100,100542,100,99284,100,100628,100,99237,100,100631,100,99199,100,100882,100,99039,100
2019-06-28 10:08:10.133762694,100059,188,99942,188,100090,188,99913,100,100106,188,99458,188,100109,188,99449,188,100144,188,99374,188,100337,100,99295,188,100542,100,99290,100,100628,100,99284,100,100631,100,99237,100,100882,100,99199,100
2019-06-28 10:08:15.374187385,100059,188,99942,188,100090,188,99913,100,100106,188,99822,100,100109,188,99458,188,100144,188,99449,188,100337,100,99374,188,100542,100,99295,188,100628,100,99290,100,100631,100,99284,100,100882,100,99199,100
2019-06-28 10:08:20.000000000,100059,188,99942,188,100090,188,99913,188,100106,188,99822,188,100109,188,99458,188,100144,188,99449,188,100337,100,99374,100,100542,100,99295,100,100628,100,99290,100,100631,100,99284,100,100882,100,99199,100
2019-06-28 10:08:30.000000000,100059,319,99942,319,100090,319,99913,319,100106,100,99822,100,100109,100,99458,100,100144,100,99449,100,100337,100,99374,100,100542,100,99295,100,100628,100,99290,100,100631,100,99284,100,100882,100,99199,100
2019-06-28 10:08:40.000000000,100059,319,99942,319,100090,319,99913,319,100106,100,99822,100,100109,100,99458,100,100144,100,99449,100,100337,100,99374,100,100542,100,99295,100,100628,100,99290,100,100631,100,99284,100,100882,100,99199,100
2019-06-28 10:08:50.000000000,100059,319,99942,319,100090,319,99913,319,100106,100,99822,100,100109,100,99458,100,100144,100,99449,100,100337,100,99374,100,100542,100,99295,100,100628,100,99290,100,100631,100,99284,100,100882,100,99199,100
2019-06-28 10:09:00.000000000,100059,319,99942,319,100090,319,99913,319,100106,100,99822,100,100109,100,99458,100,100144,100,99449,100,100337,100,99374,100,100542,100,99295,100,100628,100,99290,100,100631,100,99284,100,100882,100,99199,100
2019-06-28 10:09:10.000000000,100059,319,99942,319,100090,319,99913,319,100106,100,99822,100,100109,100,99458,100,100144,100,99449,100,100337,100,99374,100,100542,100,99295,100,100628,100,99290,100,100631,100,99284,100,100882,100,99199,100
2019-06-28 10:09:17.234697737,100059,319,99971,100,100090,319,99942,319,100106,100,99913,319,100109,100,99822,100,100144,100,99458,100,100337,100,99449,100,100542,100,99374,100,100628,100,99295,100,100631,100,99290,100,100882,100,99284,100
2019-06-28 10:09:18.353746238,100059,219,99971,100,100090,319,99942,319,100106,100,99913,319,100109,100,99822,100,100144,100,99458,100,100337,100,99449,100,100542,100,99374,100,100628,100,99295,100,100631,100,99290,100,100882,100,99284,100
2019-06-28 10:09:20.000000000,100090,210,99971,210,100106,210,99942,210,100109,210,99913,210,100144,210,99822,210,100337,100,99458,100,100542,100,99449,100,100628,100,99374,100,100631,100,99295,100,100882,100,99290,100,100889,100,99284,100
2019-06-28 10:09:20.933722383,100090,110,99971,210,100106,210,99942,210,100109,210,99913,210,100144,210,99822,210,100337,100,99458,100,100542,100,99449,100,100628,100,99374,100,100631,100,99295,100,100882,100,99290,100,100889,100,99284,100
