,ask_price_1,ask_size_1,bid_price_1,bid_size_1,ask_price_2,ask_size_2,bid_price_2,bid_size_2,ask_price_3,ask_size_3,bid_price_3,bid_size_3,ask_price_4,ask_size_4,bid_price_4,bid_size_4,ask_price_5,ask_size_5,bid_price_5,bid_size_5,ask_price_6,ask_size_6,bid_price_6,bid_size_6,ask_price_7,ask_size_7,bid_price_7,bid_size_7,ask_price_8,ask_size_8,bid_price_8,bid_size_8,ask_price_9,ask_size_9,bid_price_9,bid_size_9,ask_price_10,ask_size_10,bid_price_10,bid_size_10
2019-06-28 09:30:00.000000001,100013,100,,,,,,,,,,,,,,,,,,,,,,,,,,,,,,,,,,,,,,
2019-06-28 09:30:00.000000002,100013,100,,,100122,100,,,,,,,,,,,,,,,,,,,,,,,,,,,,,,,,,,
2019-06-28 09:30:00.000000009,100013,100,,,100019,100,,,100122,100,,,,,,,,,,,,,,,,,,,,,,,,,,,,,,
2019-06-28 09:30:00.000000011,100013,100,99891,100,100019,100,,,100122,100,,,,,,,,,,,,,,,,,,,,,,,,,,,,,,
2019-06-28 09:30:00.000000012,100013,100,99917,100,100019,100,99891,100,100122,100,,,,,,,,,,,,,,,,,,,,,,,,,,,,,,
2019-06-28 09:30:00.000000017,100013,100,99917,100,100019,100,99891,100,100122,100,,,100147,100,,,,,,,,,,,,,,,,,,,,,,,,,,
2019-06-28 09:30:00.000000020,100013,100,99917,100,100019,100,99891,100,100102,100,,,100122,100,,,100147,100,,,,,,,,,,,,,,,,,,,,,,
2019-06-28 09:30:00.000000021,100019,100,99917,100,100102,100,99891,100,100122,100,,,100147,100,,,,,,,,,,,,,,,,,,,,,,,,,,
2019-06-28 09:30:00.000000023,100102,100,99917,100,100122,100,99891,100,100147,100,,,,,,,,,,,,,,,,,,,,,,,,,,,,,,
2019-06-28 09:30:00.000000025,100102,100,99970,100,100122,100,99917,100,100147,100,99891,100,,,,,,,,,,,,,,,,,,,,,,,,,,,,
2019-06-28 09:30:00.000000027,100102,100,99993,100,100122,100,99970,100,100147,100,99917,100,,,99891,100,,,99785,100,,,,,,,,,,,,,,,,,,,,
2019-06-28 09:30:00.000000030,100102,100,99993,100,100122,100,99970,100,100147,100,99951,100,,,99917,100,,,99891,100,,,99785,100,,,,,,,,,,,,,,,,
2019-06-28 09:30:00.000000032,100102,100,99993,100,100122,100,99970,100,100147,100,99951,100,,,99917,100,,,99891,100,,,99870,100,,,99785,100,,,,,,,,,,,,
2019-06-28 09:30:00.000000033,100086,100,99970,100,100102,100,99951,100,100122,100,99917,100,100147,100,99891,100,,,99870,100,,,99785,100,,,,,,,,,,,,,,,,
2019-06-28 09:30:00.000000034,100079,100,99970,100,100086,100,99951,100,100102,100,99917,100,100122,100,99891,100,100147,100,99870,100,,,99785,100,,,,,,,,,,,,,,,,
2019-06-28 09:30:00.000000037,100079,100,99970,100,100086,100,99951,100,100102,100,99917,100,100116,100,99891,100,100122,100,99870,100,100147,100,99785,100,,,,,,,,,,,,,,,,
2019-06-28 09:30:00.000000039,100079,100,99993,100,100086,100,99970,100,100102,100,99951,100,100116,100,99917,100,100122,100,99891,100,100147,100,99870,100,,,99785,100,,,,,,,,,,,,
2019-06-28 09:30:00.000000041,99994,100,99970,100,100079,100,99951,100,100086,100,99917,100,100102,100,99891,100,100116,100,99870,100,100122,100,99785,100,100147,100,,,,,,,,,,,,,,
2019-06-28 09:30:00.000000044,99994,100,99951,100,100079,100,99917,100,100086,100,99891,100,100102,100,99870,100,100116,100,99785,100,100122,100,,,100147,100,,,,,,,,,,,,,,
2019-06-28 09:30:00.000000047,99980,100,99951,100,99994,100,99917,100,100067,100,99891,100,100079,100,99870,100,100086,100,99785,100,100102,100,,,100116,100,,,100122,100,,,100147,100,,,,,,
2019-06-28 09:30:00.000000048,99980,100,99951,100,99993,100,99917,100,99994,100,99891,100,100067,100,99870,100,100079,100,99785,100,100086,100,,,100102,100,,,100116,100,,,100122,100,,,100147,100,,
2019-06-28 09:30:00.000000051,99993,100,99951,100,99994,100,99917,100,100067,100,99891,100,100079,100,99870,100,100086,100,99785,100,100102,100,,,100116,100,,,100122,100,,,100147,100,,,,,,
2019-06-28 09:30:00.000000053,99980,100,99951,100,99993,100,99936,100,99994,100,99917,100,100067,100,99891,100,100079,100,99870,100,100086,100,99785,100,100102,100,,,100116,100,,,100122,100,,,100147,100,,
2019-06-28 09:30:00.000000054,99993,100,99951,100,99994,100,99936,100,100067,100,99927,100,100079,100,99917,100,100086,100,99891,100,100102,100,99870,100,100116,100,99785,100,100122,100,,,100147,100,,,,,,
2019-06-28 09:30:00.000000055,99993,100,99951,100,99994,100,99936,100,100067,100,99927,100,100072,100,99917,100,100079,100,99891,100,100086,100,99870,100,100102,100,99785,100,100116,100,,,100122,100,,,100147,100,,
2019-06-28 09:30:00.000000056,99993,100,99951,100,99994,100,99936,100,100021,100,99927,100,100067,100,99917,100,100072,100,99891,100,100079,100,99870,100,100086,100,99785,100,100102,100,,,100116,100,,,100122,100,,
2019-06-28 09:30:00.000000057,99993,100,99951,100,99994,100,99936,100,100021,100,99927,100,100067,100,99917,100,100072,100,99891,100,100079,100,99885,100,100086,100,99870,100,100102,100,99785,100,100116,100,,,100122,100,,
2019-06-28 09:30:00.000000059,99993,100,99980,100,99994,100,99951,100,100021,100,99936,100,100067,100,99927,100,100072,100,99917,100,100079,100,99891,100,100086,100,99885,100,100102,100,99870,100,100116,100,99785,100,100122,100,,
2019-06-28 09:30:00.000000063,99993,100,99980,100,99994,100,99951,100,100009,100,99936,100,100021,100,99927,100,100067,100,99917,100,100072,100,99891,100,100079,100,99885,100,100086,100,99870,100,100102,100,99785,100,100116,100,,
2019-06-28 09:30:00.000000065,99993,100,99980,100,99994,100,99951,100,100009,100,99936,100,100021,100,99927,100,100067,100,99917,100,100072,100,99891,100,100079,100,99885,100,100086,100,99874,100,100102,100,99870,100,100116,100,99785,100
2019-06-28 09:30:00.000000066,99993,100,99980,100,99994,100,99951,100,100009,100,99936,100,100021,100,99927,100,100067,100,99917,100,100072,100,99891,100,100079,100,99885,100,100086,100,99874,100,100102,100,99870,100,100116,100,99800,100
2019-06-28 09:30:00.000000067,99993,100,99967,100,99994,100,99951,100,100009,100,99936,100,100021,100,99927,100,100067,100,99917,100,100072,100,99891,100,100079,100,99885,100,100080,100,99874,100,100086,100,99870,100,100102,100,99800,100
2019-06-28 09:30:00.000000068,99993,100,99967,100,99994,100,99951,100,100009,100,99936,100,100021,100,99927,100,100067,100,99917,100,100072,100,99891,100,100079,100,99885,100,100080,100,99874,100,100086,100,99870,100,100102,100,99840,100
2019-06-28 09:30:00.000000071,99993,100,99980,100,99994,100,99967,100,100009,100,99951,100,100021,100,99936,100,100067,100,99927,100,100072,100,99917,100,100079,100,99891,100,100080,100,99885,100,100086,100,99874,100,100102,100,99870,100
2019-06-28 09:30:00.000000073,99993,100,99980,100,99994,100,99967,100,100009,100,99951,100,100021,100,99936,100,100067,100,99927,100,100072,100,99917,100,100079,100,99891,100,100080,100,99885,100,100086,100,99874,100,100102,100,99870,100
2019-06-28 09:30:00.000000076,99993,100,99967,100,99994,100,99951,100,100009,100,99936,100,100021,100,99927,100,100067,100,99917,100,100072,100,99891,100,100079,100,99885,100,100080,100,99874,100,100086,100,99870,100,100102,100,99840,100
2019-06-28 09:30:00.000000077,99993,100,99967,100,99994,100,99951,100,100009,100,99936,200,100021,100,99927,100,100067,100,99917,100,100072,100,99891,100,100079,100,99885,100,100080,100,99874,100,100086,100,99870,100,100102,100,99840,100
2019-06-28 09:30:00.000000078,99993,100,99967,100,99994,100,99951,100,100009,100,99936,300,100021,100,99927,100,100067,100,99917,100,100072,100,99891,100,100079,100,99885,100,100080,100,99874,100,100086,100,99870,100,100102,100,99840,100
2019-06-28 09:30:00.000000079,99994,100,99967,100,100009,100,99951,100,100021,100,99936,300,100067,100,99927,100,100072,100,99917,100,100079,100,99891,100,100080,100,99885,100,100086,100,99874,100,100102,100,99870,100,100116,100,99840,100
2019-06-28 09:30:00.000000080,99994,100,99967,100,100009,100,99951,100,100021,100,99936,300,100030,100,99932,100,100067,100,99927,100,100072,100,99917,100,100079,100,99891,100,100080,100,99885,100,100086,100,99874,100,100102,100,99870,100
2019-06-28 09:30:00.000000084,99994,100,99967,100,100009,100,99951,100,100021,100,99936,300,100030,100,99932,100,100067,100,99927,100,100072,100,99917,100,100079,100,99891,100,100080,100,99890,100,100086,100,99885,100,100102,100,99874,100
2019-06-28 09:30:00.000000086,99994,100,99967,100,100009,100,99951,100,100020,100,99936,300,100021,100,99932,100,100030,100,99927,100,100067,100,99917,100,100072,100,99891,100,100079,100,99890,100,100080,100,99885,100,100086,100,99874,100
2019-06-28 09:30:00.000000087,99994,100,99967,100,100009,100,99957,100,100020,100,99951,100,100021,100,99936,300,100030,100,99932,100,100067,100,99927,100,100072,100,99917,100,100079,100,99891,100,100080,100,99890,100,100086,100,99885,100
2019-06-28 09:30:00.000000088,99994,100,99980,100,100009,100,99967,100,100020,100,99957,100,100021,100,99951,100,100030,100,99936,300,100067,100,99932,100,100072,100,99927,100,100079,100,99917,100,100080,100,99891,100,100086,100,99890,100
2019-06-28 09:30:00.000000089,99994,100,99980,100,100009,100,99967,100,100020,100,99957,100,100021,100,99951,100,100030,100,99936,300,100067,100,99932,100,100072,200,99927,100,100079,100,99917,100,100080,100,99891,100,100086,100,99890,100
2019-06-28 09:30:00.000000090,100009,100,99980,100,100020,100,99967,100,100021,100,99957,100,100030,100,99951,100,100067,100,99936,300,100072,200,99932,100,100079,100,99927,100,100080,100,99917,100,100086,100,99891,100,100102,100,99890,100
2019-06-28 09:30:00.000000091,100009,100,99980,100,100020,100,99967,100,100021,100,99957,100,100030,100,99951,100,100067,100,99936,300,100069,100,99932,100,100072,200,99927,100,100079,100,99917,100,100080,100,99891,100,100086,100,99890,100
2019-06-28 09:30:00.000000092,100009,100,99993,100,100020,100,99980,100,100021,100,99967,100,100030,100,99957,100,100067,100,99951,100,100069,100,99936,300,100072,200,99932,100,100079,100,99927,100,100080,100,99917,100,100086,100,99891,100
2019-06-28 09:30:00.000000094,100009,100,99993,100,100020,100,99980,100,100021,100,99967,100,100030,100,99957,100,100067,100,99951,100,100069,100,99936,300,100072,200,99932,100,100079,100,99927,100,100080,100,99917,100,100086,100,99891,100
2019-06-28 09:30:00.000000097,100009,100,99993,100,100020,100,99980,100,100021,100,99967,100,100030,100,99957,100,100049,100,99951,100,100067,100,99936,300,100069,100,99932,100,100072,200,99927,100,100079,100,99917,100,100080,100,99891,100
2019-06-28 09:30:00.000000099,100009,100,99993,100,100020,100,99980,100,100021,100,99967,100,100030,100,99957,100,100049,100,99951,100,100067,100,99936,300,100069,100,99932,100,100072,200,99927,100,100079,100,99917,100,100080,100,99891,100
2019-06-28 09:30:10.000000000,100009,194,99993,194,100020,194,99980,194,100021,194,99967,194,100030,194,99957,194,100049,100,99951,100,100067,100,99936,300,100069,100,99932,100,100072,200,99927,100,100079,100,99917,100,100080,100,99891,100
2019-06-28 09:30:20.000000000,100009,229,99993,229,100020,225,99980,225,100021,225,99967,225,100030,100,99957,100,100049,100,99951,100,100067,100,99936,300,100069,100,99932,100,100072,200,99927,100,100079,100,99917,100,100080,100,99891,100
2019-06-28 09:30:30.000000000,100009,478,99993,478,100020,100,99980,100,100021,100,99967,100,100030,100,99957,100,100049,100,99951,100,100067,100,99936,300,100069,100,99932,100,100072,200,99927,100,100079,100,99917,100,100080,100,99891,100
2019-06-28 09:30:40.000000000,100009,176,99993,176,100020,176,99980,176,100021,176,99967,176,100030,176,99957,176,100049,176,99951,176,100067,100,99936,300,100069,100,99932,100,100072,200,99927,100,100079,100,99917,100,100080,100,99891,100
2019-06-28 09:30:48.263863604,100009,76,99993,176,100020,176,99980,176,100021,176,99967,176,100030,176,99957,176,100049,176,99951,176,100067,100,99936,300,100069,100,99932,100,100072,200,99927,100,100079,100,99917,100,100080,100,99891,100
2019-06-28 09:30:50.000000000,100020,289,99993,289,100021,289,99980,289,100030,100,99967,100,100049,100,99957,100,100067,100,99951,100,100069,100,99936,300,100072,200,99932,100,100079,100,99927,100,100080,100,99917,100,100086,100,99891,100
2019-06-28 09:31:00.000000000,100020,478,99993,478,100021,100,99980,100,100030,100,99967,100,100049,100,99957,100,100067,100,99951,100,100069,100,99936,300,100072,200,99932,100,100079,100,99927,100,100080,100,99917,100,100086,100,99891,100
2019-06-28 09:31:10.000000000,100020,229,99993,229,100021,225,99980,225,100030,225,99967,225,100049,100,99957,100,100067,100,99951,100,100069,100,99936,300,100072,200,99932,100,100079,100,99927,100,100080,100,99917,100,100086,100,99891,100
2019-06-28 09:31:18.280936919,100020,229,99993,129,100021,225,99980,225,100030,225,99967,225,100049,100,99957,100,100067,100,99951,100,100069,100,99936,300,100072,200,99932,100,100079,100,99927,100,100080,100,99917,100,100086,100,99891,100
2019-06-28 09:31:20.000000000,100020,176,99980,176,100021,176,99967,176,100030,176,99957,176,100049,176,99951,176,100067,176,99936,376,100069,100,99932,100,100072,200,99927,100,100079,100,99917,100,100080,100,99891,100,100086,100,99890,100
2019-06-28 09:31:24.213117521,100020,176,99980,176,100021,176,99967,176,100030,176,99957,76,100049,176,99951,176,100067,176,99936,376,100069,100,99932,100,100072,200,99927,100,100079,100,99917,100,100080,100,99891,100,100086,100,99890,100
2019-06-28 09:31:30.000000000,100020,194,99980,194,100021,194,99967,194,100030,194,99951,194,100049,194,99936,394,100067,100,99932,100,100069,100,99927,100,100072,200,99917,100,100079,100,99891,100,100080,100,99890,100,100086,100,99885,100
2019-06-28 09:31:40.000000000,100020,289,99980,289,100021,289,99967,289,100030,100,99951,100,100049,100,99936,300,100067,100,99932,100,100069,100,99927,100,100072,200,99917,100,100079,100,99891,100,100080,100,99890,100,100086,100,99885,100
2019-06-28 09:31:46.419339855,100020,289,99980,289,100021,289,99967,289,100030,100,99951,100,100049,100,99936,300,100067,100,99932,100,100069,100,99927,100,100072,200,99917,100,100079,100,99891,100,100080,100,99890,100,100086,100,99885,100
2019-06-28 09:31:50.000000000,100020,289,99980,289,100021,289,99967,289,100030,100,99951,100,100049,100,99936,300,100067,100,99932,100,100069,100,99927,100,100072,200,99917,100,100079,100,99891,100,100080,100,99890,100,100086,100,99885,100
2019-06-28 09:32:00.000000000,100020,289,99980,289,100021,289,99967,289,100030,100,99951,100,100049,100,99936,300,100067,100,99932,100,100069,100,99927,100,100072,200,99917,100,100079,100,99891,100,100080,100,99890,100,100086,100,99885,100
2019-06-28 09:32:05.827975571,100020,289,99980,289,100021,289,99967,289,100030,100,99951,100,100049,100,99936,300,100067,100,99932,100,100069,100,99917,100,100072,200,99891,100,100079,100,99890,100,100080,100,99885,100,100086,100,99876,100
2019-06-28 09:32:05.848026611,100008,100,99980,289,100020,289,99967,289,100021,289,99951,100,100030,100,99936,300,100049,100,99932,100,100067,100,99917,100,100069,100,99891,100,100072,200,99890,100,100079,100,99885,100,100080,100,99876,100
2019-06-28 09:32:10.000000000,100008,289,99980,289,100020,289,99967,289,100021,100,99951,100,100030,100,99936,300,100049,100,99932,100,100067,100,99917,100,100069,100,99891,100,100072,200,99890,100,100079,100,99885,100,100080,100,99876,100
2019-06-28 09:32:12.053815592,100008,389,99980,289,100020,289,99967,289,100021,100,99951,100,100030,100,99936,300,100049,100,99932,100,100067,100,99917,100,100069,100,99891,100,100072,200,99890,100,100079,100,99885,100,100080,100,99876,100
2019-06-28 09:32:20.000000000,100008,578,99980,478,100020,100,99967,100,100021,100,99951,100,100030,100,99936,300,100049,100,99932,100,100067,100,99917,100,100069,100,99891,100,100072,200,99890,100,100079,100,99885,100,100080,100,99876,100
2019-06-28 09:32:25.640078705,100008,578,99980,478,100020,100,99967,100,100021,100,99951,100,100030,100,99936,300,100049,100,99932,100,100067,100,99917,100,100069,200,99891,100,100072,200,99890,100,100079,100,99885,100,100080,100,99876,100
2019-06-28 09:32:30.000000000,100008,389,99980,289,100020,289,99967,289,100021,100,99951,100,100030,100,99936,300,100049,100,99932,100,100067,100,99917,100,100069,200,99891,100,100072,200,99890,100,100079,100,99885,100,100080,100,99876,100
2019-06-28 09:32:40.000000000,100008,578,99980,478,100020,100,99967,100,100021,100,99951,100,100030,100,99936,300,100049,100,99932,100,100067,100,99917,100,100069,200,99891,100,100072,200,99890,100,100079,100,99885,100,100080,100,99876,100
2019-06-28 09:32:46.672483955,100008,578,99980,478,100020,100,99951,100,100021,100,99936,300,100030,100,99932,100,100049,100,99917,100,100067,100,99891,100,100069,200,99890,100,100072,200,99885,100,100079,100,99876,100,100080,100,99874,100
2019-06-28 09:32:50.000000000,100008,578,99980,478,100020,100,99951,100,100021,100,99936,300,100030,100,99932,100,100049,100,99917,100,100067,100,99891,100,100069,200,99890,100,100072,200,99885,100,100079,100,99876,100,100080,100,99874,100
2019-06-28 09:32:51.809584254,100008,478,99980,478,100020,100,99951,100,100021,100,99936,300,100030,100,99932,100,100049,100,99917,100,100067,100,99891,100,100069,200,99890,100,100072,200,99885,100,100079,100,99876,100,100080,100,99874,100
2019-06-28 09:32:53.077643037,100008,478,99994,100,100020,100,99980,478,100021,100,99951,100,100030,100,99936,300,100049,100,99932,100,100067,100,99917,100,100069,200,99891,100,100072,200,99890,100,100079,100,99885,100,100080,100,99876,100
2019-06-28 09:32:53.632671115,100008,378,99994,100,100020,100,99980,478,100021,100,99951,100,100030,100,99936,300,100049,100,99932,100,100067,100,99917,100,100069,200,99891,100,100072,200,99890,100,100079,100,99885,100,100086,100,99876,100
2019-06-28 09:33:00.000000000,100020,229,99994,229,100021,225,99980,225,100030,225,99951,225,100049,100,99936,300,100067,100,99932,100,100069,200,99917,100,100072,200,99891,100,100079,100,99890,100,100086,100,99885,100,100102,100,99876,100
2019-06-28 09:33:02.825659235,100020,229,99994,229,100021,225,99980,225,100030,225,99951,225,100049,100,99936,300,100067,100,99932,100,100069,200,99917,100,100072,200,99891,100,100079,100,99890,100,100086,100,99885,100,100102,100,99876,100
2019-06-28 09:33:10.000000000,100020,176,99994,176,100021,176,99980,176,100030,176,99951,176,100049,176,99936,376,100067,176,99932,176,100069,200,99917,100,100072,200,99891,100,100079,100,99890,100,100086,100,99885,100,100102,100,99876,100
2019-06-28 09:33:20.000000000,100020,478,99994,478,100021,100,99980,100,100030,100,99951,100,100049,100,99936,300,100067,100,99932,100,100069,200,99917,100,100072,200,99891,100,100079,100,99890,100,100086,100,99885,100,100102,100,99876,100
2019-06-28 09:33:21.675809218,100020,378,99994,478,100021,100,99980,100,100049,100,99951,100,100067,100,99936,300,100069,200,99932,100,100072,200,99917,100,100079,100,99891,100,100086,100,99890,100,100102,100,99885,100,100116,100,99876,100
2019-06-28 09:33:30.000000000,100021,194,99994,194,100049,194,99980,194,100067,194,99951,194,100069,294,99936,394,100072,200,99932,100,100079,100,99917,100,100086,100,99891,100,100102,100,99890,100,100116,100,99885,100,100123,100,99876,100
2019-06-28 09:33:40.000000000,100021,176,99994,176,100049,176,99980,176,100067,176,99951,176,100069,276,99936,376,100072,276,99932,176,100079,100,99917,100,100086,100,99891,100,100102,100,99890,100,100116,100,99885,100,100123,100,99876,100
2019-06-28 09:33:49.484556315,100021,176,99994,176,100049,176,99980,176,100067,176,99951,176,100069,276,99936,376,100072,276,99932,176,100079,100,99917,100,100086,100,99891,100,100102,100,99890,100,100116,100,99885,100,100123,100,99876,100
2019-06-28 09:33:50.000000000,100021,194,99994,194,100049,194,99980,194,100067,194,99951,194,100069,294,99936,394,100072,200,99932,100,100079,100,99917,100,100086,100,99891,100,100102,100,99890,100,100116,100,99885,100,100123,100,99876,100
2019-06-28 09:34:00.000000000,100021,229,99994,229,100049,225,99980,225,100067,225,99951,225,100069,200,99936,300,100072,200,99932,100,100079,100,99917,100,100086,100,99891,100,100102,100,99890,100,100116,100,99885,100,100123,100,99876,100
2019-06-28 09:34:10.000000000,100021,176,99994,176,100049,176,99980,176,100067,176,99951,176,100069,276,99936,376,100072,276,99932,176,100079,100,99917,100,100086,100,99891,100,100102,100,99890,100,100116,100,99885,100,100123,100,99876,100
2019-06-28 09:34:20.000000000,100021,194,99994,194,100049,194,99980,194,100067,194,99951,194,100069,294,99936,394,100072,200,99932,100,100079,100,99917,100,100086,100,99891,100,100102,100,99890,100,100116,100,99885,100,100123,100,99876,100
2019-06-28 09:34:30.000000000,100021,229,99994,229,100049,225,99980,225,100067,225,99951,225,100069,200,99936,300,100072,200,99932,100,100079,100,99917,100,100086,100,99891,100,100102,100,99890,100,100116,100,99885,100,100123,100,99876,100
2019-06-28 09:34:40.000000000,100021,176,99994,176,100049,176,99980,176,100067,176,99951,176,100069,276,99936,376,100072,276,99932,176,100079,100,99917,100,100086,100,99891,100,100102,100,99890,100,100116,100,99885,100,100123,100,99876,100
2019-06-28 09:34:50.000000000,100021,289,99994,289,100049,289,99980,289,100067,100,99951,100,100069,200,99936,300,100072,200,99932,100,100079,100,99917,100,100086,100,99891,100,100102,100,99890,100,100116,100,99885,100,100123,100,99876,100
2019-06-28 09:35:00.000000000,100021,289,99994,289,100049,289,99980,289,100067,100,99951,100,100069,200,99936,300,100072,200,99932,100,100079,100,99917,100,100086,100,99891,100,100102,100,99890,100,100116,100,99885,100,100123,100,99876,100
2019-06-28 09:35:10.000000000,100021,478,99994,478,100049,100,99980,100,100067,100,99951,100,100069,200,99936,300,100072,200,99932,100,100079,100,99917,100,100086,100,99891,100,100102,100,99890,100,100116,100,99885,100,100123,100,99876,100
2019-06-28 09:35:20.000000000,100021,478,99994,478,100049,100,99980,100,100067,100,99951,100,100069,200,99936,300,100072,200,99932,100,100079,100,99917,100,100086,100,99891,100,100102,100,99890,100,100116,100,99885,100,100123,100,99876,100
2019-06-28 09:35:24.945241144,100021,478,100008,100,100049,100,99994,478,100067,100,99980,100,100069,200,99951,100,100072,200,99936,300,100079,100,99932,100,100086,100,99917,100,100102,100,99891,100,100116,100,99890,100,100123,100,99885,100
2019-06-28 09:35:26.253163339,100021,378,100008,100,100049,100,99994,478,100067,100,99980,100,100069,200,99951,100,100072,200,99936,300,100079,100,99932,100,100086,100,99917,100,100102,100,99891,100,100116,100,99890,100,100123,100,99885,100
2019-06-28 09:35:30.000000000,100049,289,100008,289,100067,289,99994,289,100069,200,99980,100,100072,200,99951,100,100079,100,99936,300,100086,100,99932,100,100102,100,99917,100,100116,100,99891,100,100123,100,99890,100,100155,100,99885,100
2019-06-28 09:35:40.000000000,100049,289,100008,289,100067,289,99994,289,100069,200,99980,100,100072,200,99951,100,100079,100,99936,300,100086,100,99932,100,100102,100,99917,100,100116,100,99891,100,100123,100,99890,100,100155,100,99885,100
2019-06-28 09:35:45.752896089,100049,289,100008,289,100067,289,99994,289,100069,200,99980,100,100072,200,99951,100,100079,100,99936,300,100086,100,99932,100,100102,100,99917,100,100116,100,99890,100,100123,100,99885,100,100155,100,99876,100
2019-06-28 09:35:50.000000000,100049,229,100008,229,100067,225,99994,225,100069,325,99980,225,100072,200,99951,100,100079,100,99936,300,100086,100,99932,100,100102,100,99917,100,100116,100,99890,100,100123,100,99885,100,100155,100,99876,100
2019-06-28 09:36:00.000000000,100049,176,100008,176,100067,176,99994,176,100069,276,99980,176,100072,276,99951,176,100079,176,99936,376,100086,100,99932,100,100102,100,99917,100,100116,100,99890,100,100123,100,99885,100,100155,100,99876,100
2019-06-28 09:36:10.000000000,100049,229,100008,229,100067,225,99994,225,100069,325,99980,225,100072,200,99951,100,100079,100,99936,300,100086,100,99932,100,100102,100,99917,100,100116,100,99890,100,100123,100,99885,100,100155,100,99876,100
2019-06-28 09:36:18.388592846,100049,129,100008,229,100067,225,99994,225,100069,325,99980,225,100072,200,99951,100,100079,100,99936,300,100086,100,99932,100,100102,100,99917,100,100116,100,99890,100,100123,100,99885,100,100155,100,99876,100
2019-06-28 09:36:20.000000000,100067,229,100008,229,100069,325,99994,225,100072,325,99980,225,100079,100,99951,100,100086,100,99936,300,100102,100,99932,100,100116,100,99917,100,100123,100,99890,100,100155,100,99885,100,100251,100,99876,100
2019-06-28 09:36:21.998869563,100067,129,100008,229,100069,325,99994,225,100072,225,99980,225,100079,100,99951,100,100086,100,99936,300,100102,100,99932,100,100116,100,99917,100,100123,100,99890,100,100155,100,99885,100,100251,100,99876,100
2019-06-28 09:36:29.261736098,100067,129,100049,100,100069,325,100008,229,100072,225,99994,225,100079,100,99980,225,100086,100,99951,100,100102,100,99936,300,100116,100,99932,100,100123,100,99917,100,100155,100,99890,100,100251,100,99885,100
2019-06-28 09:36:30.000000000,100069,389,100049,289,100072,289,100008,289,100079,100,99994,100,100086,100,99980,100,100102,100,99951,100,100116,100,99936,300,100123,100,99932,100,100155,100,99917,100,100251,100,99890,100,100377,100,99885,100
2019-06-28 09:36:40.000000000,100069,294,100049,194,100072,194,100008,194,100079,194,99994,194,100086,194,99980,194,100102,100,99951,100,100116,100,99936,300,100123,100,99932,100,100155,100,99917,100,100251,100,99890,100,100377,100,99885,100
2019-06-28 09:36:50.000000000,100069,294,100049,194,100072,194,100008,194,100079,194,99994,194,100086,194,99980,194,100102,100,99951,100,100116,100,99936,300,100123,100,99932,100,100155,100,99917,100,100251,100,99890,100,100377,100,99885,100
2019-06-28 09:36:55.445338401,100069,294,100049,194,100072,194,100008,194,100079,194,99994,194,100086,194,99980,194,100102,100,99951,100,100116,100,99936,300,100123,100,99932,100,100155,100,99917,100,100251,100,99890,100,100377,100,99885,100
2019-06-28 09:37:00.000000000,100069,389,100049,289,100072,289,100008,289,100079,100,99994,100,100086,100,99980,100,100102,100,99951,100,100116,100,99936,300,100123,100,99932,100,100155,100,99917,100,100251,100,99890,100,100377,100,99885,100
2019-06-28 09:37:10.000000000,100069,294,100049,194,100072,194,100008,194,100079,194,99994,194,100086,194,99980,194,100102,100,99951,100,100116,100,99936,300,100123,100,99932,100,100155,100,99917,100,100251,100,99890,100,100377,100,99885,100
2019-06-28 09:37:20.000000000,100069,294,100049,194,100072,194,100008,194,100079,194,99994,194,100086,194,99980,194,100102,100,99951,100,100116,100,99936,300,100123,100,99932,100,100155,100,99917,100,100251,100,99890,100,100377,100,99885,100
2019-06-28 09:37:30.000000000,100069,294,100049,194,100072,194,100008,194,100079,194,99994,194,100086,194,99980,194,100102,100,99951,100,100116,100,99936,300,100123,100,99932,100,100155,100,99917,100,100251,100,99890,100,100377,100,99885,100
2019-06-28 09:37:38.234094038,100069,194,100049,194,100072,194,100008,194,100079,194,99994,194,100086,194,99980,194,100102,100,99951,100,100116,100,99936,300,100123,100,99917,100,100155,100,99890,100,100251,100,99885,100,100377,100,99876,100
2019-06-28 09:37:40.000000000,100069,176,100049,176,100072,176,100008,176,100079,176,99994,176,100086,176,99980,176,100102,176,99951,176,100116,100,99936,300,100123,100,99917,100,100155,100,99890,100,100251,100,99885,100,100377,100,99876,100
2019-06-28 09:37:50.000000000,100069,289,100049,289,100072,289,100008,289,100079,100,99994,100,100086,100,99980,100,100102,100,99951,100,100116,100,99936,300,100123,100,99917,100,100155,100,99890,100,100251,100,99885,100,100377,100,99876,100
2019-06-28 09:38:00.000000000,100069,194,100049,194,100072,194,100008,194,100079,194,99994,194,100086,194,99980,194,100102,100,99951,100,100116,100,99936,300,100123,100,99917,100,100155,100,99890,100,100251,100,99885,100,100377,100,99876,100
2019-06-28 09:38:09.008379023,100069,194,100049,194,100072,194,100008,194,100079,94,99994,194,100086,194,99980,194,100102,100,99951,100,100116,100,99936,300,100123,100,99917,100,100155,100,99890,100,100251,100,99885,100,100377,100,99876,100
2019-06-28 09:38:10.000000000,100069,289,100049,289,100072,289,100008,289,100086,100,99994,100,100102,100,99980,100,100116,100,99951,100,100123,100,99936,300,100155,100,99917,100,100251,100,99890,100,100377,100,99885,100,100405,100,99876,100
2019-06-28 09:38:20.000000000,100069,478,100049,478,100072,100,100008,100,100086,100,99994,100,100102,100,99980,100,100116,100,99951,100,100123,100,99936,300,100155,100,99917,100,100251,100,99890,100,100377,100,99885,100,100405,100,99876,100
2019-06-28 09:38:20.359019300,100069,378,100049,478,100072,100,100008,100,100086,100,99994,100,100102,100,99980,100,100116,100,99951,100,100123,100,99936,300,100155,100,99917,100,100251,100,99890,100,100377,100,99885,100,100405,100,99876,100
2019-06-28 09:38:30.000000000,100072,229,100049,229,100086,225,100008,225,100102,225,99994,225,100116,100,99980,100,100123,100,99951,100,100155,100,99936,300,100251,100,99917,100,100377,100,99890,100,100405,100,99885,100,102198,100,99876,100
2019-06-28 09:38:30.734933646,100072,129,100049,229,100086,225,100008,225,100102,225,99994,225,100116,100,99980,100,100123,100,99951,100,100155,100,99936,300,100251,100,99917,100,100377,100,99890,100,100405,100,99885,100,102198,100,99876,100
2019-06-28 09:38:40.000000000,100086,229,100049,229,100102,225,100008,225,100116,225,99994,225,100123,100,99980,100,100155,100,99951,100,100251,100,99936,300,100377,100,99917,100,100405,100,99890,100,102198,100,99885,100,102223,100,99876,100
2019-06-28 09:38:50.000000000,100086,229,100049,229,100102,225,100008,225,100116,225,99994,225,100123,100,99980,100,100155,100,99951,100,100251,100,99936,300,100377,100,99917,100,100405,100,99890,100,102198,100,99885,100,102223,100,99876,100
2019-06-28 09:39:00.000000000,100086,289,100049,289,100102,289,100008,289,100116,100,99994,100,100123,100,99980,100,100155,100,99951,100,100251,100,99936,300,100377,100,99917,100,100405,100,99890,100,102198,100,99885,100,102223,100,99876,100
2019-06-28 09:39:01.706798748,100086,289,100049,289,100102,289,100008,289,100116,100,99994,100,100123,100,99980,100,100155,100,99951,100,100251,100,99936,300,100377,100,99917,100,100405,100,99890,100,101757,100,99885,100,102198,100,99876,100
2019-06-28 09:39:08.472047401,100086,289,100049,289,100102,289,100008,289,100116,100,99994,100,100123,100,99980,100,100155,100,99951,100,100251,100,99936,300,100377,100,99917,100,100405,100,99890,100,101757,100,99885,100,101927,100,99876,100
2019-06-28 09:39:10.000000000,100086,176,100049,176,100102,176,100008,176,100116,176,99994,176,100123,176,99980,176,100155,176,99951,176,100251,100,99936,300,100377,100,99917,100,100405,100,99890,100,101757,100,99885,100,101927,100,99876,100
2019-06-28 09:39:17.239804504,100086,176,100049,176,100102,176,100008,176,100116,176,99994,176,100123,176,99980,76,100155,176,99951,176,100251,100,99936,300,100377,100,99917,100,100405,100,99890,100,101757,100,99885,100,101927,100,99876,100
2019-06-28 09:39:20.000000000,100086,194,100049,194,100102,194,100008,194,100116,194,99994,194,100123,194,99951,194,100155,100,99936,300,100251,100,99917,100,100377,100,99890,100,100405,100,99885,100,101757,100,99876,100,101927,100,99870,100
2019-06-28 09:39:30.000000000,100086,176,100049,176,100102,176,100008,176,100116,176,99994,176,100123,176,99951,176,100155,176,99936,376,100251,100,99917,100,100377,100,99890,100,100405,100,99885,100,101757,100,99876,100,101927,100,99870,100
2019-06-28 09:39:33.208315315,100086,176,100049,176,100102,176,100008,176,100116,176,99994,76,100123,176,99951,176,100155,176,99936,376,100251,100,99917,100,100377,100,99890,100,100405,100,99885,100,101757,100,99876,100,101927,100,99870,100
2019-06-28 09:39:40.000000000,100086,176,100049,176,100102,176,100008,176,100116,176,99951,176,100123,176,99936,376,100155,176,99917,176,100251,100,99890,100,100377,100,99885,100,100405,100,99876,100,101757,100,99870,100,101927,100,99840,100
2019-06-28 09:39:50.000000000,100086,229,100049,229,100102,225,100008,225,100116,225,99951,225,100123,100,99936,300,100155,100,99917,100,100251,100,99890,100,100377,100,99885,100,100405,100,99876,100,101757,100,99870,100,101927,100,99840,100
2019-06-28 09:39:55.419834039,100086,129,100049,229,100102,225,100008,225,100116,225,99951,225,100123,100,99936,300,100155,100,99917,100,100251,100,99890,100,100377,100,99885,100,100405,100,99876,100,101757,100,99870,100,101927,100,99840,100
2019-06-28 09:40:00.000000000,100102,289,100049,289,100116,289,100008,289,100123,100,99951,100,100155,100,99936,300,100251,100,99917,100,100377,100,99890,100,100405,100,99885,100,101757,100,99876,100,101927,100,99870,100,102198,100,99840,100
2019-06-28 09:40:10.000000000,100102,478,100049,478,100116,100,100008,100,100123,100,99951,100,100155,100,99936,300,100251,100,99917,100,100377,100,99890,100,100405,100,99885,100,101757,100,99876,100,101927,100,99870,100,102198,100,99840,100
2019-06-28 09:40:16.788072241,100102,378,100049,478,100116,100,100008,100,100123,100,99951,100,100155,100,99936,200,100251,100,99917,100,100377,100,99890,100,100405,100,99885,100,101757,100,99876,100,101927,100,99870,100,102198,100,99840,100
2019-06-28 09:40:20.000000000,100116,478,100049,478,100123,100,100008,100,100155,100,99951,100,100251,100,99936,200,100377,100,99917,100,100405,100,99890,100,101757,100,99885,100,101927,100,99876,100,102198,100,99870,100,102223,100,99840,100
2019-06-28 09:40:30.000000000,100116,194,100049,194,100123,194,100008,194,100155,194,99951,194,100251,194,99936,294,100377,100,99917,100,100405,100,99890,100,101757,100,99885,100,101927,100,99876,100,102198,100,99870,100,102223,100,99840,100
2019-06-28 09:40:34.616010141,100116,194,100086,100,100123,194,100049,194,100155,194,100008,194,100251,194,99951,194,100377,100,99936,294,100405,100,99917,100,101757,100,99890,100,101927,100,99885,100,102198,100,99876,100,102223,100,99870,100
2019-06-28 09:40:40.000000000,100116,229,100086,229,100123,225,100049,225,100155,225,100008,225,100251,100,99951,100,100377,100,99936,200,100405,100,99917,100,101757,100,99890,100,101927,100,99885,100,102198,100,99876,100,102223,100,99870,100
2019-06-28 09:40:41.688997070,100116,129,100086,229,100123,225,100049,225,100155,225,100008,225,100251,100,99951,100,100377,100,99936,200,100405,100,99917,100,101757,100,99890,100,101927,100,99885,100,102198,100,99876,100,102223,100,99870,100
2019-06-28 09:40:50.000000000,100123,229,100086,229,100155,225,100049,225,100251,225,100008,225,100377,100,99951,100,100405,100,99936,200,101757,100,99917,100,101927,100,99890,100,102198,100,99885,100,102223,100,99876,100,,,99870,100
2019-06-28 09:40:50.218818634,100123,229,100102,100,100155,225,100086,229,100251,225,100049,225,100377,100,100008,225,100405,100,99951,100,101757,100,99936,200,101927,100,99917,100,102198,100,99890,100,102223,100,99885,100,,,99876,100
2019-06-28 09:41:00.000000000,100123,176,100102,176,100155,176,100086,176,100251,176,100049,176,100377,176,100008,176,100405,176,99951,176,101757,100,99936,200,101927,100,99917,100,102198,100,99890,100,102223,100,99885,100,,,99876,100
2019-06-28 09:41:10.000000000,100123,176,100102,176,100155,176,100086,176,100251,176,100049,176,100377,176,100008,176,100405,176,99951,176,101757,100,99936,200,101927,100,99917,100,102198,100,99890,100,102223,100,99885,100,,,99876,100
2019-06-28 09:41:20.000000000,100123,229,100102,229,100155,225,100086,225,100251,225,100049,225,100377,100,100008,100,100405,100,99951,100,101757,100,99936,200,101927,100,99917,100,102198,100,99890,100,102223,100,99885,100,,,99876,100
2019-06-28 09:41:30.000000000,100123,229,100102,229,100155,225,100086,225,100251,225,100049,225,100377,100,100008,100,100405,100,99951,100,101757,100,99936,200,101927,100,99917,100,102198,100,99890,100,102223,100,99885,100,,,99876,100
2019-06-28 09:41:40.000000000,100123,289,100102,289,100155,289,100086,289,100251,100,100049,100,100377,100,100008,100,100405,100,99951,100,101757,100,99936,200,101927,100,99917,100,102198,100,99890,100,102223,100,99885,100,,,99876,100
2019-06-28 09:41:50.000000000,100123,176,100102,176,100155,176,100086,176,100251,176,100049,176,100377,176,100008,176,100405,176,99951,176,101757,100,99936,200,101927,100,99917,100,102198,100,99890,100,102223,100,99885,100,,,99876,100
2019-06-28 09:41:55.918426529,100123,176,100102,276,100155,176,100086,176,100251,176,100049,176,100377,176,100008,176,100405,176,99951,176,101757,100,99936,200,101927,100,99917,100,102198,100,99890,100,102223,100,99885,100,,,99876,100
2019-06-28 09:42:00.000000000,100123,176,100102,276,100155,176,100086,176,100251,176,100049,176,100377,176,100008,176,100405,176,99951,176,101757,100,99936,200,101927,100,99917,100,102198,100,99890,100,102223,100,99885,100,,,99876,100
2019-06-28 09:42:08.125111635,100123,176,100102,276,100155,176,100086,176,100251,176,100049,176,100377,176,100008,176,100405,176,99951,176,101757,100,99936,200,101927,100,99917,100,102016,100,99890,100,102198,100,99885,100,102223,100,99876,100
2019-06-28 09:42:10.000000000,100123,289,100102,389,100155,289,100086,289,100251,100,100049,100,100377,100,100008,100,100405,100,99951,100,101757,100,99936,200,101927,100,99917,100,102016,100,99890,100,102198,100,99885,100,102223,100,99876,100
2019-06-28 09:42:20.000000000,100123,478,100102,578,100155,100,100086,100,100251,100,100049,100,100377,100,100008,100,100405,100,99951,100,101757,100,99936,200,101927,100,99917,100,102016,100,99890,100,102198,100,99885,100,102223,100,99876,100
2019-06-28 09:42:29.136355996,100123,478,100102,578,100155,100,100086,100,100251,100,100049,100,100377,100,100008,100,100405,100,99951,100,101757,100,99936,200,101875,100,99917,100,101927,100,99890,100,102016,100,99885,100,102198,100,99876,100
2019-06-28 09:42:30.000000000,100123,478,100102,578,100155,100,100086,100,100251,100,100049,100,100377,100,100008,100,100405,100,99951,100,101757,100,99936,200,101875,100,99917,100,101927,100,99890,100,102016,100,99885,100,102198,100,99876,100
2019-06-28 09:42:40.000000000,100123,229,100102,329,100155,225,100086,225,100251,225,100049,225,100377,100,100008,100,100405,100,99951,100,101757,100,99936,200,101875,100,99917,100,101927,100,99890,100,102016,100,99885,100,102198,100,99876,100
2019-06-28 09:42:43.305313702,100123,129,100102,329,100155,225,100086,225,100251,225,100049,225,100377,100,100008,100,100405,100,99951,100,101757,100,99936,200,101875,100,99917,100,101927,100,99890,100,102016,100,99885,100,102198,100,99876,100
2019-06-28 09:42:50.000000000,100155,229,100102,329,100251,225,100086,225,100377,225,100049,225,100405,100,100008,100,101757,100,99951,100,101875,100,99936,200,101927,100,99917,100,102016,100,99890,100,102198,100,99885,100,102223,100,99876,100
2019-06-28 09:42:53.708142359,100155,229,100102,329,100251,225,100086,225,100377,225,100049,225,100405,100,100008,100,101585,100,99951,100,101757,100,99936,200,101875,100,99917,100,101927,100,99890,100,102198,100,99885,100,102223,100,99876,100
2019-06-28 09:42:56.744022247,100155,229,100102,329,100251,225,100086,225,100377,225,100049,225,100405,100,100008,100,101585,100,99951,100,101646,100,99936,200,101757,100,99917,100,101875,100,99890,100,101927,100,99885,100,102198,100,99876,100
2019-06-28 09:43:00.000000000,100155,289,100102,389,100251,289,100086,289,100377,100,100049,100,100405,100,100008,100,101585,100,99951,100,101646,100,99936,200,101757,100,99917,100,101875,100,99890,100,101927,100,99885,100,102198,100,99876,100
2019-06-28 09:43:10.000000000,100155,229,100102,329,100251,225,100086,225,100377,225,100049,225,100405,100,100008,100,101585,100,99951,100,101646,100,99936,200,101757,100,99917,100,101875,100,99890,100,101927,100,99885,100,102198,100,99876,100
2019-06-28 09:43:11.686900201,100155,229,100116,100,100251,225,100102,329,100377,225,100086,225,100405,100,100049,225,101585,100,100008,100,101646,100,99951,100,101757,100,99936,200,101875,100,99917,100,101927,100,99890,100,102198,100,99885,100
2019-06-28 09:43:20.000000000,100155,194,100116,194,100251,194,100102,294,100377,194,100086,194,100405,194,100049,194,101585,100,100008,100,101646,100,99951,100,101757,100,99936,200,101875,100,99917,100,101927,100,99890,100,102198,100,99885,100
2019-06-28 09:43:30.000000000,100155,194,100116,194,100251,194,100102,294,100377,194,100086,194,100405,194,100049,194,101585,100,100008,100,101646,100,99951,100,101757,100,99936,200,101875,100,99917,100,101927,100,99890,100,102198,100,99885,100
2019-06-28 09:43:32.797894245,100155,94,100116,194,100251,194,100102,294,100377,194,100086,194,100405,194,100049,194,101585,100,100008,100,101646,100,99936,200,101757,100,99917,100,101875,100,99890,100,101927,100,99885,100,102198,100,99876,100
2019-06-28 09:43:40.000000000,100251,229,100116,229,100377,225,100102,325,100405,225,100086,225,101585,100,100049,100,101646,100,100008,100,101757,100,99936,200,101875,100,99917,100,101927,100,99890,100,102198,100,99885,100,102223,100,99876,100
2019-06-28 09:43:48.038226413,100251,229,100116,229,100377,225,100102,325,100405,225,100086,225,101585,100,100049,100,101600,100,100008,100,101646,100,99936,200,101757,100,99917,100,101875,100,99890,100,101927,100,99876,100,102198,100,99870,100
2019-06-28 09:43:50.000000000,100251,478,100116,478,100377,100,100102,200,100405,100,100086,100,101585,100,100049,100,101600,100,100008,100,101646,100,99936,200,101757,100,99917,100,101875,100,99890,100,101927,100,99876,100,102198,100,99870,100
2019-06-28 09:44:00.000000000,100251,176,100116,176,100377,176,100102,276,100405,176,100086,176,101585,176,100049,176,101600,176,100008,176,101646,100,99936,200,101757,100,99917,100,101875,100,99890,100,101927,100,99876,100,102198,100,99870,100
2019-06-28 09:44:05.657483062,100251,176,100116,176,100377,176,100102,276,100405,176,100086,176,101325,100,100049,176,101585,176,100008,176,101600,176,99936,200,101646,100,99917,100,101875,100,99890,100,101927,100,99876,100,102198,100,99870,100
2019-06-28 09:44:10.000000000,100251,194,100116,194,100377,194,100102,294,100405,194,100086,194,101325,194,100049,194,101585,100,100008,100,101600,100,99936,200,101646,100,99917,100,101875,100,99890,100,101927,100,99876,100,102198,100,99870,100
2019-06-28 09:44:20.000000000,100251,478,100116,478,100377,100,100102,200,100405,100,100086,100,101325,100,100049,100,101585,100,100008,100,101600,100,99936,200,101646,100,99917,100,101875,100,99890,100,101927,100,99876,100,102198,100,99870,100
2019-06-28 09:44:28.519323589,100251,478,100116,478,100377,100,100102,200,100405,100,100086,100,101200,100,100049,100,101325,100,100008,100,101585,100,99936,200,101600,100,99917,100,101646,100,99890,100,101875,100,99870,100,101927,100,99840,100
2019-06-28 09:44:30.000000000,100251,176,100116,176,100377,176,100102,276,100405,176,100086,176,101200,176,100049,176,101325,176,100008,176,101585,100,99936,200,101600,100,99917,100,101646,100,99890,100,101875,100,99870,100,101927,100,99840,100
2019-06-28 09:44:36.926623607,100251,176,100116,176,100377,176,100102,276,100405,176,100086,176,101175,100,100049,176,101200,176,100008,176,101325,176,99936,200,101585,100,99917,100,101600,100,99890,100,101646,100,99870,100,101875,100,99840,100
2019-06-28 09:44:39.391584441,100251,176,100123,100,100377,176,100116,176,100405,176,100102,276,101175,100,100086,176,101200,176,100049,176,101325,176,100008,176,101585,100,99936,200,101600,100,99917,100,101646,100,99890,100,101875,100,99870,100
2019-06-28 09:44:40.000000000,100251,289,100123,289,100377,289,100116,289,100405,100,100102,200,101175,100,100086,100,101200,100,100049,100,101325,100,100008,100,101585,100,99936,200,101600,100,99917,100,101646,100,99890,100,101875,100,99870,100
2019-06-28 09:44:50.000000000,100251,194,100123,194,100377,194,100116,194,100405,194,100102,294,101175,194,100086,194,101200,100,100049,100,101325,100,100008,100,101585,100,99936,200,101600,100,99917,100,101646,100,99890,100,101875,100,99870,100
2019-06-28 09:45:00.000000000,100251,194,100123,194,100377,194,100116,194,100405,194,100102,294,101175,194,100086,194,101200,100,100049,100,101325,100,100008,100,101585,100,99936,200,101600,100,99917,100,101646,100,99890,100,101875,100,99870,100
2019-06-28 09:45:10.000000000,100251,176,100123,176,100377,176,100116,176,100405,176,100102,276,101175,176,100086,176,101200,176,100049,176,101325,100,100008,100,101585,100,99936,200,101600,100,99917,100,101646,100,99890,100,101875,100,99870,100
2019-06-28 09:45:20.000000000,100251,194,100123,194,100377,194,100116,194,100405,194,100102,294,101175,194,100086,194,101200,100,100049,100,101325,100,100008,100,101585,100,99936,200,101600,100,99917,100,101646,100,99890,100,101875,100,99870,100
2019-06-28 09:45:30.000000000,100251,478,100123,478,100377,100,100116,100,100405,100,100102,200,101175,100,100086,100,101200,100,100049,100,101325,100,100008,100,101585,100,99936,200,101600,100,99917,100,101646,100,99890,100,101875,100,99870,100
2019-06-28 09:45:40.000000000,100251,478,100123,478,100377,100,100116,100,100405,100,100102,200,101175,100,100086,100,101200,100,100049,100,101325,100,100008,100,101585,100,99936,200,101600,100,99917,100,101646,100,99890,100,101875,100,99870,100
2019-06-28 09:45:40.249054231,100251,378,100123,478,100377,100,100116,100,100405,100,100102,200,101175,100,100086,100,101200,100,100049,100,101325,100,100008,100,101585,100,99936,200,101600,100,99917,100,101646,100,99890,100,101875,100,99870,100
2019-06-28 09:45:49.496647086,100251,378,100123,478,100377,100,100116,100,100405,100,100102,200,101175,100,100086,100,101200,100,100049,100,101275,100,100008,100,101325,100,99936,200,101585,100,99917,100,101600,100,99890,100,101646,100,99870,100
2019-06-28 09:45:50.000000000,100377,176,100123,176,100405,176,100116,176,101175,176,100102,276,101200,176,100086,176,101275,176,100049,176,101325,100,100008,100,101585,100,99936,200,101600,100,99917,100,101646,100,99890,100,101875,100,99870,100
2019-06-28 09:46:00.000000000,100377,478,100123,478,100405,100,100116,100,101175,100,100102,200,101200,100,100086,100,101275,100,100049,100,101325,100,100008,100,101585,100,99936,200,101600,100,99917,100,101646,100,99890,100,101875,100,99870,100
2019-06-28 09:46:10.000000000,100377,176,100123,176,100405,176,100116,176,101175,176,100102,276,101200,176,100086,176,101275,176,100049,176,101325,100,100008,100,101585,100,99936,200,101600,100,99917,100,101646,100,99890,100,101875,100,99870,100
2019-06-28 09:46:20.000000000,100377,176,100123,176,100405,176,100116,176,101175,176,100102,276,101200,176,100086,176,101275,176,100049,176,101325,100,100008,100,101585,100,99936,200,101600,100,99917,100,101646,100,99890,100,101875,100,99870,100
2019-06-28 09:46:30.000000000,100377,194,100123,194,100405,194,100116,194,101175,194,100102,294,101200,194,100086,194,101275,100,100049,100,101325,100,100008,100,101585,100,99936,200,101600,100,99917,100,101646,100,99890,100,101875,100,99870,100
2019-06-28 09:46:30.139426977,100377,194,100123,194,100405,194,100116,194,101175,194,100102,294,101200,194,100086,194,101275,100,100049,100,101325,100,100008,100,101585,100,99936,200,101600,100,99917,100,101646,100,99890,100,101875,100,99870,100
2019-06-28 09:46:36.879709220,100377,194,100123,94,100405,194,100116,194,101175,194,100102,294,101200,194,100086,194,101275,100,100049,100,101325,100,100008,100,101585,100,99936,200,101600,100,99917,100,101646,100,99890,100,101875,100,99870,100
2019-06-28 09:46:40.000000000,100377,289,100116,289,100405,289,100102,389,101175,100,100086,100,101200,100,100049,100,101275,100,100008,100,101325,100,99936,200,101585,100,99917,100,101600,100,99890,100,101646,100,99870,100,101875,100,99840,100
2019-06-28 09:46:50.000000000,100377,194,100116,194,100405,194,100102,294,101175,194,100086,194,101200,194,100049,194,101275,100,100008,100,101325,100,99936,200,101585,100,99917,100,101600,100,99890,100,101646,100,99870,100,101875,100,99840,100
2019-06-28 09:46:56.762524437,100250,100,100116,194,100377,194,100102,294,100405,194,100086,194,101175,194,100049,194,101200,194,100008,100,101275,100,99936,200,101325,100,99917,100,101585,100,99890,100,101600,100,99870,100,101646,100,99840,100
2019-06-28 09:46:57.573379738,100250,100,100116,194,100377,194,100102,294,100405,194,100086,194,101175,194,100049,194,101200,194,100008,100,101275,100,99936,200,101325,100,99917,100,101585,100,99890,100,101600,100,99870,100,101646,100,99840,100
2019-06-28 09:47:00.000000000,100250,194,100116,194,100377,194,100102,294,100405,194,100086,194,101175,194,100049,194,101200,100,100008,100,101275,100,99936,200,101325,100,99917,100,101585,100,99890,100,101600,100,99870,100,101646,100,99840,100
2019-06-28 09:47:10.000000000,100250,194,100116,194,100377,194,100102,294,100405,194,100086,194,101175,194,100049,194,101200,100,100008,100,101275,100,99936,200,101325,100,99917,100,101585,100,99890,100,101600,100,99870,100,101646,100,99840,100
2019-06-28 09:47:15.051546961,100250,194,100116,194,100377,194,100102,294,100405,194,100086,194,101175,194,100049,194,101200,100,100008,100,101275,100,99936,200,101325,100,99917,100,101585,100,99890,100,101600,100,99870,100,101646,100,99840,100
2019-06-28 09:47:20.000000000,100250,176,100116,176,100377,176,100102,276,100405,176,100086,176,101175,176,100049,176,101200,176,100008,176,101275,100,99936,200,101325,100,99917,100,101585,100,99890,100,101600,100,99870,100,101646,100,99840,100
2019-06-28 09:47:30.000000000,100250,176,100116,176,100377,176,100102,276,100405,176,100086,176,101175,176,100049,176,101200,176,100008,176,101275,100,99936,200,101325,100,99917,100,101585,100,99890,100,101600,100,99870,100,101646,100,99840,100
2019-06-28 09:47:37.740938562,100250,176,100124,100,100377,176,100116,176,100405,176,100102,276,101175,176,100086,176,101200,176,100049,176,101275,100,100008,176,101325,100,99936,200,101585,100,99917,100,101600,100,99890,100,101646,100,99870,100
2019-06-28 09:47:40.000000000,100250,478,100124,478,100377,100,100116,100,100405,100,100102,200,101175,100,100086,100,101200,100,100049,100,101275,100,100008,100,101325,100,99936,200,101585,100,99917,100,101600,100,99890,100,101646,100,99870,100
2019-06-28 09:47:46.311104768,100250,478,100124,478,100345,100,100116,100,100377,100,100102,200,100405,100,100086,100,101175,100,100049,100,101200,100,100008,100,101275,100,99936,200,101325,100,99917,100,101585,100,99890,100,101600,100,99870,100
2019-06-28 09:47:50.000000000,100250,176,100124,176,100345,176,100116,176,100377,176,100102,276,100405,176,100086,176,101175,176,100049,176,101200,100,100008,100,101275,100,99936,200,101325,100,99917,100,101585,100,99890,100,101600,100,99870,100
2019-06-28 09:47:50.749075953,100250,176,100124,276,100345,176,100116,176,100377,176,100102,276,100405,176,100086,176,101175,176,100049,176,101200,100,100008,100,101275,100,99936,200,101325,100,99917,100,101585,100,99890,100,101600,100,99870,100
2019-06-28 09:47:54.539416885,100250,76,100124,276,100345,176,100116,176,100377,176,100102,276,100405,176,100086,176,101175,176,100049,176,101200,100,100008,100,101275,100,99936,100,101325,100,99917,100,101585,100,99890,100,101600,100,99870,100
2019-06-28 09:47:55.525221391,100250,76,100125,100,100345,176,100124,276,100377,176,100116,176,100405,176,100102,276,101175,176,100086,76,101200,100,100049,176,101275,100,100008,100,101325,100,99936,100,101585,100,99917,100,101600,100,99890,100
2019-06-28 09:48:00.000000000,100345,289,100125,289,100377,289,100124,389,100405,100,100116,100,101175,100,100102,200,101200,100,100049,100,101275,100,100008,100,101325,100,99936,100,101585,100,99917,100,101600,100,99890,100,101646,100,99870,100
2019-06-28 09:48:00.276860764,100345,289,100125,389,100377,289,100124,389,100405,100,100116,100,101175,100,100102,200,101200,100,100049,100,101275,100,100008,100,101325,100,99936,100,101585,100,99917,100,101600,100,99890,100,101646,100,99870,100
2019-06-28 09:48:01.033338238,100281,100,100125,389,100345,289,100124,389,100377,289,100116,100,100405,100,100102,200,101175,100,100049,100,101200,100,100008,100,101275,100,99936,100,101325,100,99917,100,101585,100,99890,100,101600,100,99870,100
2019-06-28 09:48:10.000000000,100281,478,100125,578,100345,100,100124,200,100377,100,100116,100,100405,100,100102,200,101175,100,100049,100,101200,100,100008,100,101275,100,99936,100,101325,100,99917,100,101585,100,99890,100,101600,100,99870,100
2019-06-28 09:48:20.000000000,100281,176,100125,276,100345,176,100124,276,100377,176,100116,176,100405,176,100102,276,101175,176,100049,176,101200,100,100008,100,101275,100,99936,100,101325,100,99917,100,101585,100,99890,100,101600,100,99870,100
2019-06-28 09:48:30.000000000,100281,478,100125,578,100345,100,100124,200,100377,100,100116,100,100405,100,100102,200,101175,100,100049,100,101200,100,100008,100,101275,100,99936,100,101325,100,99917,100,101585,100,99890,100,101600,100,99870,100
2019-06-28 09:48:40.000000000,100281,176,100125,276,100345,176,100124,276,100377,176,100116,176,100405,176,100102,276,101175,176,100049,176,101200,100,100008,100,101275,100,99936,100,101325,100,99917,100,101585,100,99890,100,101600,100,99870,100
2019-06-28 09:48:50.000000000,100281,229,100125,329,100345,225,100124,325,100377,225,100116,225,100405,100,100102,200,101175,100,100049,100,101200,100,100008,100,101275,100,99936,100,101325,100,99917,100,101585,100,99890,100,101600,100,99870,100
2019-06-28 09:48:56.033542889,100281,229,100125,229,100345,225,100124,325,100377,225,100116,225,100405,100,100102,200,101175,100,100049,100,101200,100,100008,100,101275,100,99936,100,101325,100,99917,100,101585,100,99890,100,101600,100,99870,100
2019-06-28 09:49:00.000000000,100281,194,100125,194,100345,194,100124,294,100377,194,100116,194,100405,194,100102,294,101175,100,100049,100,101200,100,100008,100,101275,100,99936,100,101325,100,99917,100,101585,100,99890,100,101600,100,99870,100
2019-06-28 09:49:10.000000000,100281,478,100125,478,100345,100,100124,200,100377,100,100116,100,100405,100,100102,200,101175,100,100049,100,101200,100,100008,100,101275,100,99936,100,101325,100,99917,100,101585,100,99890,100,101600,100,99870,100
2019-06-28 09:49:20.000000000,100281,194,100125,194,100345,194,100124,294,100377,194,100116,194,100405,194,100102,294,101175,100,100049,100,101200,100,100008,100,101275,100,99936,100,101325,100,99917,100,101585,100,99890,100,101600,100,99870,100
2019-06-28 09:49:30.000000000,100281,478,100125,478,100345,100,100124,200,100377,100,100116,100,100405,100,100102,200,101175,100,100049,100,101200,100,100008,100,101275,100,99936,100,101325,100,99917,100,101585,100,99890,100,101600,100,99870,100
2019-06-28 09:49:40.000000000,100281,229,100125,229,100345,225,100124,325,100377,225,100116,225,100405,100,100102,200,101175,100,100049,100,101200,100,100008,100,101275,100,99936,100,101325,100,99917,100,101585,100,99890,100,101600,100,99870,100
2019-06-28 09:49:50.000000000,100281,194,100125,194,100345,194,100124,294,100377,194,100116,194,100405,194,100102,294,101175,100,100049,100,101200,100,100008,100,101275,100,99936,100,101325,100,99917,100,101585,100,99890,100,101600,100,99870,100
2019-06-28 09:49:50.462726380,100249,100,100125,194,100281,194,100124,294,100345,194,100116,194,100377,194,100102,294,100405,194,100049,100,101175,100,100008,100,101200,100,99936,100,101275,100,99917,100,101325,100,99890,100,101585,100,99870,100
2019-06-28 09:50:00.000000000,100249,194,100125,194,100281,194,100124,294,100345,194,100116,194,100377,194,100102,294,100405,100,100049,100,101175,100,100008,100,101200,100,99936,100,101275,100,99917,100,101325,100,99890,100,101585,100,99870,100
2019-06-28 09:50:03.132372588,100249,194,100125,94,100281,194,100124,294,100345,194,100116,194,100377,194,100102,294,100405,100,100049,100,101175,100,100008,100,101200,100,99936,100,101275,100,99917,100,101325,100,99890,100,101585,100,99840,100
2019-06-28 09:50:10.000000000,100249,194,100124,294,100281,194,100116,194,100345,194,100102,294,100377,194,100049,194,100405,100,100008,100,101175,100,99936,100,101200,100,99917,100,101275,100,99890,100,101325,100,99840,100,101585,100,99800,100
2019-06-28 09:50:13.344621685,100125,100,100124,294,100249,194,100116,194,100281,194,100102,294,100345,194,100049,194,100377,194,100008,100,100405,100,99936,100,101175,100,99917,100,101200,100,99890,100,101275,100,99840,100,101325,100,99800,100
2019-06-28 09:50:20.000000000,100125,229,100124,329,100249,225,100116,225,100281,225,100102,325,100345,100,100049,100,100377,100,100008,100,100405,100,99936,100,101175,100,99917,100,101200,100,99890,100,101275,100,99840,100,101325,100,99800,100
2019-06-28 09:50:29.419728204,100125,229,100124,229,100249,225,100116,225,100281,225,100102,325,100345,100,100049,100,100377,100,100008,100,100405,100,99936,100,101175,100,99917,100,101200,100,99890,100,101275,100,99840,100,101325,100,99800,100
2019-06-28 09:50:29.926217132,100125,229,100124,129,100249,225,100116,225,100281,225,100102,325,100345,100,100049,100,100377,100,100008,100,100405,100,99936,100,101175,100,99917,100,101200,100,99890,100,101275,100,99840,100,101325,100,99800,100
2019-06-28 09:50:30.000000000,100125,478,100116,478,100249,100,100102,200,100281,100,100049,100,100345,100,100008,100,100377,100,99936,100,100405,100,99917,100,101175,100,99890,100,101200,100,99840,100,101275,100,99800,100,101325,100,99710,100
2019-06-28 09:50:37.323251780,100125,478,100116,478,100249,100,100102,200,100281,100,100049,100,100345,100,99936,100,100377,100,99917,100,100405,100,99890,100,101175,100,99840,100,101200,100,99800,100,101275,100,99710,100,101325,100,99685,100
2019-06-28 09:50:40.000000000,100125,194,100116,194,100249,194,100102,294,100281,194,100049,194,100345,194,99936,194,100377,100,99917,100,100405,100,99890,100,101175,100,99840,100,101200,100,99800,100,101275,100,99710,100,101325,100,99685,100
2019-06-28 09:50:50.000000000,100125,176,100116,176,100249,176,100102,276,100281,176,100049,176,100345,176,99936,176,100377,176,99917,176,100405,100,99890,100,101175,100,99840,100,101200,100,99800,100,101275,100,99710,100,101325,100,99685,100
2019-06-28 09:50:53.984220925,100124,100,100116,176,100125,176,100102,276,100249,176,100049,176,100281,176,99936,176,100345,176,99917,176,100377,176,99890,100,100405,100,99840,100,101175,100,99800,100,101200,100,99710,100,101275,100,99685,100
2019-06-28 09:50:59.188896706,100124,100,100116,176,100125,176,100102,276,100249,176,100049,176,100281,176,99936,176,100345,176,99917,176,100377,176,99890,100,100405,100,99840,100,101175,100,99800,100,101200,100,99710,100,101275,100,99685,100
2019-06-28 09:51:00.000000000,100124,194,100116,194,100125,194,100102,294,100249,194,100049,194,100281,194,99936,194,100345,100,99917,100,100377,100,99890,100,100405,100,99840,100,101175,100,99800,100,101200,100,99710,100,101275,100,99685,100
2019-06-28 09:51:10.000000000,100124,194,100116,194,100125,194,100102,294,100249,194,100049,194,100281,194,99936,194,100345,100,99917,100,100377,100,99890,100,100405,100,99840,100,101175,100,99800,100,101200,100,99710,100,101275,100,99685,100
2019-06-28 09:51:20.000000000,100124,229,100116,229,100125,225,100102,325,100249,225,100049,225,100281,100,99936,100,100345,100,99917,100,100377,100,99890,100,100405,100,99840,100,101175,100,99800,100,101200,100,99710,100,101275,100,99685,100
2019-06-28 09:51:29.826380753,100124,229,100116,229,100125,225,100102,325,100225,100,100049,225,100249,225,99936,100,100281,100,99917,100,100345,100,99890,100,100377,100,99840,100,100405,100,99800,100,101175,100,99710,100,101200,100,99685,100
2019-06-28 09:51:30.000000000,100124,289,100116,289,100125,289,100102,389,100225,100,100049,100,100249,100,99936,100,100281,100,99917,100,100345,100,99890,100,100377,100,99840,100,100405,100,99800,100,101175,100,99710,100,101200,100,99685,100
2019-06-28 09:51:32.368596820,100124,289,100116,289,100125,289,100102,389,100225,100,100049,100,100249,100,99936,100,100281,100,99917,100,100345,100,99890,100,100377,100,99840,100,100405,100,99800,100,101175,100,99743,100,101200,100,99710,100
2019-06-28 09:51:40.000000000,100124,289,100116,289,100125,289,100102,389,100225,100,100049,100,100249,100,99936,100,100281,100,99917,100,100345,100,99890,100,100377,100,99840,100,100405,100,99800,100,101175,100,99743,100,101200,100,99710,100
2019-06-28 09:51:50.000000000,100124,176,100116,176,100125,176,100102,276,100225,176,100049,176,100249,176,99936,176,100281,176,99917,176,100345,100,99890,100,100377,100,99840,100,100405,100,99800,100,101175,100,99743,100,101200,100,99710,100
2019-06-28 09:51:50.712262265,100124,276,100116,176,100125,176,100102,276,100225,176,100049,176,100249,176,99936,176,100281,176,99917,176,100345,100,99890,100,100377,100,99840,100,100405,100,99800,100,101175,100,99743,100,101200,100,99710,100
2019-06-28 09:52:00.000000000,100124,578,100116,478,100125,100,100102,200,100225,100,100049,100,100249,100,99936,100,100281,100,99917,100,100345,100,99890,100,100377,100,99840,100,100405,100,99800,100,101175,100,99743,100,101200,100,99710,100
2019-06-28 09:52:10.000000000,100124,578,100116,478,100125,100,100102,200,100225,100,100049,100,100249,100,99936,100,100281,100,99917,100,100345,100,99890,100,100377,100,99840,100,100405,100,99800,100,101175,100,99743,100,101200,100,99710,100
2019-06-28 09:52:10.136621304,100124,678,100116,478,100125,100,100102,200,100225,100,100049,100,100249,100,99936,100,100281,100,99917,100,100345,100,99890,100,100377,100,99840,100,100405,100,99800,100,101175,100,99743,100,101200,100,99710,100
2019-06-28 09:52:20.000000000,100124,678,100116,478,100125,100,100102,200,100225,100,100049,100,100249,100,99936,100,100281,100,99917,100,100345,100,99890,100,100377,100,99840,100,100405,100,99800,100,101175,100,99743,100,101200,100,99710,100
2019-06-28 09:52:30.000000000,100124,489,100116,289,100125,289,100102,389,100225,100,100049,100,100249,100,99936,100,100281,100,99917,100,100345,100,99890,100,100377,100,99840,100,100405,100,99800,100,101175,100,99743,100,101200,100,99710,100
2019-06-28 09:52:32.325968179,100124,589,100116,289,100125,289,100102,389,100225,100,100049,100,100249,100,99936,100,100281,100,99917,100,100345,100,99890,100,100377,100,99840,100,100405,100,99800,100,101175,100,99743,100,101200,100,99710,100
2019-06-28 09:52:36.184461608,100124,689,100116,289,100125,289,100102,389,100225,100,100049,100,100249,100,99936,100,100281,100,99917,100,100345,100,99890,100,100377,100,99840,100,100405,100,99800,100,101175,100,99743,100,101200,100,99710,100
2019-06-28 09:52:36.194513551,100124,689,100116,189,100125,289,100102,389,100225,100,100049,100,100249,100,99936,100,100281,100,99917,100,100345,100,99890,100,100377,100,99840,100,100405,100,99800,100,101175,100,99743,100,101200,100,99710,100
2019-06-28 09:52:37.407201520,100124,689,100116,189,100125,289,100102,389,100225,100,100049,100,100249,100,99936,100,100281,100,99917,100,100345,100,99890,100,100377,100,99840,100,100405,100,99803,100,101175,100,99800,100,101200,100,99743,100
2019-06-28 09:52:39.651591484,100124,689,100116,189,100125,289,100102,389,100225,100,100049,100,100249,100,99936,100,100281,100,99917,100,100345,100,99890,100,100377,100,99840,100,101175,100,99803,100,101200,100,99800,100,101275,100,99743,100
2019-06-28 09:52:40.000000000,100124,594,100102,294,100125,194,100049,194,100225,194,99936,194,100249,194,99917,194,100281,100,99890,100,100345,100,99840,100,100377,100,99803,100,101175,100,99800,100,101200,100,99743,100,101275,100,99710,100
2019-06-28 09:52:50.000000000,100124,689,100102,389,100125,289,100049,289,100225,100,99936,100,100249,100,99917,100,100281,100,99890,100,100345,100,99840,100,100377,100,99803,100,101175,100,99800,100,101200,100,99743,100,101275,100,99710,100
2019-06-28 09:52:54.626673735,100123,100,100102,389,100124,689,100049,289,100125,289,99936,100,100225,100,99917,100,100249,100,99890,100,100281,100,99840,100,100345,100,99803,100,100377,100,99800,100,101175,100,99743,100,101200,100,99710,100
2019-06-28 09:53:00.000000000,100123,176,100102,276,100124,576,100049,176,100125,176,99936,176,100225,176,99917,176,100249,176,99890,176,100281,100,99840,100,100345,100,99803,100,100377,100,99800,100,101175,100,99743,100,101200,100,99710,100
2019-06-28 09:53:03.898613828,100123,176,100102,176,100124,576,100049,176,100125,176,99936,176,100225,76,99917,176,100249,176,99890,176,100281,100,99840,100,100345,100,99803,100,100377,100,99800,100,101175,100,99743,100,101200,100,99710,100
2019-06-28 09:53:05.435625621,100123,176,100102,176,100124,576,100049,176,100125,176,99936,176,100225,76,99917,176,100249,76,99890,176,100281,100,99840,100,100345,100,99803,100,100377,100,99800,100,101175,100,99743,100,101200,100,99710,100
2019-06-28 09:53:06.032257278,100123,176,100102,176,100124,576,100049,176,100125,176,99936,176,100225,76,99917,176,100249,76,99890,176,100281,100,99840,100,100345,100,99803,100,100377,100,99800,100,101175,100,99743,100,101200,100,99710,100
2019-06-28 09:53:10.000000000,100123,289,100102,289,100124,689,100049,289,100125,100,99936,100,100281,100,99917,100,100345,100,99890,100,100377,100,99840,100,101175,100,99803,100,101200,100,99800,100,101275,100,99743,100,101585,100,99710,100
2019-06-28 09:53:20.000000000,100123,194,100102,194,100124,594,100049,194,100125,194,99936,194,100281,194,99917,194,100345,100,99890,100,100377,100,99840,100,101175,100,99803,100,101200,100,99800,100,101275,100,99743,100,101585,100,99710,100
2019-06-28 09:53:30.000000000,100123,176,100102,176,100124,576,100049,176,100125,176,99936,176,100281,176,99917,176,100345,176,99890,176,100377,100,99840,100,101175,100,99803,100,101200,100,99800,100,101275,100,99743,100,101585,100,99710,100
2019-06-28 09:53:40.000000000,100123,176,100102,176,100124,576,100049,176,100125,176,99936,176,100281,176,99917,176,100345,176,99890,176,100377,100,99840,100,101175,100,99803,100,101200,100,99800,100,101275,100,99743,100,101585,100,99710,100
2019-06-28 09:53:50.000000000,100123,194,100102,194,100124,594,100049,194,100125,194,99936,194,100281,194,99917,194,100345,100,99890,100,100377,100,99840,100,101175,100,99803,100,101200,100,99800,100,101275,100,99743,100,101585,100,99710,100
2019-06-28 09:54:00.000000000,100123,176,100102,176,100124,576,100049,176,100125,176,99936,176,100281,176,99917,176,100345,176,99890,176,100377,100,99840,100,101175,100,99803,100,101200,100,99800,100,101275,100,99743,100,101585,100,99710,100
2019-06-28 09:54:10.000000000,100123,478,100102,478,100124,500,100049,100,100125,100,99936,100,100281,100,99917,100,100345,100,99890,100,100377,100,99840,100,101175,100,99803,100,101200,100,99800,100,101275,100,99743,100,101585,100,99710,100
2019-06-28 09:54:20.000000000,100123,289,100102,289,100124,689,100049,289,100125,100,99936,100,100281,100,99917,100,100345,100,99890,100,100377,100,99840,100,101175,100,99803,100,101200,100,99800,100,101275,100,99743,100,101585,100,99710,100
2019-06-28 09:54:26.504805883,100123,289,100102,289,100124,689,100049,289,100125,100,99936,100,100281,100,99917,100,100345,100,99890,100,100377,100,99840,100,101175,100,99800,100,101200,100,99743,100,101275,100,99710,100,101585,100,99685,100
2019-06-28 09:54:28.477835636,100123,289,100102,189,100124,689,100049,289,100125,100,99936,100,100281,100,99917,100,100345,100,99890,100,100377,100,99840,100,101175,100,99800,100,101200,100,99743,100,101275,100,99710,100,101585,100,99685,100
2019-06-28 09:54:30.000000000,100123,289,100049,289,100124,689,99936,289,100125,100,99917,100,100281,100,99890,100,100345,100,99840,100,100377,100,99800,100,101175,100,99743,100,101200,100,99710,100,101275,100,99685,100,101585,100,99653,100
2019-06-28 09:54:40.000000000,100123,478,100049,478,100124,500,99936,100,100125,100,99917,100,100281,100,99890,100,100345,100,99840,100,100377,100,99800,100,101175,100,99743,100,101200,100,99710,100,101275,100,99685,100,101585,100,99653,100
2019-06-28 09:54:50.000000000,100123,289,100049,289,100124,689,99936,289,100125,100,99917,100,100281,100,99890,100,100345,100,99840,100,100377,100,99800,100,101175,100,99743,100,101200,100,99710,100,101275,100,99685,100,101585,100,99653,100
2019-06-28 09:55:00.000000000,100123,194,100049,194,100124,594,99936,194,100125,194,99917,194,100281,194,99890,194,100345,100,99840,100,100377,100,99800,100,101175,100,99743,100,101200,100,99710,100,101275,100,99685,100,101585,100,99653,100
2019-06-28 09:55:10.000000000,100123,289,100049,289,100124,689,99936,289,100125,100,99917,100,100281,100,99890,100,100345,100,99840,100,100377,100,99800,100,101175,100,99743,100,101200,100,99710,100,101275,100,99685,100,101585,100,99653,100
2019-06-28 09:55:15.361272121,100123,289,100049,289,100124,689,99936,289,100125,100,99917,100,100281,100,99890,100,100345,100,99840,100,101175,100,99800,100,101200,100,99743,100,101275,100,99710,100,101585,100,99685,100,101600,100,99653,100
2019-06-28 09:55:20.000000000,100123,229,100049,229,100124,625,99936,225,100125,225,99917,225,100281,100,99890,100,100345,100,99840,100,101175,100,99800,100,101200,100,99743,100,101275,100,99710,100,101585,100,99685,100,101600,100,99653,100
2019-06-28 09:55:25.303822850,100123,229,100049,129,100124,625,99936,225,100125,225,99917,225,100281,100,99890,100,100345,100,99840,100,101175,100,99800,100,101200,100,99743,100,101275,100,99710,100,101585,100,99685,100,101600,100,99653,100
2019-06-28 09:55:30.000000000,100123,194,99936,194,100124,594,99917,194,100125,194,99890,194,100281,194,99840,194,100345,100,99800,100,101175,100,99743,100,101200,100,99710,100,101275,100,99685,100,101585,100,99653,100,101600,100,99649,100
2019-06-28 09:55:35.704989521,100123,194,99936,194,100124,594,99917,194,100125,194,99890,194,100281,194,99840,194,100345,100,99800,100,101175,100,99743,100,101200,100,99685,100,101275,100,99653,100,101585,100,99649,100,101600,100,99579,100
2019-06-28 09:55:40.000000000,100123,194,99936,194,100124,594,99917,194,100125,194,99890,194,100281,194,99840,194,100345,100,99800,100,101175,100,99743,100,101200,100,99685,100,101275,100,99653,100,101585,100,99649,100,101600,100,99579,100
2019-06-28 09:55:50.000000000,100123,229,99936,229,100124,625,99917,225,100125,225,99890,225,100281,100,99840,100,100345,100,99800,100,101175,100,99743,100,101200,100,99685,100,101275,100,99653,100,101585,100,99649,100,101600,100,99579,100
2019-06-28 09:55:50.468469213,100123,229,99936,129,100124,625,99917,225,100125,225,99890,225,100281,100,99840,100,100345,100,99800,100,101175,100,99743,100,101200,100,99685,100,101275,100,99653,100,101585,100,99649,100,101600,100,99579,100
2019-06-28 09:56:00.000000000,100123,194,99917,194,100124,594,99890,194,100125,194,99840,194,100281,194,99800,194,100345,100,99743,100,101175,100,99685,100,101200,100,99653,100,101275,100,99649,100,101585,100,99579,100,101600,100,99193,100
2019-06-28 09:56:10.000000000,100123,289,99917,289,100124,689,99890,289,100125,100,99840,100,100281,100,99800,100,100345,100,99743,100,101175,100,99685,100,101200,100,99653,100,101275,100,99649,100,101585,100,99579,100,101600,100,99193,100
2019-06-28 09:56:15.206274624,100123,289,99917,189,100124,689,99890,289,100125,100,99840,100,100281,100,99800,100,100345,100,99743,100,101175,100,99685,100,101200,100,99653,100,101275,100,99649,100,101585,100,99579,100,101600,100,99193,100
2019-06-28 09:56:15.808206413,99936,100,99917,189,100123,289,99890,289,100124,689,99840,100,100125,100,99800,100,100281,100,99743,100,100345,100,99685,100,101175,100,99653,100,101200,100,99649,100,101275,100,99579,100,101585,100,99193,100
2019-06-28 09:56:20.000000000,99936,229,99890,229,100123,225,99840,225,100124,625,99800,225,100125,100,99743,100,100281,100,99685,100,100345,100,99653,100,101175,100,99649,100,101200,100,99579,100,101275,100,99193,100,101585,100,99015,100
2019-06-28 09:56:24.443402366,99936,229,99890,229,100123,225,99840,225,100124,625,99800,225,100125,100,99743,100,100281,100,99685,100,100345,100,99653,100,101175,100,99649,100,101275,100,99579,100,101585,100,99305,100,101600,100,99193,100
2019-06-28 09:56:27.358008519,99936,229,99890,129,100123,225,99840,225,100124,625,99800,225,100125,100,99743,100,100281,100,99685,100,101175,100,99653,100,101275,100,99649,100,101585,100,99579,100,101600,100,99305,100,101646,100,99193,100
2019-06-28 09:56:30.000000000,99936,176,99840,176,100123,176,99800,176,100124,576,99743,176,100125,176,99685,176,100281,176,99653,176,101175,100,99649,100,101275,100,99579,100,101585,100,99305,100,101600,100,99193,100,101646,100,99015,100
2019-06-28 09:56:39.877838720,99936,176,99840,76,100123,176,99800,176,100124,576,99743,176,100125,176,99685,176,100281,176,99653,176,101175,100,99649,100,101275,100,99579,100,101585,100,99305,100,101600,100,99193,100,101646,100,99015,100
2019-06-28 09:56:40.000000000,99936,229,99800,229,100123,225,99743,225,100124,625,99685,225,100125,100,99653,100,100281,100,99649,100,101175,100,99579,100,101275,100,99305,100,101585,100,99193,100,101600,100,99015,100,101646,100,,
2019-06-28 09:56:50.000000000,99936,229,99800,229,100123,225,99743,225,100124,625,99685,225,100125,100,99653,100,100281,100,99649,100,101175,100,99579,100,101275,100,99305,100,101585,100,99193,100,101600,100,99015,100,101646,100,,
2019-06-28 09:56:53.589815376,99936,229,99800,229,100123,225,99743,225,100124,625,99685,225,100125,100,99653,100,100281,100,99649,100,101175,100,99579,100,101275,100,99529,100,101585,100,99305,100,101600,100,99193,100,101646,100,99015,100
2019-06-28 09:57:00.000000000,99936,229,99800,229,100123,225,99743,225,100124,625,99685,225,100125,100,99653,100,100281,100,99649,100,101175,100,99579,100,101275,100,99529,100,101585,100,99305,100,101600,100,99193,100,101646,100,99015,100
2019-06-28 09:57:10.000000000,99936,289,99800,289,100123,289,99743,289,100124,500,99685,100,100125,100,99653,100,100281,100,99649,100,101175,100,99579,100,101275,100,99529,100,101585,100,99305,100,101600,100,99193,100,101646,100,99015,100
2019-06-28 09:57:20.000000000,99936,478,99800,478,100123,100,99743,100,100124,500,99685,100,100125,100,99653,100,100281,100,99649,100,101175,100,99579,100,101275,100,99529,100,101585,100,99305,100,101600,100,99193,100,101646,100,99015,100
2019-06-28 09:57:26.414950595,99936,478,99800,378,100123,100,99743,100,100124,500,99685,100,100125,100,99653,100,100281,100,99649,100,101175,100,99579,100,101275,100,99529,100,101585,100,99305,100,101646,100,99193,100,101875,100,99015,100
2019-06-28 09:57:30.000000000,99936,289,99743,289,100123,289,99685,289,100124,500,99653,100,100125,100,99649,100,100281,100,99579,100,101175,100,99529,100,101275,100,99305,100,101585,100,99193,100,101646,100,99015,100,101875,100,,
2019-06-28 09:57:40.000000000,99936,194,99743,194,100123,194,99685,194,100124,594,99653,194,100125,194,99649,194,100281,100,99579,100,101175,100,99529,100,101275,100,99305,100,101585,100,99193,100,101646,100,99015,100,101875,100,,
2019-06-28 09:57:50.000000000,99936,176,99743,176,100123,176,99685,176,100124,576,99653,176,100125,176,99649,176,100281,176,99579,176,101175,100,99529,100,101275,100,99305,100,101585,100,99193,100,101646,100,99015,100,101875,100,,
2019-06-28 09:58:00.000000000,99936,176,99743,176,100123,176,99685,176,100124,576,99653,176,100125,176,99649,176,100281,176,99579,176,101175,100,99529,100,101275,100,99305,100,101585,100,99193,100,101646,100,99015,100,101875,100,,
2019-06-28 09:58:10.000000000,99936,194,99743,194,100123,194,99685,194,100124,594,99653,194,100125,194,99649,194,100281,100,99579,100,101175,100,99529,100,101275,100,99305,100,101585,100,99193,100,101646,100,99015,100,101875,100,,
2019-06-28 09:58:20.000000000,99936,176,99743,176,100123,176,99685,176,100124,576,99653,176,100125,176,99649,176,100281,176,99579,176,101175,100,99529,100,101275,100,99305,100,101585,100,99193,100,101646,100,99015,100,101875,100,,
2019-06-28 09:58:24.096339399,99936,176,99743,176,100123,176,99685,176,100124,576,99653,176,100125,176,99649,176,100135,100,99579,176,100281,176,99529,100,101175,100,99305,100,101275,100,99193,100,101585,100,99015,100,101646,100,,
2019-06-28 09:58:25.833798686,99936,76,99743,176,100123,176,99685,176,100124,576,99653,176,100125,176,99649,176,100135,100,99579,176,100281,176,99529,100,101175,100,99305,100,101275,100,99193,100,101585,100,99015,100,101646,100,,
2019-06-28 09:58:30.000000000,100123,194,99743,194,100124,594,99685,194,100125,194,99653,194,100135,194,99649,194,100281,100,99579,100,101175,100,99529,100,101275,100,99305,100,101585,100,99193,100,101646,100,99015,100,101875,100,,
2019-06-28 09:58:34.477408008,100119,100,99743,194,100123,194,99685,194,100124,594,99653,194,100125,194,99649,194,100135,194,99579,100,100281,100,99305,100,101175,100,99193,100,101275,100,99015,100,101585,100,,,101646,100,,
2019-06-28 09:58:40.000000000,100119,176,99743,176,100123,176,99685,176,100124,576,99653,176,100125,176,99649,176,100135,176,99579,176,100281,100,99305,100,101175,100,99193,100,101275,100,99015,100,101585,100,,,101646,100,,
2019-06-28 09:58:48.861767028,100119,176,99743,176,100123,176,99685,176,100124,576,99653,176,100125,176,99650,100,100135,176,99649,176,100281,100,99579,176,101175,100,99305,100,101275,100,99193,100,101585,100,99015,100,101646,100,,
2019-06-28 09:58:50.000000000,100119,229,99743,229,100123,225,99685,225,100124,625,99653,225,100125,100,99650,100,100135,100,99649,100,100281,100,99579,100,101175,100,99305,100,101275,100,99193,100,101585,100,99015,100,101646,100,,
2019-06-28 09:58:55.584258393,100119,229,99743,129,100123,225,99685,225,100124,625,99653,225,100125,100,99650,100,100135,100,99649,100,100281,100,99579,100,101175,100,99305,100,101275,100,99193,100,101585,100,99015,100,101646,100,,
2019-06-28 09:59:00.000000000,100119,289,99685,289,100123,289,99653,289,100124,500,99650,100,100125,100,99649,100,100135,100,99579,100,100281,100,99305,100,101175,100,99193,100,101275,100,99015,100,101585,100,,,101646,100,,
2019-06-28 09:59:02.902077341,100119,289,99685,289,100123,289,99653,289,100124,500,99650,100,100125,100,99649,100,100135,100,99579,100,100281,100,99559,100,101175,100,99305,100,101275,100,99193,100,101585,100,99015,100,101646,100,,
2019-06-28 09:59:03.257359362,100119,289,99685,289,100123,289,99653,289,100124,500,99650,100,100135,100,99649,100,100281,100,99579,100,101175,100,99559,100,101275,100,99305,100,101585,100,99193,100,101646,100,99015,100,101875,100,,
2019-06-28 09:59:10.000000000,100119,229,99685,229,100123,225,99653,225,100124,625,99650,225,100135,100,99649,100,100281,100,99579,100,101175,100,99559,100,101275,100,99305,100,101585,100,99193,100,101646,100,99015,100,101875,100,,
2019-06-28 09:59:20.000000000,100119,289,99685,289,100123,289,99653,289,100124,500,99650,100,100135,100,99649,100,100281,100,99579,100,101175,100,99559,100,101275,100,99305,100,101585,100,99193,100,101646,100,99015,100,101875,100,,
2019-06-28 09:59:30.000000000,100119,289,99685,289,100123,289,99653,289,100124,500,99650,100,100135,100,99649,100,100281,100,99579,100,101175,100,99559,100,101275,100,99305,100,101585,100,99193,100,101646,100,99015,100,101875,100,,
2019-06-28 09:59:40.000000000,100119,289,99685,289,100123,289,99653,289,100124,500,99650,100,100135,100,99649,100,100281,100,99579,100,101175,100,99559,100,101275,100,99305,100,101585,100,99193,100,101646,100,99015,100,101875,100,,
2019-06-28 09:59:49.222465803,99845,100,99685,289,100119,289,99653,289,100123,289,99650,100,100124,500,99649,100,100135,100,99579,100,100281,100,99559,100,101175,100,99305,100,101275,100,99193,100,101585,100,99015,100,101646,100,,
2019-06-28 09:59:50.000000000,99845,176,99685,176,100119,176,99653,176,100123,176,99650,176,100124,576,99649,176,100135,176,99579,176,100281,100,99559,100,101175,100,99305,100,101275,100,99193,100,101585,100,99015,100,101646,100,,
2019-06-28 09:59:50.427607080,99845,76,99685,176,100119,176,99653,176,100123,176,99650,176,100124,576,99649,176,100135,176,99579,176,100281,100,99559,100,101175,100,99305,100,101275,100,99193,100,101585,100,99015,100,101646,100,,
2019-06-28 09:59:57.295243312,99845,76,99685,176,99990,100,99653,176,100119,176,99650,176,100123,176,99649,176,100124,576,99579,176,100135,176,99559,100,100281,100,99305,100,101175,100,99193,100,101275,100,99015,100,101585,100,,
2019-06-28 09:59:58.347621642,99990,100,99845,24,100119,176,99685,176,100123,176,99653,176,100124,576,99650,176,100135,176,99649,176,100281,100,99579,76,101175,100,99559,100,101275,100,99305,100,101585,100,99193,100,101646,100,99015,100
2019-06-28 10:00:00.000000000,99990,176,99845,100,100119,176,99685,176,100123,176,99653,176,100124,576,99650,176,100135,176,99649,176,100281,100,99559,100,101175,100,99305,100,101275,100,99193,100,101585,100,99015,100,101646,100,,
2019-06-28 10:00:03.757103513,99990,176,99845,100,100119,176,99824,100,100123,176,99685,176,100124,576,99653,176,100135,176,99650,176,101175,100,99649,176,101275,100,99559,100,101585,100,99305,100,101646,100,99193,100,101875,100,99015,100
2019-06-28 10:00:10.000000000,99990,478,99845,402,100119,100,99824,100,100123,100,99685,100,100124,500,99653,100,100135,100,99650,100,101175,100,99649,100,101275,100,99559,100,101585,100,99305,100,101646,100,99193,100,101875,100,99015,100
2019-06-28 10:00:20.000000000,99990,194,99845,118,100119,194,99824,194,100123,194,99685,194,100124,594,99653,194,100135,100,99650,100,101175,100,99649,100,101275,100,99559,100,101585,100,99305,100,101646,100,99193,100,101875,100,99015,100
2019-06-28 10:00:30.000000000,99990,229,99845,153,100119,225,99824,225,100123,225,99685,225,100124,500,99653,100,100135,100,99650,100,101175,100,99649,100,101275,100,99559,100,101585,100,99305,100,101646,100,99193,100,101875,100,99015,100
2019-06-28 10:00:36.023011740,99990,229,99845,53,100119,225,99824,225,100123,225,99685,225,100124,500,99653,100,100135,100,99650,100,101175,100,99649,100,101275,100,99559,100,101585,100,99305,100,101646,100,99193,100,101875,100,99015,100
2019-06-28 10:00:40.000000000,99990,194,99824,194,100119,194,99685,194,100123,194,99653,194,100124,594,99650,194,100135,100,99649,100,101175,100,99559,100,101275,100,99305,100,101585,100,99193,100,101646,100,99015,100,101875,100,,
2019-06-28 10:00:43.786700101,99845,100,99824,194,99990,194,99685,194,100119,194,99653,194,100123,194,99650,194,100124,594,99649,100,100135,100,99559,100,101175,100,99305,100,101275,100,99193,100,101585,100,99015,100,101646,100,,
2019-06-28 10:00:50.000000000,99845,194,99824,194,99990,194,99685,194,100119,194,99653,194,100123,194,99650,194,100124,500,99649,100,100135,100,99559,100,101175,100,99305,100,101275,100,99193,100,101585,100,99015,100,101646,100,,
2019-06-28 10:00:56.114964720,99845,294,99824,194,99990,194,99685,194,100119,194,99653,194,100123,94,99650,194,100124,500,99649,100,100135,100,99559,100,101175,100,99305,100,101275,100,99193,100,101585,100,99015,100,101646,100,,
2019-06-28 10:00:57.480067803,99845,394,99824,194,99990,194,99685,194,100119,194,99653,194,100123,94,99650,194,100124,500,99649,100,100135,100,99559,100,101175,100,99305,100,101275,100,99193,100,101585,100,99015,100,101646,100,,
2019-06-28 10:01:00.000000000,99845,678,99824,478,99990,100,99685,100,100119,100,99653,100,100124,500,99650,100,100135,100,99649,100,101175,100,99559,100,101275,100,99305,100,101585,100,99193,100,101646,100,99015,100,101875,100,,
2019-06-28 10:01:10.000000000,99845,394,99824,194,99990,194,99685,194,100119,194,99653,194,100124,594,99650,194,100135,100,99649,100,101175,100,99559,100,101275,100,99305,100,101585,100,99193,100,101646,100,99015,100,101875,100,,
2019-06-28 10:01:12.705964722,99845,394,99824,194,99990,194,99685,194,100119,194,99653,194,100124,594,99650,194,100135,100,99649,100,101175,100,99559,100,101275,100,99305,100,101585,100,99193,100,101646,100,99144,100,101875,100,99015,100
2019-06-28 10:01:20.000000000,99845,489,99824,289,99990,289,99685,289,100119,100,99653,100,100124,500,99650,100,100135,100,99649,100,101175,100,99559,100,101275,100,99305,100,101585,100,99193,100,101646,100,99144,100,101875,100,99015,100
2019-06-28 10:01:29.011409613,99845,389,99824,289,99990,289,99685,289,100119,100,99653,100,100124,500,99650,100,100135,100,99649,100,101175,100,99559,100,101275,100,99305,100,101585,100,99193,100,101646,100,99144,100,101875,100,99015,100
2019-06-28 10:01:30.000000000,99845,276,99824,176,99990,176,99685,176,100119,176,99653,176,100124,576,99650,176,100135,176,99649,176,101175,100,99559,100,101275,100,99305,100,101585,100,99193,100,101646,100,99144,100,101875,100,99015,100
2019-06-28 10:01:40.000000000,99845,329,99824,229,99990,225,99685,225,100119,225,99653,225,100124,500,99650,100,100135,100,99649,100,101175,100,99559,100,101275,100,99305,100,101585,100,99193,100,101646,100,99144,100,101875,100,99015,100
2019-06-28 10:01:40.885595670,99845,329,99824,229,99990,225,99685,225,100119,225,99653,225,100124,500,99650,100,100135,100,99649,100,101175,100,99559,100,101275,100,99305,100,101585,100,99214,100,101646,100,99193,100,101875,100,99144,100
2019-06-28 10:01:42.883601964,99845,329,99824,129,99990,225,99685,225,100119,225,99653,225,100124,500,99650,100,100135,100,99649,100,101175,100,99559,100,101275,100,99305,100,101585,100,99214,100,101646,100,99193,100,101875,100,99144,100
2019-06-28 10:01:50.000000000,99845,329,99685,229,99990,225,99653,225,100119,225,99650,225,100124,500,99649,100,100135,100,99559,100,101175,100,99305,100,101275,100,99214,100,101585,100,99193,100,101646,100,99144,100,101875,100,99015,100
2019-06-28 10:01:58.152152210,99845,329,99685,129,99990,225,99653,225,100119,225,99650,225,100124,500,99649,100,100135,100,99559,100,101175,100,99305,100,101275,100,99214,100,101585,100,99193,100,101646,100,99144,100,101875,100,99015,100
2019-06-28 10:02:00.000000000,99845,276,99653,176,99990,176,99650,176,100119,176,99649,176,100124,576,99559,176,100135,176,99305,176,101175,100,99214,100,101275,100,99193,100,101585,100,99144,100,101646,100,99015,100,101875,100,,
2019-06-28 10:02:10.000000000,99845,276,99653,176,99990,176,99650,176,100119,176,99649,176,100124,576,99559,176,100135,176,99305,176,101175,100,99214,100,101275,100,99193,100,101585,100,99144,100,101646,100,99015,100,101875,100,,
2019-06-28 10:02:15.325721895,99845,276,99653,176,99990,176,99650,76,100119,176,99649,176,100124,576,99559,176,100135,176,99305,176,101175,100,99214,100,101275,100,99193,100,101585,100,99144,100,101646,100,99071,100,101875,100,99015,100
2019-06-28 10:02:16.694670062,99824,100,99653,176,99845,276,99650,76,99990,176,99649,176,100119,176,99559,176,100124,576,99305,176,100135,176,99214,100,101175,100,99193,100,101275,100,99144,100,101585,100,99071,100,101646,100,99015,100
2019-06-28 10:02:19.704294306,99824,100,99653,76,99845,276,99650,76,99990,76,99649,176,100119,176,99559,176,100124,576,99305,176,100135,176,99214,100,101175,100,99193,100,101275,100,99144,100,101585,100,99071,100,101646,100,99015,100
2019-06-28 10:02:20.000000000,99824,194,99649,194,99845,294,99559,194,100119,194,99305,194,100124,594,99214,194,100135,100,99193,100,101175,100,99144,100,101275,100,99071,100,101585,100,99015,100,101646,100,,,101875,100,,
2019-06-28 10:02:30.000000000,99824,176,99649,176,99845,276,99559,176,100119,176,99305,176,100124,576,99214,176,100135,176,99193,176,101175,100,99144,100,101275,100,99071,100,101585,100,99015,100,101646,100,,,101875,100,,
2019-06-28 10:02:40.000000000,99824,478,99649,478,99845,200,99559,100,100119,100,99305,100,100124,500,99214,100,100135,100,99193,100,101175,100,99144,100,101275,100,99071,100,101585,100,99015,100,101646,100,,,101875,100,,
2019-06-28 10:02:50.000000000,99824,478,99649,478,99845,200,99559,100,100119,100,99305,100,100124,500,99214,100,100135,100,99193,100,101175,100,99144,100,101275,100,99071,100,101585,100,99015,100,101646,100,,,101875,100,,
2019-06-28 10:03:00.000000000,99824,176,99649,176,99845,276,99559,176,100119,176,99305,176,100124,576,99214,176,100135,176,99193,176,101175,100,99144,100,101275,100,99071,100,101585,100,99015,100,101646,100,,,101875,100,,
2019-06-28 10:03:10.000000000,99824,194,99649,194,99845,294,99559,194,100119,194,99305,194,100124,594,99214,194,100135,100,99193,100,101175,100,99144,100,101275,100,99071,100,101585,100,99015,100,101646,100,,,101875,100,,
2019-06-28 10:03:20.000000000,99824,194,99649,194,99845,294,99559,194,100119,194,99305,194,100124,594,99214,194,100135,100,99193,100,101175,100,99144,100,101275,100,99071,100,101585,100,99015,100,101646,100,,,101875,100,,
2019-06-28 10:03:30.000000000,99824,194,99649,194,99845,294,99559,194,100119,194,99305,194,100124,594,99214,194,100135,100,99193,100,101175,100,99144,100,101275,100,99071,100,101585,100,99015,100,101646,100,,,101875,100,,
2019-06-28 10:03:40.000000000,99824,478,99649,478,99845,200,99559,100,100119,100,99305,100,100124,500,99214,100,100135,100,99193,100,101175,100,99144,100,101275,100,99071,100,101585,100,99015,100,101646,100,,,101875,100,,
2019-06-28 10:03:49.039613959,99824,478,99649,478,99845,200,99559,100,100119,100,99305,100,100124,500,99214,100,100135,100,99193,100,101175,100,99144,100,101275,100,99071,100,101585,100,99015,100,101646,100,98873,100,101875,100,,
2019-06-28 10:03:50.000000000,99824,478,99649,478,99845,200,99559,100,100119,100,99305,100,100124,500,99214,100,100135,100,99193,100,101175,100,99144,100,101275,100,99071,100,101585,100,99015,100,101646,100,98873,100,101875,100,,
2019-06-28 10:03:50.108664788,99824,478,99649,378,99845,200,99559,100,100119,100,99305,100,100124,500,99214,100,100135,100,99193,100,101175,100,99144,100,101275,100,99071,100,101585,100,99015,100,101646,100,98873,100,101875,100,,
2019-06-28 10:03:52.102681687,99824,478,99649,278,99845,200,99559,100,100119,100,99305,100,100124,500,99214,100,100135,100,99193,100,101175,100,99144,100,101275,100,99071,100,101585,100,99015,100,101646,100,98873,100,101875,100,,
2019-06-28 10:04:00.000000000,99824,478,99559,478,99845,200,99305,100,100119,100,99214,100,100124,500,99193,100,100135,100,99144,100,101175,100,99071,100,101275,100,99015,100,101585,100,98873,100,101646,100,,,101875,100,,
2019-06-28 10:04:03.735468533,99824,478,99559,478,99845,200,99305,100,100119,100,99214,100,100124,500,99193,100,100135,100,99144,100,101175,100,99137,100,101275,100,99071,100,101585,100,99015,100,101646,100,98873,100,101875,100,,
2019-06-28 10:04:10.000000000,99824,176,99559,176,99845,276,99305,176,100119,176,99214,176,100124,576,99193,176,100135,176,99144,176,101175,100,99137,100,101275,100,99071,100,101585,100,99015,100,101646,100,98873,100,101875,100,,
2019-06-28 10:04:18.865109623,99649,100,99559,176,99824,176,99305,176,99845,276,99214,176,100119,176,99193,176,100124,576,99144,176,100135,176,99137,100,101175,100,99071,100,101275,100,99015,100,101585,100,98873,100,101646,100,,
2019-06-28 10:04:20.000000000,99649,289,99559,289,99824,289,99305,289,99845,200,99214,100,100119,100,99193,100,100124,500,99144,100,100135,100,99137,100,101175,100,99071,100,101275,100,99015,100,101585,100,98873,100,101646,100,,
2019-06-28 10:04:27.469763696,99649,289,99559,289,99824,289,99305,289,99845,100,99214,100,100119,100,99193,100,100124,500,99144,100,100135,100,99137,100,101175,100,99071,100,101275,100,99015,100,101585,100,98873,100,101646,100,,
2019-06-28 10:04:30.000000000,99649,478,99559,478,99824,100,99305,100,99845,100,99214,100,100119,100,99193,100,100124,500,99144,100,100135,100,99137,100,101175,100,99071,100,101275,100,99015,100,101585,100,98873,100,101646,100,,
2019-06-28 10:04:39.850210172,99649,478,99559,478,99824,100,99305,100,99845,100,99214,100,100119,100,99193,100,100124,500,99144,100,100135,100,99137,100,101175,100,99071,100,101275,100,99015,100,101585,100,98925,100,101646,100,98873,100
2019-06-28 10:04:40.000000000,99649,229,99559,229,99824,225,99305,225,99845,225,99214,225,100119,100,99193,100,100124,500,99144,100,100135,100,99137,100,101175,100,99071,100,101275,100,99015,100,101585,100,98925,100,101646,100,98873,100
2019-06-28 10:04:49.457305666,99649,229,99559,129,99824,225,99305,225,99845,225,99214,225,100119,100,99193,100,100124,500,99144,100,100135,100,99137,100,101175,100,99071,100,101275,100,99015,100,101585,100,98925,100,101646,100,98873,100
2019-06-28 10:04:50.000000000,99649,194,99305,194,99824,194,99214,194,99845,194,99193,194,100119,194,99144,194,100124,500,99137,100,100135,100,99071,100,101175,100,99015,100,101275,100,98925,100,101585,100,98873,100,101646,100,,
2019-06-28 10:04:50.107871171,99649,194,99305,194,99824,194,99214,94,99845,194,99193,194,100119,194,99144,194,100124,500,99137,100,100135,100,99100,100,101175,100,99071,100,101275,100,99015,100,101585,100,98925,100,101646,100,98873,100
2019-06-28 10:04:55.991064713,99648,100,99305,194,99649,194,99214,94,99824,194,99193,194,99845,194,99144,194,100119,194,99137,100,100124,500,99100,100,100135,100,99071,100,101175,100,99015,100,101275,100,98925,100,101585,100,98873,100
2019-06-28 10:05:00.000000000,99648,229,99305,229,99649,225,99193,225,99824,225,99144,225,99845,100,99137,100,100119,100,99100,100,100124,500,99071,100,100135,100,99015,100,101175,100,98925,100,101275,100,98873,100,101585,100,,
2019-06-28 10:05:00.571658590,99648,229,99305,129,99649,225,99193,225,99824,225,99144,225,99845,100,99137,100,100119,100,99100,100,100124,500,99071,100,100135,100,99015,100,101175,100,98925,100,101275,100,98873,100,101585,100,,
2019-06-28 10:05:10.000000000,99648,289,99193,289,99649,289,99144,289,99824,100,99137,100,99845,100,99100,100,100119,100,99071,100,100124,500,99015,100,100135,100,98925,100,101175,100,98873,100,101275,100,,,101585,100,,
2019-06-28 10:05:20.000000000,99648,289,99193,289,99649,289,99144,289,99824,100,99137,100,99845,100,99100,100,100119,100,99071,100,100124,500,99015,100,100135,100,98925,100,101175,100,98873,100,101275,100,,,101585,100,,
2019-06-28 10:05:30.000000000,99648,176,99193,176,99649,176,99144,176,99824,176,99137,176,99845,176,99100,176,100119,176,99071,176,100124,500,99015,100,100135,100,98925,100,101175,100,98873,100,101275,100,,,101585,100,,
2019-06-28 10:05:40.000000000,99648,478,99193,478,99649,100,99144,100,99824,100,99137,100,99845,100,99100,100,100119,100,99071,100,100124,500,99015,100,100135,100,98925,100,101175,100,98873,100,101275,100,,,101585,100,,
2019-06-28 10:05:50.000000000,99648,229,99193,229,99649,225,99144,225,99824,225,99137,225,99845,100,99100,100,100119,100,99071,100,100124,500,99015,100,100135,100,98925,100,101175,100,98873,100,101275,100,,,101585,100,,
2019-06-28 10:05:51.955970467,99648,229,99193,229,99649,225,99144,225,99813,100,99137,225,99824,225,99100,100,99845,100,99071,100,100119,100,99015,100,100124,500,98925,100,100135,100,98873,100,101175,100,,,101275,100,,
2019-06-28 10:05:57.686062842,99648,229,99480,100,99649,225,99193,229,99813,100,99144,225,99824,225,99137,225,99845,100,99100,100,100119,100,99071,100,100124,500,99015,100,100135,100,98925,100,101175,100,98873,100,101275,100,,
2019-06-28 10:05:59.419357971,99648,229,99480,100,99649,225,99193,229,99658,100,99144,225,99813,100,99137,225,99824,225,99100,100,99845,100,99071,100,100119,100,99015,100,100124,500,98925,100,100135,100,98873,100,101175,100,,
2019-06-28 10:06:00.000000000,99648,289,99480,289,99649,289,99193,289,99658,100,99144,100,99813,100,99137,100,99824,100,99100,100,99845,100,99071,100,100119,100,99015,100,100124,500,98925,100,100135,100,98873,100,101175,100,,
2019-06-28 10:06:10.000000000,99648,176,99480,176,99649,176,99193,176,99658,176,99144,176,99813,176,99137,176,99824,176,99100,176,99845,100,99071,100,100119,100,99015,100,100124,500,98925,100,100135,100,98873,100,101175,100,,
2019-06-28 10:06:20.000000000,99648,478,99480,478,99649,100,99193,100,99658,100,99144,100,99813,100,99137,100,99824,100,99100,100,99845,100,99071,100,100119,100,99015,100,100124,500,98925,100,100135,100,98873,100,101175,100,,
2019-06-28 10:06:20.097760186,99648,478,99505,100,99649,100,99480,478,99658,100,99193,100,99813,100,99144,100,99824,100,99137,100,99845,100,99100,100,100119,100,99071,100,100124,500,99015,100,100135,100,98925,100,101275,100,98873,100
2019-06-28 10:06:23.040631102,99645,100,99505,100,99648,478,99480,478,99649,100,99193,100,99658,100,99144,100,99813,100,99137,100,99824,100,99100,100,99845,100,99071,100,100119,100,99015,100,100124,500,98925,100,100135,100,98873,100
2019-06-28 10:06:30.000000000,99645,194,99505,194,99648,194,99480,194,99649,194,99193,194,99658,194,99144,194,99813,100,99137,100,99824,100,99100,100,99845,100,99071,100,100119,100,99015,100,100124,500,98925,100,100135,100,98873,100
2019-06-28 10:06:40.000000000,99645,176,99505,176,99648,176,99480,176,99649,176,99193,176,99658,176,99144,176,99813,176,99137,176,99824,100,99100,100,99845,100,99071,100,100119,100,99015,100,100124,500,98925,100,100135,100,98873,100
2019-06-28 10:06:42.529611508,99645,176,99549,100,99648,176,99505,176,99649,176,99480,176,99658,176,99193,176,99813,176,99144,176,99824,100,99137,176,99845,100,99100,100,100119,100,99071,100,100124,500,99015,100,100135,100,98925,100
2019-06-28 10:06:48.747880387,99645,76,99549,100,99648,176,99505,176,99649,176,99480,176,99658,176,99193,176,99709,100,99144,176,99813,176,99137,176,99824,100,99100,100,99845,100,99071,100,100119,100,99015,100,100124,500,98925,100
2019-06-28 10:06:50.000000000,99648,176,99549,176,99649,176,99505,176,99658,176,99480,176,99709,176,99193,176,99813,176,99144,176,99824,100,99137,100,99845,100,99100,100,100119,100,99071,100,100124,500,99015,100,100135,100,98925,100
2019-06-28 10:06:55.907616398,99648,176,99549,176,99649,176,99505,176,99658,176,99480,176,99709,176,99193,176,99788,100,99144,176,99813,176,99137,100,99824,100,99100,100,99845,100,99071,100,100119,100,99015,100,100124,500,98925,100
2019-06-28 10:07:00.000000000,99648,194,99549,194,99649,194,99505,194,99658,194,99480,194,99709,194,99193,194,99788,100,99144,100,99813,100,99137,100,99824,100,99100,100,99845,100,99071,100,100119,100,99015,100,100124,500,98925,100
2019-06-28 10:07:04.923690353,99648,194,99630,100,99649,194,99549,194,99658,194,99505,194,99709,194,99480,194,99788,100,99193,194,99813,100,99144,100,99824,100,99137,100,99845,100,99100,100,100119,100,99071,100,100124,500,99015,100
2019-06-28 10:07:08.532228801,99648,194,99630,100,99649,194,99549,194,99658,194,99505,194,99709,194,99480,194,99788,100,99410,100,99813,100,99193,194,99824,100,99144,100,99845,100,99137,100,100119,100,99100,100,100124,500,99071,100
2019-06-28 10:07:09.648902654,99648,194,99630,100,99649,194,99549,194,99658,194,99505,194,99709,194,99498,100,99788,100,99480,194,99813,100,99410,100,99824,100,99193,194,99845,100,99144,100,100119,100,99137,100,100124,500,99100,100
2019-06-28 10:07:10.000000000,99648,478,99630,478,99649,100,99549,100,99658,100,99505,100,99709,100,99498,100,99788,100,99480,100,99813,100,99410,100,99824,100,99193,100,99845,100,99144,100,100119,100,99137,100,100124,500,99100,100
2019-06-28 10:07:20.000000000,99648,194,99630,194,99649,194,99549,194,99658,194,99505,194,99709,194,99498,194,99788,100,99480,100,99813,100,99410,100,99824,100,99193,100,99845,100,99144,100,100119,100,99137,100,100124,500,99100,100
2019-06-28 10:07:30.000000000,99648,194,99630,194,99649,194,99549,194,99658,194,99505,194,99709,194,99498,194,99788,100,99480,100,99813,100,99410,100,99824,100,99193,100,99845,100,99144,100,100119,100,99137,100,100124,500,99100,100
2019-06-28 10:07:40.000000000,99648,194,99630,194,99649,194,99549,194,99658,194,99505,194,99709,194,99498,194,99788,100,99480,100,99813,100,99410,100,99824,100,99193,100,99845,100,99144,100,100119,100,99137,100,100124,500,99100,100
2019-06-28 10:07:50.000000000,99648,229,99630,229,99649,225,99549,225,99658,225,99505,225,99709,100,99498,100,99788,100,99480,100,99813,100,99410,100,99824,100,99193,100,99845,100,99144,100,100119,100,99137,100,100124,500,99100,100
2019-06-28 10:08:00.000000000,99648,478,99630,478,99649,100,99549,100,99658,100,99505,100,99709,100,99498,100,99788,100,99480,100,99813,100,99410,100,99824,100,99193,100,99845,100,99144,100,100119,100,99137,100,100124,500,99100,100
2019-06-28 10:08:01.590455769,99648,478,99630,478,99649,100,99560,100,99658,100,99549,100,99709,100,99505,100,99788,100,99498,100,99813,100,99480,100,99824,100,99410,100,99845,100,99193,100,100119,100,99144,100,100124,500,99137,100
2019-06-28 10:08:10.000000000,99648,478,99630,478,99649,100,99560,100,99658,100,99549,100,99709,100,99505,100,99788,100,99498,100,99813,100,99480,100,99824,100,99410,100,99845,100,99193,100,100119,100,99144,100,100124,500,99137,100
2019-06-28 10:08:20.000000000,99648,176,99630,176,99649,176,99560,176,99658,176,99549,176,99709,176,99505,176,99788,176,99498,176,99813,100,99480,100,99824,100,99410,100,99845,100,99193,100,100119,100,99144,100,100124,500,99137,100
2019-06-28 10:08:20.024134547,99648,176,99630,176,99649,176,99560,176,99658,176,99549,176,99709,176,99505,176,99788,176,99498,176,99813,100,99480,100,99824,100,99410,100,99845,100,99193,100,100119,100,99144,100,100124,500,99137,100
