,ask_price_1,ask_size_1,bid_price_1,bid_size_1,ask_price_2,ask_size_2,bid_price_2,bid_size_2,ask_price_3,ask_size_3,bid_price_3,bid_size_3,ask_price_4,ask_size_4,bid_price_4,bid_size_4,ask_price_5,ask_size_5,bid_price_5,bid_size_5,ask_price_6,ask_size_6,bid_price_6,bid_size_6,ask_price_7,ask_size_7,bid_price_7,bid_size_7,ask_price_8,ask_size_8,bid_price_8,bid_size_8,ask_price_9,ask_size_9,bid_price_9,bid_size_9,ask_price_10,ask_size_10,bid_price_10,bid_size_10
2019-06-28 09:30:00.000000001,100081,100,,,,,,,,,,,,,,,,,,,,,,,,,,,,,,,,,,,,,,
2019-06-28 09:30:00.000000002,100081,100,,,100082,100,,,,,,,,,,,,,,,,,,,,,,,,,,,,,,,,,,
2019-06-28 09:30:00.000000007,100081,100,,,100082,100,,,100104,100,,,,,,,,,,,,,,,,,,,,,,,,,,,,,,
2019-06-28 09:30:00.000000008,100081,100,99880,100,100082,100,,,100104,100,,,,,,,,,,,,,,,,,,,,,,,,,,,,,,
2019-06-28 09:30:00.000000010,100026,100,99880,100,100081,100,,,100082,100,,,100104,100,,,,,,,,,,,,,,,,,,,,,,,,,,
2019-06-28 09:30:00.000000011,100026,100,100015,100,100081,100,99880,100,100082,100,,,100104,100,,,,,,,,,,,,,,,,,,,,,,,,,,
2019-06-28 09:30:00.000000012,100026,100,100015,200,100081,100,99880,100,100082,100,,,100104,100,,,,,,,,,,,,,,,,,,,,,,,,,,
2019-06-28 09:30:00.000000014,100026,100,100015,200,100081,100,99995,100,100082,100,99880,100,100104,100,,,,,,,,,,,,,,,,,,,,,,,,,,
2019-06-28 09:30:00.000000015,100026,100,100015,100,100081,100,99995,100,100082,100,99880,100,100104,100,,,,,,,,,,,,,,,,,,,,,,,,,,
2019-06-28 09:30:00.000000016,100026,100,100015,100,100081,100,99995,100,100082,100,99922,100,100085,100,99880,100,100104,100,,,,,,,,,,,,,,,,,,,,,,
2019-06-28 09:30:00.000000020,100081,100,100015,100,100082,100,99995,100,100085,100,99922,100,100104,100,99880,100,,,,,,,,,,,,,,,,,,,,,,,,
2019-06-28 09:30:00.000000021,100081,100,100015,100,100082,100,99995,100,100085,100,99922,100,100104,100,99880,100,100123,100,,,,,,,,,,,,,,,,,,,,,,
2019-06-28 09:30:00.000000025,100081,100,100015,100,100082,100,99995,100,100085,100,99922,100,100088,100,99880,100,100104,100,,,100123,100,,,,,,,,,,,,,,,,,,
2019-06-28 09:30:00.000000026,100081,100,100015,100,100082,100,99995,100,100085,100,99922,100,100088,100,99880,100,100104,100,,,100117,100,,,100123,100,,,,,,,,,,,,,,
2019-06-28 09:30:00.000000028,100026,100,100015,100,100063,100,99995,100,100081,100,99922,100,100082,100,99880,100,100085,100,99784,100,100088,100,,,100104,100,,,100117,100,,,100123,100,,,,,,
2019-06-28 09:30:00.000000029,100026,100,100015,100,100063,100,99995,100,100081,100,99922,100,100082,100,99909,100,100085,100,99880,100,100088,100,99784,100,100104,100,,,100117,100,,,100123,100,,,,,,
2019-06-28 09:30:00.000000031,100026,100,100015,100,100063,100,99995,100,100081,100,99922,100,100082,100,99909,100,100085,100,99880,100,100088,100,99784,100,100104,100,,,100117,100,,,100123,100,,,100150,100,,
2019-06-28 09:30:00.000000032,100024,100,100015,100,100026,100,99995,100,100063,100,99922,100,100081,100,99909,100,100082,100,99903,100,100085,100,99880,100,100088,100,99784,100,100104,100,,,100117,100,,,100123,100,,
2019-06-28 09:30:00.000000033,100024,100,100015,100,100026,100,99995,100,100063,100,99922,100,100081,100,99909,100,100082,100,99903,100,100085,100,99880,100,100088,100,99879,100,100104,100,99784,100,100117,100,,,100123,100,,
2019-06-28 09:30:00.000000034,100026,100,100015,100,100063,100,100014,100,100081,100,99995,100,100082,100,99951,100,100085,100,99925,100,100088,100,99922,100,100104,100,99909,100,100117,100,99903,100,100123,100,99880,100,100150,100,99879,100
2019-06-28 09:30:00.000000035,100026,100,100015,100,100063,100,100014,100,100081,100,99995,100,100082,100,99953,100,100085,100,99951,100,100088,100,99925,100,100104,100,99922,100,100117,100,99909,100,100123,100,99903,100,100150,100,99880,100
2019-06-28 09:30:00.000000037,100026,100,100015,100,100063,100,100014,100,100081,100,99995,100,100082,100,99953,100,100085,100,99951,100,100088,100,99925,100,100104,100,99922,100,100117,100,99909,100,100123,100,99903,100,100150,100,99880,100
2019-06-28 09:30:00.000000039,100026,100,100015,100,100063,100,100014,100,100081,100,99995,100,100082,100,99953,100,100085,100,99951,100,100088,100,99925,100,100104,100,99922,100,100117,100,99909,100,100123,100,99903,100,100150,100,99880,100
2019-06-28 09:30:00.000000041,100063,100,100015,100,100081,100,100014,100,100082,100,99995,100,100085,100,99953,100,100088,100,99951,100,100104,100,99925,100,100117,100,99922,100,100123,100,99909,100,100150,100,99903,100,100176,100,99880,100
2019-06-28 09:30:00.000000046,100063,100,100015,100,100081,100,100014,100,100082,100,99995,100,100085,100,99953,100,100088,100,99951,100,100104,100,99925,100,100117,100,99922,100,100123,100,99909,100,100150,100,99903,100,100176,100,99884,100
2019-06-28 09:30:00.000000047,100060,100,100015,100,100063,100,100014,100,100081,100,99995,100,100082,100,99953,100,100085,100,99951,100,100088,100,99925,100,100104,100,99922,100,100117,100,99909,100,100123,100,99903,100,100150,100,99884,100
2019-06-28 09:30:00.000000056,100060,100,100015,100,100063,100,100014,100,100081,100,99995,200,100082,100,99953,100,100085,100,99951,100,100088,100,99925,100,100104,100,99922,100,100117,100,99909,100,100123,100,99903,100,100150,100,99884,100
2019-06-28 09:30:00.000000059,100041,100,100015,100,100060,100,100014,100,100063,100,99995,200,100081,100,99953,100,100082,100,99951,100,100085,100,99925,100,100088,100,99922,100,100104,100,99909,100,100117,100,99903,100,100123,100,99884,100
2019-06-28 09:30:00.000000061,100041,100,100015,100,100060,100,100014,100,100063,100,99995,200,100081,100,99953,100,100082,100,99951,100,100085,100,99925,100,100088,100,99922,100,100104,100,99909,100,100114,100,99903,100,100117,100,99884,100
2019-06-28 09:30:00.000000064,100041,100,100014,100,100060,100,99995,200,100063,100,99953,100,100081,100,99951,100,100082,100,99946,100,100085,100,99925,100,100088,100,99922,100,100104,100,99909,100,100114,100,99903,100,100117,100,99884,100
2019-06-28 09:30:00.000000065,100026,100,100014,100,100041,100,99995,200,100060,100,99953,100,100063,100,99951,100,100081,100,99946,200,100082,100,99925,100,100085,100,99922,100,100088,100,99909,100,100104,100,99903,100,100114,100,99884,100
2019-06-28 09:30:00.000000066,100018,100,100014,100,100026,100,99995,200,100041,100,99953,100,100060,100,99951,100,100063,100,99946,200,100081,100,99925,100,100082,100,99922,100,100085,100,99909,100,100088,100,99903,100,100104,100,99884,100
2019-06-28 09:30:00.000000067,100018,100,100014,100,100026,200,99995,200,100041,100,99953,100,100060,100,99951,100,100063,100,99946,200,100081,100,99925,100,100082,100,99922,100,100085,100,99909,100,100088,100,99903,100,100104,100,99884,100
2019-06-28 09:30:00.000000070,100015,100,100014,100,100018,100,99995,200,100026,300,99953,100,100041,100,99951,100,100060,100,99946,200,100063,100,99925,100,100081,100,99922,100,100082,100,99909,100,100085,100,99903,100,100088,100,99884,100
2019-06-28 09:30:00.000000072,100015,100,100014,100,100018,100,99995,200,100026,300,99953,100,100041,100,99951,100,100060,100,99946,200,100063,100,99925,100,100081,100,99922,100,100082,100,99909,100,100085,100,99903,100,100088,100,99896,100
2019-06-28 09:30:00.000000074,100015,100,99995,200,100018,100,99953,100,100026,300,99951,100,100041,100,99946,200,100060,100,99925,100,100063,100,99922,100,100081,100,99909,100,100082,100,99903,100,100085,100,99896,100,100088,100,99884,100
2019-06-28 09:30:00.000000076,100014,100,99995,300,100015,100,99953,100,100018,100,99951,100,100026,300,99946,200,100041,100,99929,100,100060,100,99925,100,100063,100,99922,100,100081,100,99909,100,100082,100,99903,100,100085,100,99896,100
2019-06-28 09:30:00.000000081,100014,100,99995,300,100015,100,99953,100,100018,100,99951,100,100026,300,99946,200,100041,100,99929,100,100060,100,99925,100,100063,100,99922,100,100081,100,99909,100,100082,100,99903,100,100085,100,99896,100
2019-06-28 09:30:00.000000083,100014,100,99995,300,100015,100,99953,100,100018,100,99951,100,100026,300,99946,200,100041,100,99929,100,100060,100,99925,100,100063,100,99922,100,100081,100,99909,100,100082,100,99903,100,100085,100,99896,100
2019-06-28 09:30:00.000000086,100014,100,99995,300,100015,100,99960,100,100018,100,99953,100,100026,300,99951,100,100041,100,99946,200,100060,100,99929,100,100063,100,99925,100,100081,100,99922,100,100082,100,99909,100,100085,100,99903,100
2019-06-28 09:30:00.000000088,100014,100,99995,300,100015,100,99968,100,100018,100,99960,100,100026,300,99953,100,100041,100,99951,100,100060,100,99946,200,100063,100,99929,100,100081,100,99925,100,100082,100,99922,100,100085,100,99909,100
2019-06-28 09:30:00.000000089,100014,200,99995,300,100015,100,99968,100,100018,100,99960,100,100026,300,99953,100,100041,100,99951,100,100060,100,99946,200,100063,100,99929,100,100081,100,99925,100,100082,100,99922,100,100085,100,99909,100
2019-06-28 09:30:00.000000092,100014,100,99995,300,100015,100,99968,100,100018,100,99960,100,100026,300,99953,100,100041,100,99951,100,100060,100,99946,200,100063,100,99929,100,100081,100,99925,100,100082,100,99922,100,100085,100,99909,100
2019-06-28 09:30:00.000000094,100014,100,99995,300,100015,100,99968,100,100018,100,99960,100,100026,300,99953,100,100041,100,99951,100,100060,100,99946,200,100063,100,99940,100,100081,100,99929,100,100082,100,99925,100,100085,100,99922,100
2019-06-28 09:30:00.000000096,100014,100,99995,300,100015,100,99968,100,100018,100,99960,100,100026,300,99953,100,100041,100,99951,100,100060,100,99946,200,100063,100,99940,100,100081,100,99929,100,100082,100,99925,100,100085,100,99922,100
2019-06-28 09:30:00.000000098,100014,100,99995,300,100015,100,99968,100,100018,100,99960,100,100026,300,99953,100,100041,100,99951,100,100060,100,99946,200,100063,100,99940,100,100081,100,99929,100,100082,100,99925,100,100085,100,99922,100
2019-06-28 09:30:10.000000000,100014,198,99995,398,100015,198,99968,198,100018,198,99960,198,100026,398,99953,198,100041,198,99951,198,100060,100,99946,200,100063,100,99940,100,100081,100,99929,100,100082,100,99925,100,100085,100,99922,100
2019-06-28 09:30:17.122694913,100014,198,99998,100,100015,198,99995,398,100018,198,99968,198,100026,398,99960,198,100041,198,99953,198,100060,100,99951,198,100063,100,99946,200,100081,100,99940,100,100082,100,99929,100,100085,100,99925,100
2019-06-28 09:30:20.000000000,100014,198,99998,198,100015,198,99995,398,100018,198,99968,198,100026,398,99960,198,100041,198,99953,198,100060,100,99951,100,100063,100,99946,200,100081,100,99940,100,100082,100,99929,100,100085,100,99925,100
2019-06-28 09:30:30.000000000,100014,590,99998,590,100015,100,99995,300,100018,100,99968,100,100026,300,99960,100,100041,100,99953,100,100060,100,99951,100,100063,100,99946,200,100081,100,99940,100,100082,100,99929,100,100085,100,99925,100
2019-06-28 09:30:40.000000000,100014,345,99998,345,100015,345,99995,545,100018,100,99968,100,100026,300,99960,100,100041,100,99953,100,100060,100,99951,100,100063,100,99946,200,100081,100,99940,100,100082,100,99929,100,100085,100,99925,100
2019-06-28 09:30:50.000000000,100014,590,99998,590,100015,100,99995,300,100018,100,99968,100,100026,300,99960,100,100041,100,99953,100,100060,100,99951,100,100063,100,99946,200,100081,100,99940,100,100082,100,99929,100,100085,100,99925,100
2019-06-28 09:31:00.000000000,100014,267,99998,267,100015,262,99995,462,100018,262,99968,262,100026,300,99960,100,100041,100,99953,100,100060,100,99951,100,100063,100,99946,200,100081,100,99940,100,100082,100,99929,100,100085,100,99925,100
2019-06-28 09:31:06.019922142,100014,267,100013,100,100015,262,99998,267,100018,262,99995,462,100026,200,99968,262,100041,100,99960,100,100060,100,99953,100,100063,100,99951,100,100081,100,99946,200,100082,100,99940,100,100085,100,99929,100
2019-06-28 09:31:10.000000000,100014,590,100013,590,100015,100,99998,100,100018,100,99995,300,100026,200,99968,100,100041,100,99960,100,100060,100,99953,100,100063,100,99951,100,100081,100,99946,200,100082,100,99940,100,100085,100,99929,100
2019-06-28 09:31:20.000000000,100014,590,100013,590,100015,100,99998,100,100018,100,99995,300,100026,200,99968,100,100041,100,99960,100,100060,100,99953,100,100063,100,99951,100,100081,100,99946,200,100082,100,99940,100,100085,100,99929,100
2019-06-28 09:31:21.861699989,100014,590,100013,590,100015,100,99998,100,100018,100,99995,300,100026,200,99968,100,100041,100,99960,100,100060,100,99953,100,100063,100,99951,100,100081,100,99946,200,100082,100,99940,100,100085,100,99929,100
2019-06-28 09:31:28.968175810,100014,490,100013,590,100015,100,99998,100,100018,100,99995,300,100026,200,99968,100,100041,100,99960,100,100060,100,99953,100,100063,100,99951,100,100081,100,99946,200,100082,100,99929,100,100085,100,99925,100
2019-06-28 09:31:30.000000000,100015,198,100013,198,100018,198,99998,198,100026,298,99995,398,100041,198,99968,198,100060,198,99960,198,100063,100,99953,100,100081,100,99951,100,100082,100,99946,200,100085,100,99929,100,100088,100,99925,100
2019-06-28 09:31:40.000000000,100015,345,100013,345,100018,345,99998,345,100026,200,99995,300,100041,100,99968,100,100060,100,99960,100,100063,100,99953,100,100081,100,99951,100,100082,100,99946,200,100085,100,99929,100,100088,100,99925,100
2019-06-28 09:31:50.000000000,100015,198,100013,198,100018,198,99998,198,100026,298,99995,398,100041,198,99968,198,100060,198,99960,198,100063,100,99953,100,100081,100,99951,100,100082,100,99946,200,100085,100,99929,100,100088,100,99925,100
2019-06-28 09:32:00.000000000,100015,267,100013,267,100018,262,99998,262,100026,362,99995,462,100041,100,99968,100,100060,100,99960,100,100063,100,99953,100,100081,100,99951,100,100082,100,99946,200,100085,100,99929,100,100088,100,99925,100
2019-06-28 09:32:10.000000000,100015,198,100013,198,100018,198,99998,198,100026,298,99995,398,100041,198,99968,198,100060,198,99960,198,100063,100,99953,100,100081,100,99951,100,100082,100,99946,200,100085,100,99929,100,100088,100,99925,100
2019-06-28 09:32:18.827107398,100015,198,100013,198,100018,198,99998,198,100026,298,99995,398,100041,198,99968,198,100060,198,99960,198,100063,100,99953,100,100081,100,99951,100,100082,100,99946,200,100085,100,99929,100,100088,100,99925,100
2019-06-28 09:32:20.000000000,100015,590,100013,590,100018,100,99998,100,100026,200,99995,300,100041,100,99968,100,100060,100,99960,100,100063,100,99953,100,100081,100,99951,100,100082,100,99946,200,100085,100,99929,100,100088,100,99925,100
2019-06-28 09:32:30.000000000,100015,590,100013,590,100018,100,99998,100,100026,200,99995,300,100041,100,99968,100,100060,100,99960,100,100063,100,99953,100,100081,100,99951,100,100082,100,99946,200,100085,100,99929,100,100088,100,99925,100
2019-06-28 09:32:40.000000000,100015,267,100013,267,100018,262,99998,262,100026,362,99995,462,100041,100,99968,100,100060,100,99960,100,100063,100,99953,100,100081,100,99951,100,100082,100,99946,200,100085,100,99929,100,100088,100,99925,100
2019-06-28 09:32:50.000000000,100015,590,100013,590,100018,100,99998,100,100026,200,99995,300,100041,100,99968,100,100060,100,99960,100,100063,100,99953,100,100081,100,99951,100,100082,100,99946,200,100085,100,99929,100,100088,100,99925,100
2019-06-28 09:32:53.338656018,100015,490,100013,590,100018,100,99998,100,100026,200,99995,300,100041,100,99968,100,100060,100,99960,100,100063,100,99953,100,100081,100,99951,100,100082,100,99946,200,100085,100,99929,100,100088,100,99925,100
2019-06-28 09:33:00.000000000,100018,345,100013,345,100026,445,99998,345,100041,100,99995,300,100060,100,99968,100,100063,100,99960,100,100081,100,99953,100,100082,100,99951,100,100085,100,99946,200,100088,100,99929,100,100090,100,99925,100
2019-06-28 09:33:10.000000000,100018,590,100013,590,100026,200,99998,100,100041,100,99995,300,100060,100,99968,100,100063,100,99960,100,100081,100,99953,100,100082,100,99951,100,100085,100,99946,200,100088,100,99929,100,100090,100,99925,100
2019-06-28 09:33:20.000000000,100018,222,100013,222,100026,322,99998,222,100041,222,99995,422,100060,222,99968,222,100063,100,99960,100,100081,100,99953,100,100082,100,99951,100,100085,100,99946,200,100088,100,99929,100,100090,100,99925,100
2019-06-28 09:33:23.795458653,100018,222,100013,122,100026,322,99998,222,100041,222,99995,422,100060,222,99968,222,100063,100,99960,100,100081,100,99953,100,100082,100,99951,100,100085,100,99946,200,100088,100,99929,100,100090,100,99925,100
2019-06-28 09:33:25.342679079,100018,222,100013,22,100026,322,99998,222,100041,222,99995,422,100060,222,99968,222,100063,100,99960,100,100081,100,99953,100,100082,100,99951,100,100085,100,99946,200,100088,100,99929,100,100090,100,99925,100
2019-06-28 09:33:30.000000000,100018,198,99998,198,100026,298,99995,398,100041,198,99968,198,100060,198,99960,198,100063,198,99953,198,100081,100,99951,100,100082,100,99946,200,100085,100,99929,100,100088,100,99925,100,100090,100,99922,100
2019-06-28 09:33:40.000000000,100018,198,99998,198,100026,298,99995,398,100041,198,99968,198,100060,198,99960,198,100063,198,99953,198,100081,100,99951,100,100082,100,99946,200,100085,100,99929,100,100088,100,99925,100,100090,100,99922,100
2019-06-28 09:33:50.000000000,100018,267,99998,267,100026,362,99995,462,100041,262,99968,262,100060,100,99960,100,100063,100,99953,100,100081,100,99951,100,100082,100,99946,200,100085,100,99929,100,100088,100,99925,100,100090,100,99922,100
2019-06-28 09:34:00.000000000,100018,222,99998,222,100026,322,99995,422,100041,222,99968,222,100060,222,99960,222,100063,100,99953,100,100081,100,99951,100,100082,100,99946,200,100085,100,99929,100,100088,100,99925,100,100090,100,99922,100
2019-06-28 09:34:04.971538772,100018,222,99998,222,100026,322,99995,322,100041,222,99968,222,100060,222,99960,222,100063,100,99953,100,100081,100,99951,100,100082,100,99946,200,100085,100,99929,100,100088,100,99925,100,100090,100,99922,100
2019-06-28 09:34:10.000000000,100018,267,99998,267,100026,362,99995,362,100041,262,99968,262,100060,100,99960,100,100063,100,99953,100,100081,100,99951,100,100082,100,99946,200,100085,100,99929,100,100088,100,99925,100,100090,100,99922,100
2019-06-28 09:34:13.002786041,100018,267,99998,267,100026,362,99995,362,100041,262,99968,262,100060,100,99960,100,100063,100,99953,100,100082,100,99951,100,100085,100,99946,200,100088,100,99929,100,100090,100,99925,100,100107,100,99922,100
2019-06-28 09:34:20.000000000,100018,590,99998,590,100026,200,99995,200,100041,100,99968,100,100060,100,99960,100,100063,100,99953,100,100082,100,99951,100,100085,100,99946,200,100088,100,99929,100,100090,100,99925,100,100107,100,99922,100
2019-06-28 09:34:30.000000000,100018,345,99998,345,100026,445,99995,445,100041,100,99968,100,100060,100,99960,100,100063,100,99953,100,100082,100,99951,100,100085,100,99946,200,100088,100,99929,100,100090,100,99925,100,100107,100,99922,100
2019-06-28 09:34:35.998027244,100018,345,99998,145,100026,445,99995,445,100041,100,99968,100,100060,100,99960,100,100063,100,99953,100,100082,100,99951,100,100085,100,99946,200,100088,100,99929,100,100090,100,99925,100,100107,100,99922,100
2019-06-28 09:34:40.000000000,100018,267,99995,367,100026,362,99968,262,100041,262,99960,262,100060,100,99953,100,100063,100,99951,100,100082,100,99946,200,100085,100,99929,100,100088,100,99925,100,100090,100,99922,100,100107,100,99903,100
2019-06-28 09:34:50.000000000,100018,222,99995,322,100026,322,99968,222,100041,222,99960,222,100060,222,99953,222,100063,100,99951,100,100082,100,99946,200,100085,100,99929,100,100088,100,99925,100,100090,100,99922,100,100107,100,99903,100
2019-06-28 09:34:50.971502562,100013,100,99995,322,100018,222,99968,222,100026,322,99960,222,100041,222,99953,222,100060,222,99951,100,100063,100,99946,200,100082,100,99929,100,100085,100,99925,100,100088,100,99922,100,100090,100,99903,100
2019-06-28 09:34:51.688266709,100013,200,99995,322,100018,222,99968,222,100026,322,99960,222,100041,222,99953,222,100060,222,99951,100,100063,100,99946,200,100082,100,99929,100,100085,100,99925,100,100088,100,99922,100,100090,100,99903,100
2019-06-28 09:35:00.000000000,100013,298,99995,298,100018,198,99968,198,100026,298,99960,198,100041,198,99953,198,100060,198,99951,198,100063,100,99946,200,100082,100,99929,100,100085,100,99925,100,100088,100,99922,100,100090,100,99903,100
2019-06-28 09:35:10.000000000,100013,445,99995,445,100018,345,99968,345,100026,200,99960,100,100041,100,99953,100,100060,100,99951,100,100063,100,99946,200,100082,100,99929,100,100085,100,99925,100,100088,100,99922,100,100090,100,99903,100
2019-06-28 09:35:14.790370075,100013,445,99995,345,100018,345,99968,345,100026,200,99960,100,100041,100,99953,100,100060,100,99951,100,100063,100,99946,200,100082,100,99929,100,100085,100,99925,100,100088,100,99922,100,100090,100,99903,100
2019-06-28 09:35:20.000000000,100013,298,99995,198,100018,198,99968,198,100026,298,99960,198,100041,198,99953,198,100060,198,99951,198,100063,100,99946,200,100082,100,99929,100,100085,100,99925,100,100088,100,99922,100,100090,100,99903,100
2019-06-28 09:35:24.375479846,100013,298,99995,98,100018,198,99968,98,100026,298,99960,198,100041,198,99953,198,100060,198,99951,198,100063,100,99946,200,100082,100,99929,100,100085,100,99925,100,100088,100,99922,100,100090,100,99903,100
2019-06-28 09:35:25.447301755,99995,2,99968,98,100013,298,99960,198,100018,198,99953,198,100026,298,99951,198,100041,198,99946,200,100060,198,99929,100,100063,100,99925,100,100082,100,99922,100,100085,100,99903,100,100088,100,99886,100
2019-06-28 09:35:26.393937517,99995,102,99968,98,100013,298,99960,198,100018,198,99953,198,100026,298,99951,198,100041,198,99946,200,100060,198,99929,100,100063,100,99925,100,100082,100,99922,100,100085,100,99903,100,100088,100,99886,100
2019-06-28 09:35:30.000000000,99995,592,99960,590,100013,200,99953,100,100018,100,99951,100,100026,200,99946,200,100041,100,99929,100,100060,100,99925,100,100063,100,99922,100,100082,100,99903,100,100085,100,99886,100,100088,100,99884,100
2019-06-28 09:35:31.561344816,99995,592,99960,590,100013,200,99953,100,100018,100,99951,100,100026,200,99946,200,100041,100,99929,100,100060,100,99925,100,100063,100,99922,100,100082,100,99903,100,100085,100,99886,100,100088,100,99884,100
2019-06-28 09:35:33.780405182,99995,592,99960,590,100013,200,99953,100,100018,100,99951,100,100026,200,99946,200,100041,100,99929,100,100060,100,99925,100,100063,100,99922,100,100082,100,99903,100,100085,100,99886,100,100088,100,99884,100
2019-06-28 09:35:40.000000000,99995,347,99960,345,100013,445,99953,345,100018,100,99951,100,100026,200,99946,200,100041,100,99929,100,100060,100,99925,100,100063,100,99922,100,100082,100,99903,100,100085,100,99886,100,100088,100,99884,100
2019-06-28 09:35:44.800718174,99995,447,99960,345,100013,445,99953,345,100018,100,99951,100,100026,200,99946,200,100041,100,99929,100,100060,100,99925,100,100063,100,99922,100,100085,100,99903,100,100088,100,99886,100,100090,100,99884,100
2019-06-28 09:35:50.000000000,99995,692,99960,590,100013,200,99953,100,100018,100,99951,100,100026,200,99946,200,100041,100,99929,100,100060,100,99925,100,100063,100,99922,100,100085,100,99903,100,100088,100,99886,100,100090,100,99884,100
2019-06-28 09:35:57.403247212,99995,692,99960,490,100013,200,99953,100,100018,100,99951,100,100026,200,99946,200,100041,100,99929,100,100060,100,99925,100,100063,100,99922,100,100085,100,99903,100,100088,100,99886,100,100090,100,99884,100
2019-06-28 09:36:00.000000000,99995,692,99953,590,100013,200,99951,100,100018,100,99946,200,100026,200,99929,100,100041,100,99925,100,100060,100,99922,100,100063,100,99903,100,100085,100,99886,100,100088,100,99884,100,100090,100,99880,100
2019-06-28 09:36:05.790773171,99995,692,99953,490,100013,200,99951,100,100018,100,99946,200,100026,200,99929,100,100041,100,99925,100,100060,100,99922,100,100063,100,99903,100,100085,100,99886,100,100088,100,99884,100,100090,100,99880,100
2019-06-28 09:36:10.000000000,99995,369,99951,267,100013,362,99946,362,100018,262,99929,262,100026,200,99925,100,100041,100,99922,100,100060,100,99903,100,100063,100,99886,100,100085,100,99884,100,100088,100,99880,100,100090,100,99879,100
2019-06-28 09:36:10.317198046,99977,100,99951,267,99995,369,99946,362,100013,362,99929,262,100018,262,99925,100,100026,200,99922,100,100041,100,99903,100,100060,100,99886,100,100063,100,99884,100,100085,100,99880,100,100088,100,99879,100
2019-06-28 09:36:20.000000000,99977,590,99951,590,99995,202,99946,200,100013,200,99929,100,100018,100,99925,100,100026,200,99922,100,100041,100,99903,100,100060,100,99886,100,100063,100,99884,100,100085,100,99880,100,100088,100,99879,100
2019-06-28 09:36:30.000000000,99977,198,99951,198,99995,300,99946,298,100013,298,99929,198,100018,198,99925,198,100026,298,99922,198,100041,100,99903,100,100060,100,99886,100,100063,100,99884,100,100085,100,99880,100,100088,100,99879,100
2019-06-28 09:36:38.245247741,99959,100,99951,198,99977,198,99946,298,99995,300,99929,198,100013,298,99925,198,100018,98,99922,198,100026,298,99903,100,100041,100,99886,100,100060,100,99884,100,100063,100,99880,100,100085,100,99879,100
2019-06-28 09:36:40.000000000,99959,267,99951,267,99977,262,99946,362,99995,364,99929,262,100013,200,99925,100,100026,200,99922,100,100041,100,99903,100,100060,100,99886,100,100063,100,99884,100,100085,100,99880,100,100088,100,99879,100
2019-06-28 09:36:49.864503439,99959,267,99951,267,99977,262,99946,362,99994,100,99929,262,99995,364,99925,100,100013,200,99922,100,100026,200,99903,100,100041,100,99886,100,100060,100,99884,100,100063,100,99880,100,100085,100,99879,100
2019-06-28 09:36:50.000000000,99959,198,99951,198,99977,198,99946,298,99994,198,99929,198,99995,300,99925,198,100013,298,99922,198,100026,200,99903,100,100041,100,99886,100,100060,100,99884,100,100063,100,99880,100,100085,100,99879,100
2019-06-28 09:36:53.562224022,99959,98,99951,198,99977,198,99946,298,99994,198,99929,198,99995,300,99925,198,100013,298,99922,198,100026,200,99903,100,100041,100,99886,100,100060,100,99884,100,100063,100,99880,100,100085,100,99879,100
2019-06-28 09:36:56.333422171,99959,98,99951,198,99977,198,99946,298,99994,198,99929,198,99995,300,99925,198,100013,298,99922,198,100026,200,99903,100,100041,100,99886,100,100060,100,99884,100,100063,100,99880,100,100085,100,99879,100
2019-06-28 09:37:00.000000000,99977,267,99951,267,99994,262,99946,362,99995,364,99929,262,100013,200,99925,100,100026,200,99922,100,100041,100,99903,100,100060,100,99886,100,100063,100,99884,100,100085,100,99880,100,100088,100,99879,100
2019-06-28 09:37:10.000000000,99977,267,99951,267,99994,262,99946,362,99995,364,99929,262,100013,200,99925,100,100026,200,99922,100,100041,100,99903,100,100060,100,99886,100,100063,100,99884,100,100085,100,99880,100,100088,100,99879,100
2019-06-28 09:37:20.000000000,99977,267,99951,267,99994,262,99946,362,99995,364,99929,262,100013,200,99925,100,100026,200,99922,100,100041,100,99903,100,100060,100,99886,100,100063,100,99884,100,100085,100,99880,100,100088,100,99879,100
2019-06-28 09:37:30.000000000,99977,267,99951,267,99994,262,99946,362,99995,364,99929,262,100013,200,99925,100,100026,200,99922,100,100041,100,99903,100,100060,100,99886,100,100063,100,99884,100,100085,100,99880,100,100088,100,99879,100
2019-06-28 09:37:34.722635959,99977,267,99951,267,99994,262,99946,362,99995,364,99929,262,100013,200,99925,100,100026,200,99922,100,100041,100,99903,100,100060,100,99886,100,100063,100,99884,100,100085,100,99880,100,100088,100,99879,100
2019-06-28 09:37:40.000000000,99977,345,99951,345,99994,345,99946,445,99995,202,99929,100,100013,200,99925,100,100026,200,99922,100,100041,100,99903,100,100060,100,99886,100,100063,100,99884,100,100085,100,99880,100,100088,100,99879,100
2019-06-28 09:37:50.000000000,99977,198,99951,198,99994,198,99946,298,99995,300,99929,198,100013,298,99925,198,100026,298,99922,198,100041,100,99903,100,100060,100,99886,100,100063,100,99884,100,100085,100,99880,100,100088,100,99879,100
2019-06-28 09:37:50.521365517,99977,198,99951,198,99994,198,99946,298,99995,300,99929,198,100013,298,99925,198,100026,298,99922,198,100041,100,99886,100,100060,100,99884,100,100063,100,99880,100,100085,100,99879,100,100088,100,99864,100
2019-06-28 09:37:58.257523817,99977,198,99951,198,99994,198,99946,298,99995,300,99929,198,100013,298,99925,198,100026,298,99922,198,100041,100,99886,100,100060,100,99884,100,100063,100,99880,100,100085,100,99879,100,100088,100,99864,100
2019-06-28 09:38:00.000000000,99977,198,99951,198,99994,198,99946,298,99995,300,99929,198,100013,298,99925,198,100026,298,99922,198,100041,100,99886,100,100060,100,99884,100,100063,100,99880,100,100085,100,99879,100,100088,100,99864,100
2019-06-28 09:38:00.454649443,99977,198,99961,100,99994,198,99951,198,99995,300,99946,298,100013,198,99929,198,100026,298,99925,198,100041,100,99922,198,100060,100,99886,100,100063,100,99884,100,100085,100,99880,100,100088,100,99879,100
2019-06-28 09:38:10.000000000,99977,198,99961,198,99994,198,99951,198,99995,300,99946,298,100013,198,99929,198,100026,298,99925,198,100041,100,99922,100,100060,100,99886,100,100063,100,99884,100,100085,100,99880,100,100088,100,99879,100
2019-06-28 09:38:10.760731749,99977,198,99961,198,99994,198,99951,198,99995,300,99946,298,100013,198,99929,198,100026,298,99925,198,100041,100,99922,100,100060,100,99886,100,100063,100,99884,100,100085,100,99880,100,100088,100,99879,100
2019-06-28 09:38:11.494618599,99977,98,99961,198,99994,198,99951,198,99995,300,99946,298,100013,198,99929,198,100026,298,99925,198,100041,100,99922,100,100060,100,99886,100,100063,100,99884,100,100085,100,99880,100,100088,100,99879,100
2019-06-28 09:38:20.000000000,99994,222,99961,222,99995,324,99951,222,100013,222,99946,322,100026,322,99929,222,100041,100,99925,100,100060,100,99922,100,100063,100,99886,100,100085,100,99884,100,100088,100,99880,100,100090,100,99879,100
2019-06-28 09:38:30.000000000,99994,345,99961,345,99995,447,99951,345,100013,100,99946,200,100026,200,99929,100,100041,100,99925,100,100060,100,99922,100,100063,100,99886,100,100085,100,99884,100,100088,100,99880,100,100090,100,99879,100
2019-06-28 09:38:40.000000000,99994,590,99961,590,99995,202,99951,100,100013,100,99946,200,100026,200,99929,100,100041,100,99925,100,100060,100,99922,100,100063,100,99886,100,100085,100,99884,100,100088,100,99880,100,100090,100,99879,100
2019-06-28 09:38:50.000000000,99994,267,99961,267,99995,364,99951,262,100013,262,99946,362,100026,200,99929,100,100041,100,99925,100,100060,100,99922,100,100063,100,99886,100,100085,100,99884,100,100088,100,99880,100,100090,100,99879,100
2019-06-28 09:39:00.000000000,99994,267,99961,267,99995,364,99951,262,100013,262,99946,362,100026,200,99929,100,100041,100,99925,100,100060,100,99922,100,100063,100,99886,100,100085,100,99884,100,100088,100,99880,100,100090,100,99879,100
2019-06-28 09:39:03.855821013,99994,267,99961,267,99995,364,99951,262,100013,262,99946,362,100026,200,99929,100,100041,100,99925,100,100060,100,99922,100,100063,100,99886,100,100085,100,99884,100,100088,100,99880,100,100090,100,99879,100
2019-06-28 09:39:10.000000000,99994,267,99961,267,99995,364,99951,262,100013,262,99946,362,100026,200,99929,100,100041,100,99925,100,100060,100,99922,100,100063,100,99886,100,100085,100,99884,100,100088,100,99880,100,100090,100,99879,100
2019-06-28 09:39:20.000000000,99994,267,99961,267,99995,364,99951,262,100013,262,99946,362,100026,200,99929,100,100041,100,99925,100,100060,100,99922,100,100063,100,99886,100,100085,100,99884,100,100088,100,99880,100,100090,100,99879,100
2019-06-28 09:39:29.358509631,99994,267,99962,100,99995,364,99961,267,100013,262,99951,262,100026,200,99946,362,100041,100,99929,100,100060,100,99925,100,100063,100,99922,100,100085,100,99886,100,100088,100,99884,100,100090,100,99880,100
2019-06-28 09:39:30.000000000,99994,222,99962,222,99995,324,99961,222,100013,222,99951,222,100026,322,99946,322,100041,100,99929,100,100060,100,99925,100,100063,100,99922,100,100085,100,99886,100,100088,100,99884,100,100090,100,99880,100
2019-06-28 09:39:36.948166905,99994,122,99962,222,99995,324,99961,222,100013,222,99951,222,100026,322,99946,322,100041,100,99929,100,100060,100,99925,100,100063,100,99922,100,100085,100,99886,100,100088,100,99884,100,100090,100,99880,100
2019-06-28 09:39:40.000000000,99995,369,99962,267,100013,262,99961,262,100026,362,99951,262,100041,100,99946,200,100060,100,99929,100,100063,100,99925,100,100085,100,99922,100,100088,100,99886,100,100090,100,99884,100,100091,100,99880,100
2019-06-28 09:39:41.590392160,99995,369,99962,267,100013,262,99961,262,100026,362,99951,262,100041,100,99946,200,100060,100,99929,100,100063,100,99925,100,100085,100,99922,100,100088,100,99886,100,100090,100,99884,100,100091,100,99880,100
2019-06-28 09:39:50.000000000,99995,369,99962,267,100013,262,99961,262,100026,362,99951,262,100041,100,99946,200,100060,100,99929,100,100063,100,99925,100,100085,100,99922,100,100088,100,99886,100,100090,100,99884,100,100091,100,99880,100
2019-06-28 09:39:50.323956327,99995,269,99962,267,100013,262,99961,262,100026,362,99951,262,100041,100,99946,200,100060,100,99929,100,100063,100,99925,100,100085,100,99922,100,100088,100,99886,100,100090,100,99884,100,100091,100,99880,100
2019-06-28 09:39:52.231039166,99995,169,99962,267,100013,262,99961,262,100026,362,99951,262,100041,100,99946,200,100060,100,99929,100,100063,100,99925,100,100085,100,99922,100,100088,100,99886,100,100090,100,99884,100,100091,100,99880,100
2019-06-28 09:40:00.000000000,99995,100,99962,198,100013,198,99961,198,100026,298,99951,198,100041,198,99946,298,100060,198,99929,198,100063,100,99925,100,100085,100,99922,100,100088,100,99886,100,100090,100,99884,100,100091,100,99880,100
2019-06-28 09:40:10.000000000,99995,169,99962,267,100013,262,99961,262,100026,362,99951,262,100041,100,99946,200,100060,100,99929,100,100063,100,99925,100,100085,100,99922,100,100088,100,99886,100,100090,100,99884,100,100091,100,99880,100
2019-06-28 09:40:17.895298288,99995,169,99962,267,100013,262,99961,262,100026,362,99951,262,100041,100,99946,200,100060,100,99929,100,100063,100,99925,100,100085,100,99922,100,100088,100,99886,100,100090,100,99884,100,100091,100,99880,100
2019-06-28 09:40:20.000000000,99995,124,99962,222,100013,222,99961,222,100026,322,99951,222,100041,222,99946,322,100060,100,99929,100,100063,100,99925,100,100085,100,99922,100,100088,100,99886,100,100090,100,99884,100,100091,100,99880,100
2019-06-28 09:40:30.000000000,99995,247,99962,345,100013,345,99961,345,100026,200,99951,100,100041,100,99946,200,100060,100,99929,100,100063,100,99925,100,100085,100,99922,100,100088,100,99886,100,100090,100,99884,100,100091,100,99880,100
2019-06-28 09:40:40.000000000,99995,100,99962,198,100013,198,99961,198,100026,298,99951,198,100041,198,99946,298,100060,198,99929,198,100063,100,99925,100,100085,100,99922,100,100088,100,99886,100,100090,100,99884,100,100091,100,99880,100
2019-06-28 09:40:41.729769285,99995,100,99962,198,100013,198,99961,198,100026,298,99951,198,100041,198,99946,298,100060,198,99929,198,100063,100,99925,100,100085,100,99922,100,100088,100,99886,100,100090,100,99884,100,100091,100,99880,100
2019-06-28 09:40:50.000000000,99995,492,99962,590,100013,100,99961,100,100026,200,99951,100,100041,100,99946,200,100060,100,99929,100,100063,100,99925,100,100085,100,99922,100,100088,100,99886,100,100090,100,99884,100,100091,100,99880,100
2019-06-28 09:40:55.201316921,99995,392,99962,590,100013,100,99961,100,100026,200,99951,100,100041,100,99946,200,100060,100,99929,100,100063,100,99925,100,100085,100,99922,100,100088,100,99886,100,100090,100,99884,100,100091,100,99880,100
2019-06-28 09:41:00.000000000,100013,590,99962,590,100026,200,99961,100,100041,100,99951,100,100060,100,99946,200,100063,100,99929,100,100085,100,99925,100,100088,100,99922,100,100090,100,99886,100,100091,100,99884,100,100107,100,99880,100
2019-06-28 09:41:10.000000000,100013,590,99962,590,100026,200,99961,100,100041,100,99951,100,100060,100,99946,200,100063,100,99929,100,100085,100,99925,100,100088,100,99922,100,100090,100,99886,100,100091,100,99884,100,100107,100,99880,100
2019-06-28 09:41:11.452518603,100013,490,99962,590,100026,200,99961,100,100041,100,99951,100,100060,100,99946,200,100063,100,99929,100,100085,100,99925,100,100088,100,99922,100,100090,100,99886,100,100107,100,99884,100,100114,100,99880,100
2019-06-28 09:41:15.056636164,100013,390,99962,590,100026,200,99961,100,100041,100,99951,100,100060,100,99946,200,100063,100,99929,100,100085,100,99925,100,100088,100,99922,100,100090,100,99886,100,100107,100,99884,100,100114,100,99880,100
2019-06-28 09:41:15.363202466,100013,290,99962,590,100026,200,99961,100,100041,100,99951,100,100060,100,99946,200,100063,100,99929,100,100085,100,99925,100,100088,100,99922,100,100090,100,99886,100,100107,100,99884,100,100114,100,99880,100
2019-06-28 09:41:20.000000000,100026,322,99962,222,100041,222,99961,222,100060,222,99951,222,100063,222,99946,322,100085,100,99929,100,100088,100,99925,100,100090,100,99922,100,100107,100,99886,100,100114,100,99884,100,100142,100,99880,100
2019-06-28 09:41:21.871751719,100026,322,99962,222,100041,222,99961,222,100060,222,99951,222,100063,222,99946,322,100085,100,99929,100,100088,100,99925,100,100090,100,99922,100,100107,100,99886,100,100114,100,99880,100,100142,100,99879,100
2019-06-28 09:41:25.328303171,100026,322,100013,100,100041,222,99962,222,100060,222,99961,222,100063,222,99951,222,100085,100,99946,322,100088,100,99929,100,100090,100,99925,100,100107,100,99922,100,100114,100,99886,100,100142,100,99880,100
2019-06-28 09:41:27.320983543,100026,322,100013,100,100041,222,99962,222,100060,222,99961,222,100063,222,99951,222,100088,100,99946,322,100090,100,99929,100,100107,100,99925,100,100114,100,99922,100,100142,100,99886,100,100150,100,99880,100
2019-06-28 09:41:29.703209811,100026,322,100013,200,100041,222,99962,222,100060,222,99961,222,100063,222,99951,222,100088,100,99946,322,100090,100,99929,100,100107,100,99925,100,100114,100,99886,100,100142,100,99880,100,100150,100,99879,100
2019-06-28 09:41:30.000000000,100026,690,100013,690,100041,100,99962,100,100060,100,99961,100,100063,100,99951,100,100088,100,99946,200,100090,100,99929,100,100107,100,99925,100,100114,100,99886,100,100142,100,99880,100,100150,100,99879,100
2019-06-28 09:41:31.791784460,100026,690,100013,790,100041,100,99962,100,100060,100,99961,100,100063,100,99951,100,100088,100,99946,200,100090,100,99929,100,100107,100,99925,100,100114,100,99886,100,100142,100,99880,100,100150,100,99879,100
2019-06-28 09:41:36.268635735,100026,690,100013,890,100041,100,99962,100,100060,100,99961,100,100063,100,99951,100,100088,100,99946,200,100090,100,99929,100,100107,100,99925,100,100114,100,99886,100,100142,100,99880,100,100150,100,99879,100
2019-06-28 09:41:40.000000000,100026,322,100013,522,100041,222,99962,222,100060,222,99961,222,100063,222,99951,222,100088,100,99946,200,100090,100,99929,100,100107,100,99925,100,100114,100,99886,100,100142,100,99880,100,100150,100,99879,100
2019-06-28 09:41:40.136725915,100026,322,100013,622,100041,222,99962,222,100060,222,99961,222,100063,222,99951,222,100088,100,99946,200,100090,100,99929,100,100107,100,99925,100,100114,100,99886,100,100142,100,99880,100,100150,100,99879,100
2019-06-28 09:41:50.000000000,100026,367,100013,667,100041,262,99962,262,100060,262,99961,262,100063,100,99951,100,100088,100,99946,200,100090,100,99929,100,100107,100,99925,100,100114,100,99886,100,100142,100,99880,100,100150,100,99879,100
2019-06-28 09:42:00.000000000,100026,690,100013,990,100041,100,99962,100,100060,100,99961,100,100063,100,99951,100,100088,100,99946,200,100090,100,99929,100,100107,100,99925,100,100114,100,99886,100,100142,100,99880,100,100150,100,99879,100
2019-06-28 09:42:04.446917743,100026,690,100013,1090,100041,100,99962,100,100060,100,99961,100,100063,100,99951,100,100088,100,99946,200,100090,100,99929,100,100107,100,99925,100,100114,100,99886,100,100142,100,99880,100,100150,100,99879,100
2019-06-28 09:42:10.000000000,100026,445,100013,845,100041,345,99962,345,100060,100,99961,100,100063,100,99951,100,100088,100,99946,200,100090,100,99929,100,100107,100,99925,100,100114,100,99886,100,100142,100,99880,100,100150,100,99879,100
2019-06-28 09:42:15.938557855,100026,445,100013,845,100041,345,99962,345,100060,100,99961,100,100063,100,99951,100,100088,100,99946,200,100090,100,99929,100,100107,100,99925,100,100114,100,99886,100,100142,100,99880,100,100150,100,99879,100
2019-06-28 09:42:20.000000000,100026,298,100013,698,100041,198,99962,198,100060,198,99961,198,100063,198,99951,198,100088,198,99946,298,100090,100,99929,100,100107,100,99925,100,100114,100,99886,100,100142,100,99880,100,100150,100,99879,100
2019-06-28 09:42:20.212550192,100026,198,100013,698,100041,198,99962,198,100060,198,99961,198,100063,198,99951,198,100088,198,99946,298,100090,100,99929,100,100107,100,99925,100,100114,100,99886,100,100142,100,99880,100,100150,100,99879,100
2019-06-28 09:42:30.000000000,100026,345,100013,845,100041,345,99962,345,100060,100,99961,100,100063,100,99951,100,100088,100,99946,200,100090,100,99929,100,100107,100,99925,100,100114,100,99886,100,100142,100,99880,100,100150,100,99879,100
2019-06-28 09:42:40.000000000,100026,267,100013,767,100041,262,99962,262,100060,262,99961,262,100063,100,99951,100,100088,100,99946,200,100090,100,99929,100,100107,100,99925,100,100114,100,99886,100,100142,100,99880,100,100150,100,99879,100
2019-06-28 09:42:50.000000000,100026,590,100013,1090,100041,100,99962,100,100060,100,99961,100,100063,100,99951,100,100088,100,99946,200,100090,100,99929,100,100107,100,99925,100,100114,100,99886,100,100142,100,99880,100,100150,100,99879,100
2019-06-28 09:43:00.000000000,100026,267,100013,767,100041,262,99962,262,100060,262,99961,262,100063,100,99951,100,100088,100,99946,200,100090,100,99929,100,100107,100,99925,100,100114,100,99886,100,100142,100,99880,100,100150,100,99879,100
2019-06-28 09:43:10.000000000,100026,590,100013,1090,100041,100,99962,100,100060,100,99961,100,100063,100,99951,100,100088,100,99946,200,100090,100,99929,100,100107,100,99925,100,100114,100,99886,100,100142,100,99880,100,100150,100,99879,100
2019-06-28 09:43:20.000000000,100026,267,100013,767,100041,262,99962,262,100060,262,99961,262,100063,100,99951,100,100088,100,99946,200,100090,100,99929,100,100107,100,99925,100,100114,100,99886,100,100142,100,99880,100,100150,100,99879,100
2019-06-28 09:43:25.054640783,100026,167,100013,767,100041,262,99962,262,100060,262,99961,262,100063,100,99951,100,100088,100,99946,200,100090,100,99929,100,100107,100,99925,100,100114,100,99886,100,100142,100,99880,100,100150,100,99879,100
2019-06-28 09:43:30.000000000,100041,267,100013,767,100060,262,99962,262,100063,262,99961,262,100088,100,99951,100,100090,100,99946,200,100107,100,99929,100,100114,100,99925,100,100142,100,99886,100,100150,100,99880,100,100525,100,99879,100
2019-06-28 09:43:36.316200771,100041,267,100013,767,100060,262,99985,100,100063,262,99962,262,100088,100,99961,262,100090,100,99951,100,100107,100,99946,200,100114,100,99929,100,100142,100,99925,100,100150,100,99886,100,100553,100,99880,100
2019-06-28 09:43:40.000000000,100041,590,100013,1090,100060,100,99985,100,100063,100,99962,100,100088,100,99961,100,100090,100,99951,100,100107,100,99946,200,100114,100,99929,100,100142,100,99925,100,100150,100,99886,100,100553,100,99880,100
2019-06-28 09:43:43.975777767,100041,590,100026,100,100060,100,100013,990,100063,100,99985,100,100088,100,99962,100,100090,100,99961,100,100107,100,99951,100,100114,100,99946,200,100142,100,99929,100,100150,100,99925,100,100553,100,99886,100
2019-06-28 09:43:50.000000000,100041,267,100026,267,100060,262,100013,662,100063,262,99985,262,100088,100,99962,100,100090,100,99961,100,100107,100,99951,100,100114,100,99946,200,100142,100,99929,100,100150,100,99925,100,100553,100,99886,100
2019-06-28 09:44:00.000000000,100041,267,100026,267,100060,262,100013,662,100063,262,99985,262,100088,100,99962,100,100090,100,99961,100,100107,100,99951,100,100114,100,99946,200,100142,100,99929,100,100150,100,99925,100,100553,100,99886,100
2019-06-28 09:44:10.000000000,100041,198,100026,198,100060,198,100013,598,100063,198,99985,198,100088,198,99962,198,100090,198,99961,198,100107,100,99951,100,100114,100,99946,200,100142,100,99929,100,100150,100,99925,100,100553,100,99886,100
2019-06-28 09:44:11.034639177,100041,198,100026,198,100060,198,100013,598,100063,198,99985,198,100088,198,99962,198,100090,198,99961,198,100107,100,99946,200,100114,100,99929,100,100142,100,99925,100,100150,100,99886,100,100553,100,99880,100
2019-06-28 09:44:20.000000000,100041,590,100026,590,100060,100,100013,500,100063,100,99985,100,100088,100,99962,100,100090,100,99961,100,100107,100,99946,200,100114,100,99929,100,100142,100,99925,100,100150,100,99886,100,100553,100,99880,100
2019-06-28 09:44:30.000000000,100041,198,100026,198,100060,198,100013,598,100063,198,99985,198,100088,198,99962,198,100090,198,99961,198,100107,100,99946,200,100114,100,99929,100,100142,100,99925,100,100150,100,99886,100,100553,100,99880,100
2019-06-28 09:44:30.984185188,100041,198,100026,198,100060,198,100013,598,100063,198,99985,198,100088,198,99962,198,100090,198,99961,198,100107,100,99946,200,100114,100,99929,100,100142,100,99925,100,100150,100,99886,100,100396,100,99880,100
2019-06-28 09:44:40.000000000,100041,590,100026,590,100060,100,100013,500,100063,100,99985,100,100088,100,99962,100,100090,100,99961,100,100107,100,99946,200,100114,100,99929,100,100142,100,99925,100,100150,100,99886,100,100396,100,99880,100
2019-06-28 09:44:48.041718666,100041,590,100026,590,100060,100,100013,400,100063,100,99985,100,100088,100,99962,100,100090,100,99961,100,100107,100,99946,200,100114,100,99929,100,100142,100,99925,100,100150,100,99886,100,100396,100,99880,100
2019-06-28 09:44:50.000000000,100041,198,100026,198,100060,198,100013,498,100063,198,99985,198,100088,198,99962,198,100090,198,99961,198,100107,100,99946,200,100114,100,99929,100,100142,100,99925,100,100150,100,99886,100,100396,100,99880,100
2019-06-28 09:45:00.000000000,100041,345,100026,345,100060,345,100013,645,100063,100,99985,100,100088,100,99962,100,100090,100,99961,100,100107,100,99946,200,100114,100,99929,100,100142,100,99925,100,100150,100,99886,100,100396,100,99880,100
2019-06-28 09:45:09.771077412,100041,345,100026,345,100060,345,100013,645,100063,100,99962,100,100088,100,99961,100,100090,100,99946,200,100107,100,99929,100,100114,100,99925,100,100142,100,99886,100,100150,100,99880,100,100396,100,99879,100
2019-06-28 09:45:10.000000000,100041,267,100026,267,100060,262,100013,562,100063,262,99962,262,100088,100,99961,100,100090,100,99946,200,100107,100,99929,100,100114,100,99925,100,100142,100,99886,100,100150,100,99880,100,100396,100,99879,100
2019-06-28 09:45:18.911337278,100041,267,100026,267,100060,262,100013,562,100063,262,99962,262,100088,100,99961,100,100090,100,99946,200,100107,100,99929,100,100114,100,99925,100,100142,100,99886,100,100150,100,99879,100,100396,100,99861,100
2019-06-28 09:45:19.011711071,100041,267,100026,267,100060,262,100013,562,100063,262,99962,262,100088,100,99961,100,100090,100,99946,200,100107,100,99929,100,100114,100,99886,100,100142,100,99879,100,100150,100,99861,100,100396,100,99829,100
2019-06-28 09:45:20.000000000,100041,267,100026,267,100060,262,100013,562,100063,262,99962,262,100088,100,99961,100,100090,100,99946,200,100107,100,99929,100,100114,100,99886,100,100142,100,99879,100,100150,100,99861,100,100396,100,99829,100
2019-06-28 09:45:30.000000000,100041,345,100026,345,100060,345,100013,645,100063,100,99962,100,100088,100,99961,100,100090,100,99946,200,100107,100,99929,100,100114,100,99886,100,100142,100,99879,100,100150,100,99861,100,100396,100,99829,100
2019-06-28 09:45:37.469569106,100041,345,100026,345,100060,345,100013,645,100063,100,99962,100,100088,100,99961,100,100090,100,99946,200,100107,100,99929,100,100114,100,99886,100,100142,100,99879,100,100396,100,99861,100,100418,100,99829,100
2019-06-28 09:45:40.000000000,100041,345,100026,345,100060,345,100013,645,100063,100,99962,100,100088,100,99961,100,100090,100,99946,200,100107,100,99929,100,100114,100,99886,100,100142,100,99879,100,100396,100,99861,100,100418,100,99829,100
2019-06-28 09:45:50.000000000,100041,198,100026,198,100060,198,100013,498,100063,198,99962,198,100088,198,99961,198,100090,198,99946,298,100107,100,99929,100,100114,100,99886,100,100142,100,99879,100,100396,100,99861,100,100418,100,99829,100
2019-06-28 09:46:00.000000000,100041,222,100026,222,100060,222,100013,522,100063,222,99962,222,100088,222,99961,222,100090,100,99946,200,100107,100,99929,100,100114,100,99886,100,100142,100,99879,100,100396,100,99861,100,100418,100,99829,100
2019-06-28 09:46:10.000000000,100041,198,100026,198,100060,198,100013,498,100063,198,99962,198,100088,198,99961,198,100090,198,99946,298,100107,100,99929,100,100114,100,99886,100,100142,100,99879,100,100396,100,99861,100,100418,100,99829,100
2019-06-28 09:46:20.000000000,100041,198,100026,198,100060,198,100013,498,100063,198,99962,198,100088,198,99961,198,100090,198,99946,298,100107,100,99929,100,100114,100,99886,100,100142,100,99879,100,100396,100,99861,100,100418,100,99829,100
2019-06-28 09:46:20.906911535,100041,98,100026,198,100060,198,100013,498,100063,198,99962,198,100088,198,99961,198,100090,198,99946,298,100107,100,99929,100,100114,100,99886,100,100142,100,99879,100,100396,100,99861,100,100418,100,99829,100
2019-06-28 09:46:25.599352606,100041,98,100026,198,100060,198,100013,498,100063,198,99962,198,100088,198,99961,198,100090,198,99946,298,100107,100,99929,100,100114,100,99886,100,100142,100,99879,100,100396,100,99861,100,100418,100,99829,100
2019-06-28 09:46:30.000000000,100060,345,100026,345,100063,345,100013,645,100088,100,99962,100,100090,100,99961,100,100107,100,99946,200,100114,100,99929,100,100142,100,99886,100,100396,100,99879,100,100418,100,99861,100,100553,100,99829,100
2019-06-28 09:46:33.160104038,100060,345,100027,100,100063,345,100026,345,100088,100,100013,645,100090,100,99962,100,100107,100,99961,100,100114,100,99946,200,100142,100,99929,100,100396,100,99886,100,100418,100,99879,100,100553,100,99861,100
2019-06-28 09:46:37.224426041,100060,245,100027,100,100063,345,100026,345,100088,100,100013,645,100090,100,99962,100,100107,100,99961,100,100114,100,99946,200,100142,100,99929,100,100396,100,99886,100,100418,100,99879,100,100553,100,99829,100
2019-06-28 09:46:40.000000000,100063,345,100027,345,100088,345,100026,345,100090,100,100013,400,100107,100,99962,100,100114,100,99961,100,100142,100,99946,200,100396,100,99929,100,100418,100,99886,100,100553,100,99879,100,100584,100,99829,100
2019-06-28 09:46:50.000000000,100063,267,100027,267,100088,262,100026,262,100090,262,100013,562,100107,100,99962,100,100114,100,99961,100,100142,100,99946,200,100396,100,99929,100,100418,100,99886,100,100553,100,99879,100,100584,100,99829,100
2019-06-28 09:46:54.726213978,100063,167,100027,267,100088,262,100026,262,100090,262,100013,562,100107,100,99962,100,100114,100,99961,100,100142,100,99946,200,100396,100,99929,100,100418,100,99886,100,100553,100,99879,100,100584,100,99829,100
2019-06-28 09:47:00.000000000,100088,590,100027,590,100090,100,100026,100,100107,100,100013,400,100114,100,99962,100,100142,100,99961,100,100396,100,99946,200,100418,100,99929,100,100553,100,99886,100,100584,100,99879,100,100597,100,99829,100
2019-06-28 09:47:10.000000000,100088,198,100027,198,100090,198,100026,198,100107,198,100013,498,100114,198,99962,198,100142,198,99961,198,100396,100,99946,200,100418,100,99929,100,100553,100,99886,100,100584,100,99879,100,100597,100,99829,100
2019-06-28 09:47:20.000000000,100088,198,100027,198,100090,198,100026,198,100107,198,100013,498,100114,198,99962,198,100142,198,99961,198,100396,100,99946,200,100418,100,99929,100,100553,100,99886,100,100584,100,99879,100,100597,100,99829,100
2019-06-28 09:47:20.151462372,100088,198,100027,198,100090,198,100026,198,100107,198,100013,498,100114,198,99962,198,100142,198,99961,198,100396,100,99946,200,100418,100,99929,100,100553,100,99886,100,100584,100,99879,100,100597,100,99829,100
2019-06-28 09:47:30.000000000,100088,345,100027,345,100090,345,100026,345,100107,100,100013,400,100114,100,99962,100,100142,100,99961,100,100396,100,99946,200,100418,100,99929,100,100553,100,99886,100,100584,100,99879,100,100597,100,99829,100
2019-06-28 09:47:35.386394160,100088,345,100060,100,100090,345,100027,345,100107,100,100026,345,100114,100,100013,400,100142,100,99962,100,100396,100,99961,100,100418,100,99946,200,100553,100,99929,100,100584,100,99886,100,100597,100,99879,100
2019-06-28 09:47:36.731737353,100088,345,100060,100,100090,345,100027,345,100107,100,100026,345,100114,100,100013,400,100142,100,99961,100,100396,100,99946,200,100418,100,99929,100,100553,100,99886,100,100584,100,99879,100,100597,100,99829,100
2019-06-28 09:47:40.000000000,100088,590,100060,590,100090,100,100027,100,100107,100,100026,100,100114,100,100013,400,100142,100,99961,100,100396,100,99946,200,100418,100,99929,100,100553,100,99886,100,100584,100,99879,100,100597,100,99829,100
2019-06-28 09:47:50.000000000,100088,345,100060,345,100090,345,100027,345,100107,100,100026,100,100114,100,100013,400,100142,100,99961,100,100396,100,99946,200,100418,100,99929,100,100553,100,99886,100,100584,100,99879,100,100597,100,99829,100
2019-06-28 09:48:00.000000000,100088,267,100060,267,100090,262,100027,262,100107,262,100026,262,100114,100,100013,400,100142,100,99961,100,100396,100,99946,200,100418,100,99929,100,100553,100,99886,100,100584,100,99879,100,100597,100,99829,100
2019-06-28 09:48:10.000000000,100088,222,100060,222,100090,222,100027,222,100107,222,100026,222,100114,222,100013,522,100142,100,99961,100,100396,100,99946,200,100418,100,99929,100,100553,100,99886,100,100584,100,99879,100,100597,100,99829,100
2019-06-28 09:48:20.000000000,100088,222,100060,222,100090,222,100027,222,100107,222,100026,222,100114,222,100013,522,100142,100,99961,100,100396,100,99946,200,100418,100,99929,100,100553,100,99886,100,100584,100,99879,100,100597,100,99829,100
2019-06-28 09:48:30.000000000,100088,590,100060,590,100090,100,100027,100,100107,100,100026,100,100114,100,100013,400,100142,100,99961,100,100396,100,99946,200,100418,100,99929,100,100553,100,99886,100,100584,100,99879,100,100597,100,99829,100
2019-06-28 09:48:40.000000000,100088,590,100060,590,100090,100,100027,100,100107,100,100026,100,100114,100,100013,400,100142,100,99961,100,100396,100,99946,200,100418,100,99929,100,100553,100,99886,100,100584,100,99879,100,100597,100,99829,100
2019-06-28 09:48:50.000000000,100088,345,100060,345,100090,345,100027,345,100107,100,100026,100,100114,100,100013,400,100142,100,99961,100,100396,100,99946,200,100418,100,99929,100,100553,100,99886,100,100584,100,99879,100,100597,100,99829,100
2019-06-28 09:49:00.000000000,100088,590,100060,590,100090,100,100027,100,100107,100,100026,100,100114,100,100013,400,100142,100,99961,100,100396,100,99946,200,100418,100,99929,100,100553,100,99886,100,100584,100,99879,100,100597,100,99829,100
2019-06-28 09:49:02.174400814,100088,590,100060,590,100090,100,100027,100,100107,100,100026,100,100114,100,100013,400,100142,100,99961,100,100396,100,99946,200,100553,100,99929,100,100584,100,99886,100,100597,100,99879,100,100614,100,99829,100
2019-06-28 09:49:06.790100044,100088,490,100060,590,100090,100,100027,100,100107,100,100026,100,100114,100,100013,400,100142,100,99961,100,100396,100,99946,200,100553,100,99929,100,100584,100,99886,100,100597,100,99879,100,100614,100,99829,100
2019-06-28 09:49:10.000000000,100090,267,100060,267,100107,262,100027,262,100114,262,100026,262,100142,100,100013,400,100396,100,99961,100,100553,100,99946,200,100584,100,99929,100,100597,100,99886,100,100614,100,99879,100,100618,100,99829,100
2019-06-28 09:49:20.000000000,100090,222,100060,222,100107,222,100027,222,100114,222,100026,222,100142,222,100013,522,100396,100,99961,100,100553,100,99946,200,100584,100,99929,100,100597,100,99886,100,100614,100,99879,100,100618,100,99829,100
2019-06-28 09:49:30.000000000,100090,590,100060,590,100107,100,100027,100,100114,100,100026,100,100142,100,100013,400,100396,100,99961,100,100553,100,99946,200,100584,100,99929,100,100597,100,99886,100,100614,100,99879,100,100618,100,99829,100
2019-06-28 09:49:40.000000000,100090,267,100060,267,100107,262,100027,262,100114,262,100026,262,100142,100,100013,400,100396,100,99961,100,100553,100,99946,200,100584,100,99929,100,100597,100,99886,100,100614,100,99879,100,100618,100,99829,100
2019-06-28 09:49:50.000000000,100090,267,100060,267,100107,262,100027,262,100114,262,100026,262,100142,100,100013,400,100396,100,99961,100,100553,100,99946,200,100584,100,99929,100,100597,100,99886,100,100614,100,99879,100,100618,100,99829,100
2019-06-28 09:50:00.000000000,100090,345,100060,345,100107,345,100027,345,100114,100,100026,100,100142,100,100013,400,100396,100,99961,100,100553,100,99946,200,100584,100,99929,100,100597,100,99886,100,100614,100,99879,100,100618,100,99829,100
2019-06-28 09:50:07.901361875,100090,345,100060,345,100107,345,100027,345,100114,100,100026,100,100142,100,100013,400,100396,100,99961,100,100553,100,99946,200,100584,100,99929,100,100597,100,99886,100,100614,100,99879,100,100618,100,99829,100
2019-06-28 09:50:10.000000000,100090,590,100060,590,100107,100,100027,100,100114,100,100026,100,100142,100,100013,400,100396,100,99961,100,100553,100,99946,200,100584,100,99929,100,100597,100,99886,100,100614,100,99879,100,100618,100,99829,100
2019-06-28 09:50:20.000000000,100090,222,100060,222,100107,222,100027,222,100114,222,100026,222,100142,222,100013,522,100396,100,99961,100,100553,100,99946,200,100584,100,99929,100,100597,100,99886,100,100614,100,99879,100,100618,100,99829,100
2019-06-28 09:50:23.080503516,100090,122,100060,222,100107,222,100027,222,100114,222,100026,222,100142,222,100013,522,100396,100,99961,100,100553,100,99946,200,100597,100,99929,100,100614,100,99886,100,100618,100,99879,100,100651,100,99829,100
2019-06-28 09:50:27.110657339,100090,22,100060,222,100107,222,100027,222,100114,222,100026,222,100142,222,100013,522,100396,100,99961,100,100553,100,99946,200,100597,100,99929,100,100614,100,99886,100,100618,100,99879,100,100651,100,99829,100
2019-06-28 09:50:30.000000000,100107,198,100060,198,100114,198,100027,198,100142,198,100026,198,100396,198,100013,498,100553,198,99961,198,100597,100,99946,200,100614,100,99929,100,100618,100,99886,100,100651,100,99879,100,100672,100,99829,100
2019-06-28 09:50:30.226909288,100107,98,100060,198,100114,198,100027,198,100142,198,100026,198,100396,198,100013,498,100553,198,99961,198,100597,100,99946,200,100614,100,99929,100,100618,100,99886,100,100651,100,99879,100,100672,100,99829,100
2019-06-28 09:50:39.240255724,100107,98,100090,100,100114,198,100060,198,100142,198,100027,198,100396,198,100026,198,100553,198,100013,398,100597,100,99961,198,100614,100,99946,200,100618,100,99929,100,100651,100,99886,100,100672,100,99879,100
2019-06-28 09:50:40.000000000,100114,198,100090,198,100142,198,100060,198,100396,198,100027,198,100553,198,100026,198,100597,198,100013,398,100614,100,99961,100,100618,100,99946,200,100651,100,99929,100,100672,100,99886,100,100696,100,99879,100
2019-06-28 09:50:43.312329419,100114,198,100090,198,100142,198,100060,198,100396,198,100027,198,100553,198,100026,198,100597,198,100013,398,100614,100,99961,100,100618,100,99946,200,100651,100,99929,100,100672,100,99886,100,100696,100,99879,100
2019-06-28 09:50:45.370273379,100114,98,100090,198,100142,198,100060,198,100396,198,100027,198,100553,98,100026,198,100597,198,100013,398,100614,100,99961,100,100618,100,99946,200,100651,100,99929,100,100672,100,99886,100,100696,100,99879,100
2019-06-28 09:50:50.000000000,100142,267,100090,267,100396,262,100060,262,100597,262,100027,262,100614,100,100026,100,100618,100,100013,300,100651,100,99961,100,100672,100,99946,200,100696,100,99929,100,100735,200,99886,100,101894,100,99879,100
2019-06-28 09:50:56.582678902,100142,267,100090,267,100396,262,100060,262,100597,262,100027,262,100614,100,100013,300,100618,100,99961,100,100651,100,99946,200,100672,100,99929,100,100696,100,99886,100,100735,200,99879,100,101894,100,99829,100
2019-06-28 09:51:00.000000000,100142,222,100090,222,100396,222,100060,222,100597,222,100027,222,100614,222,100013,422,100618,100,99961,100,100651,100,99946,200,100672,100,99929,100,100696,100,99886,100,100735,200,99879,100,101894,100,99829,100
2019-06-28 09:51:06.915828338,100142,122,100090,222,100396,222,100060,222,100597,222,100027,222,100614,222,100013,422,100618,100,99961,100,100651,100,99946,200,100672,100,99929,100,100696,100,99886,100,100735,200,99879,100,101894,100,99829,100
2019-06-28 09:51:10.000000000,100396,345,100090,345,100597,345,100060,345,100614,100,100027,100,100618,100,100013,300,100651,100,99961,100,100672,100,99946,200,100696,100,99929,100,100735,200,99886,100,101894,100,99879,100,102043,100,99829,100
2019-06-28 09:51:16.537530768,100396,245,100090,345,100597,345,100060,345,100614,100,100027,100,100618,100,100013,300,100651,100,99961,100,100672,100,99946,200,100696,100,99929,100,100735,200,99886,100,101894,100,99879,100,102043,100,99829,100
2019-06-28 09:51:17.927827001,100396,245,100142,100,100597,345,100090,345,100614,100,100060,345,100618,100,100027,100,100651,100,100013,300,100672,100,99961,100,100696,100,99946,200,100735,200,99929,100,101894,100,99886,100,102043,100,99879,100
2019-06-28 09:51:20.000000000,100597,198,100142,198,100614,198,100090,198,100618,198,100060,198,100651,198,100027,198,100672,198,100013,398,100696,100,99961,100,100735,200,99946,200,101894,100,99929,100,102043,100,99886,100,102183,100,99879,100
2019-06-28 09:51:27.162345609,100597,198,100142,198,100614,198,100090,198,100618,198,100060,198,100651,198,100027,198,100672,198,100013,398,100696,100,99961,100,100735,200,99946,200,101894,100,99929,100,101923,100,99886,100,102043,100,99879,100
2019-06-28 09:51:28.599624742,100597,198,100142,198,100614,198,100090,198,100618,198,100060,198,100651,198,100027,198,100672,198,100013,398,100696,100,99961,100,100735,100,99946,200,101751,100,99929,100,101894,100,99886,100,101923,100,99879,100
2019-06-28 09:51:30.000000000,100597,222,100142,222,100614,222,100090,222,100618,222,100060,222,100651,222,100027,222,100672,100,100013,300,100696,100,99961,100,100735,100,99946,200,101751,100,99929,100,101894,100,99886,100,101923,100,99879,100
2019-06-28 09:51:40.000000000,100597,222,100142,222,100614,222,100090,222,100618,222,100060,222,100651,222,100027,222,100672,100,100013,300,100696,100,99961,100,100735,100,99946,200,101751,100,99929,100,101894,100,99886,100,101923,100,99879,100
2019-06-28 09:51:50.000000000,100597,267,100142,267,100614,262,100090,262,100618,262,100060,262,100651,100,100027,100,100672,100,100013,300,100696,100,99961,100,100735,100,99946,200,101751,100,99929,100,101894,100,99886,100,101923,100,99879,100
2019-06-28 09:52:00.000000000,100597,590,100142,590,100614,100,100090,100,100618,100,100060,100,100651,100,100027,100,100672,100,100013,300,100696,100,99961,100,100735,100,99946,200,101751,100,99929,100,101894,100,99886,100,101923,100,99879,100
2019-06-28 09:52:01.738811722,100597,490,100142,590,100614,100,100090,100,100618,100,100060,100,100651,100,100027,100,100672,100,100013,300,100696,100,99961,100,100735,100,99946,200,101751,100,99929,100,101894,100,99886,100,101923,100,99879,100
2019-06-28 09:52:10.000000000,100614,222,100142,222,100618,222,100090,222,100651,222,100060,222,100672,222,100027,222,100696,100,100013,300,100735,100,99961,100,101751,100,99946,200,101894,100,99929,100,101923,100,99886,100,102043,100,99879,100
2019-06-28 09:52:15.404753561,100614,122,100142,222,100618,222,100090,222,100651,222,100060,222,100672,222,100027,222,100696,100,100013,300,100735,100,99961,100,101751,100,99946,200,101894,100,99929,100,101923,100,99886,100,102043,100,99879,100
2019-06-28 09:52:20.000000000,100618,222,100142,222,100651,222,100090,222,100672,222,100060,222,100696,222,100027,222,100735,100,100013,300,101751,100,99961,100,101894,100,99946,200,101923,100,99929,100,102043,100,99886,100,102183,100,99879,100
2019-06-28 09:52:20.690904609,100618,122,100142,222,100651,222,100090,222,100672,222,100060,222,100696,222,100027,222,100735,100,100013,300,101751,100,99961,100,101894,100,99946,200,101923,100,99929,100,102043,100,99886,100,102183,100,99879,100
2019-06-28 09:52:30.000000000,100651,590,100142,590,100672,100,100090,100,100696,100,100060,100,100735,100,100027,100,101751,100,100013,300,101894,100,99961,100,101923,100,99946,200,102043,100,99929,100,102183,100,99886,100,,,99879,100
2019-06-28 09:52:40.000000000,100651,345,100142,345,100672,345,100090,345,100696,100,100060,100,100735,100,100027,100,101751,100,100013,300,101894,100,99961,100,101923,100,99946,200,102043,100,99929,100,102183,100,99886,100,,,99879,100
2019-06-28 09:52:50.000000000,100651,590,100142,590,100672,100,100090,100,100696,100,100060,100,100735,100,100027,100,101751,100,100013,300,101894,100,99961,100,101923,100,99946,200,102043,100,99929,100,102183,100,99886,100,,,99879,100
2019-06-28 09:53:00.000000000,100651,267,100142,267,100672,262,100090,262,100696,262,100060,262,100735,100,100027,100,101751,100,100013,300,101894,100,99961,100,101923,100,99946,200,102043,100,99929,100,102183,100,99886,100,,,99879,100
2019-06-28 09:53:10.000000000,100651,590,100142,590,100672,100,100090,100,100696,100,100060,100,100735,100,100027,100,101751,100,100013,300,101894,100,99961,100,101923,100,99946,200,102043,100,99929,100,102183,100,99886,100,,,99879,100
2019-06-28 09:53:13.387642051,100651,490,100142,590,100672,100,100090,100,100696,100,100060,100,100735,100,100027,100,101751,100,100013,300,101894,100,99961,100,101923,100,99946,200,102043,100,99929,100,102183,100,99879,100,,,99829,100
2019-06-28 09:53:19.609670233,100651,390,100142,590,100672,100,100090,100,100696,100,100060,100,100735,100,100027,100,101751,100,100013,300,101894,100,99961,100,101923,100,99946,200,102043,100,99929,100,102183,100,99879,100,,,99829,100
2019-06-28 09:53:20.000000000,100672,590,100142,590,100696,100,100090,100,100735,100,100060,100,101751,100,100027,100,101894,100,100013,300,101923,100,99961,100,102043,100,99946,200,102183,100,99929,100,,,99879,100,,,99829,100
2019-06-28 09:53:30.000000000,100672,222,100142,222,100696,222,100090,222,100735,222,100060,222,101751,222,100027,222,101894,100,100013,300,101923,100,99961,100,102043,100,99946,200,102183,100,99929,100,,,99879,100,,,99829,100
2019-06-28 09:53:33.919345750,100672,122,100142,222,100696,122,100090,222,100735,222,100060,222,101751,222,100027,222,101894,100,100013,300,101923,100,99961,100,102043,100,99946,200,102183,100,99929,100,,,99879,100,,,99829,100
2019-06-28 09:53:36.120122709,100672,122,100142,222,100696,122,100090,222,100735,222,100060,122,101751,222,100027,222,101894,100,100013,300,101923,100,99961,100,102043,100,99946,200,102183,100,99929,100,,,99879,100,,,99829,100
2019-06-28 09:53:38.484337275,100672,22,100142,222,100696,122,100090,222,100735,222,100060,122,101751,222,100027,222,101894,100,100013,300,101923,100,99961,100,102043,100,99946,200,102183,100,99929,100,,,99879,100,,,99829,100
2019-06-28 09:53:38.554460294,100696,122,100672,78,100735,222,100142,222,101751,222,100090,222,101894,100,100060,122,101923,100,100027,222,102043,100,100013,300,102183,100,99961,100,,,99946,200,,,99929,100,,,99879,100
2019-06-28 09:53:40.000000000,100735,198,100672,176,101751,198,100142,198,101894,198,100090,198,101923,198,100027,198,102043,198,100013,398,102183,100,99961,100,,,99946,200,,,99929,100,,,99879,100,,,99829,100
2019-06-28 09:53:45.011601976,100735,98,100672,176,101751,198,100142,198,101894,198,100090,198,101923,198,100027,198,102043,198,100013,398,102183,100,99961,100,,,99946,200,,,99929,100,,,99879,100,,,99829,100
2019-06-28 09:53:46.865800746,101751,198,100735,2,101894,198,100672,176,101923,198,100142,198,102043,198,100090,198,102183,100,100027,198,,,100013,398,,,99961,100,,,99946,200,,,99929,100,,,99879,100
2019-06-28 09:53:50.000000000,101751,198,100735,100,101894,198,100672,176,101923,198,100142,198,102043,198,100090,198,102183,198,100027,198,,,100013,300,,,99961,100,,,99946,200,,,99929,100,,,99879,100
2019-06-28 09:54:00.000000000,101751,222,100735,124,101894,222,100672,200,101923,222,100142,222,102043,222,100090,222,102183,100,100027,100,,,100013,300,,,99961,100,,,99946,200,,,99929,100,,,99879,100
2019-06-28 09:54:10.000000000,101751,267,100735,169,101894,262,100672,240,101923,262,100142,262,102043,100,100090,100,102183,100,100027,100,,,100013,300,,,99961,100,,,99946,200,,,99929,100,,,99879,100
2019-06-28 09:54:18.866364827,101751,267,100735,269,101894,262,100672,240,101923,262,100142,262,102043,100,100090,100,102183,100,100013,300,,,99961,100,,,99946,200,,,99929,100,,,99879,100,,,99829,100
2019-06-28 09:54:20.000000000,101751,198,100735,200,101894,198,100672,176,101923,198,100142,198,102043,198,100090,198,102183,198,100013,398,,,99961,100,,,99946,200,,,99929,100,,,99879,100,,,99829,100
2019-06-28 09:54:24.837689354,101751,198,100735,300,101894,198,100672,176,101923,198,100142,198,102043,198,100090,198,102183,198,100013,398,,,99946,200,,,99929,100,,,99879,100,,,99829,100,,,99784,100
2019-06-28 09:54:30.000000000,101751,590,100735,692,101894,100,100672,78,101923,100,100142,100,102043,100,100090,100,102183,100,100013,300,,,99946,200,,,99929,100,,,99879,100,,,99829,100,,,99784,100
2019-06-28 09:54:32.421055487,101751,590,100735,692,101894,100,100672,78,101923,100,100142,100,102043,100,100090,100,102183,100,100013,300,,,99946,200,,,99929,100,,,99879,100,,,99829,100,,,99784,100
2019-06-28 09:54:35.635784449,101751,590,100735,692,101894,100,100672,78,101923,100,100142,100,102043,100,100090,100,102083,100,100013,300,102183,100,99946,200,,,99929,100,,,99879,100,,,99829,100,,,99784,100
2019-06-28 09:54:40.000000000,101751,590,100735,692,101894,100,100672,78,101923,100,100142,100,102043,100,100090,100,102083,100,100013,300,102183,100,99946,200,,,99929,100,,,99879,100,,,99829,100,,,99784,100
2019-06-28 09:54:45.068964351,101751,490,100735,692,101894,100,100672,78,101923,100,100142,100,102043,100,100090,100,102083,100,100013,300,102183,100,99946,200,,,99929,100,,,99879,100,,,99829,100,,,99784,100
2019-06-28 09:54:46.187528063,101751,390,100735,692,101894,100,100672,78,101923,100,100142,100,102043,100,100090,100,102083,100,100013,300,102183,100,99946,100,,,99929,100,,,99879,100,,,99829,100,,,99784,100
2019-06-28 09:54:50.000000000,101894,198,100735,300,101923,198,100672,176,102043,198,100142,198,102083,198,100090,198,102183,198,100013,398,,,99946,100,,,99929,100,,,99879,100,,,99829,100,,,99784,100
2019-06-28 09:54:58.569245029,101894,98,100735,300,101923,198,100672,176,102043,198,100142,198,102083,198,100090,198,102183,198,100013,398,,,99946,100,,,99929,100,,,99879,100,,,99829,100,,,99784,100
2019-06-28 09:55:00.000000000,101923,345,100735,447,102043,345,100672,323,102083,100,100142,100,102183,100,100090,100,,,100013,300,,,99946,100,,,99929,100,,,99879,100,,,99829,100,,,99784,100
2019-06-28 09:55:10.000000000,101923,267,100735,369,102043,262,100672,240,102083,262,100142,262,102183,100,100090,100,,,100013,300,,,99946,100,,,99929,100,,,99879,100,,,99829,100,,,99784,100
2019-06-28 09:55:20.000000000,101923,222,100735,324,102043,222,100672,200,102083,222,100142,222,102183,222,100090,222,,,100013,300,,,99946,100,,,99929,100,,,99879,100,,,99829,100,,,99784,100
2019-06-28 09:55:26.749810843,101923,222,100735,324,102043,222,100672,200,102083,222,100142,222,102183,122,100090,222,102231,100,100013,300,,,99946,100,,,99929,100,,,99879,100,,,99829,100,,,99784,100
2019-06-28 09:55:30.000000000,101923,222,100735,324,102043,222,100672,200,102083,222,100142,222,102231,222,100090,222,,,100013,300,,,99946,100,,,99929,100,,,99879,100,,,99829,100,,,99784,100
2019-06-28 09:55:40.000000000,101923,590,100735,692,102043,100,100672,78,102083,100,100142,100,102231,100,100090,100,,,100013,300,,,99946,100,,,99929,100,,,99879,100,,,99829,100,,,99784,100
2019-06-28 09:55:45.535661752,101923,590,100735,692,102043,100,100672,78,102083,100,100142,100,102231,100,100090,100,102324,100,100013,300,,,99946,100,,,99929,100,,,99879,100,,,99829,100,,,99784,100
2019-06-28 09:55:50.000000000,101923,267,100735,369,102043,262,100672,240,102083,262,100142,262,102231,100,100090,100,102324,100,100013,300,,,99946,100,,,99929,100,,,99879,100,,,99829,100,,,99784,100
2019-06-28 09:56:00.000000000,101923,267,100735,369,102043,262,100672,240,102083,262,100142,262,102231,100,100090,100,102324,100,100013,300,,,99946,100,,,99929,100,,,99879,100,,,99829,100,,,99784,100
2019-06-28 09:56:02.018105456,101923,167,100735,369,102043,262,100672,240,102083,262,100142,262,102231,100,100090,100,102324,100,100013,300,,,99946,100,,,99929,100,,,99879,100,,,99829,100,,,99784,100
2019-06-28 09:56:04.089166008,101885,100,100735,369,101923,167,100672,240,102043,262,100142,262,102083,262,100090,100,102231,100,100013,300,102324,100,99946,100,,,99929,100,,,99879,100,,,99829,100,,,99784,100
2019-06-28 09:56:06.605348639,101885,100,100735,369,101923,167,100672,240,102043,262,100142,262,102083,362,100090,100,102231,100,100013,300,102324,100,99946,100,,,99929,100,,,99879,100,,,99829,100,,,99784,100
2019-06-28 09:56:06.794218953,101923,167,100735,369,102043,262,100672,240,102083,362,100142,262,102231,100,100090,100,102324,100,100013,300,,,99946,100,,,99929,100,,,99879,100,,,99829,100,,,99784,100
2019-06-28 09:56:09.143938414,101923,67,100735,369,102043,262,100672,162,102083,362,100142,262,102231,100,100090,100,102324,100,100013,300,,,99946,100,,,99929,100,,,99879,100,,,99829,100,,,99784,100
2019-06-28 09:56:10.000000000,102043,198,100735,300,102083,298,100142,198,102231,198,100090,198,102324,198,100013,398,102325,98,99946,198,,,99929,100,,,99879,100,,,99829,100,,,99784,100,,,99678,100
2019-06-28 09:56:14.588796674,102043,198,100735,300,102083,298,100142,98,102231,198,100090,198,102324,198,100013,398,102325,98,99946,198,,,99929,100,,,99879,100,,,99829,100,,,99784,100,,,99678,100
2019-06-28 09:56:15.909017946,102043,98,100735,300,102083,298,100142,98,102231,198,100090,198,102324,198,100013,398,102325,98,99946,198,,,99929,100,,,99879,100,,,99829,100,,,99784,100,,,99678,100
2019-06-28 09:56:20.000000000,102083,367,100735,369,102231,262,100090,262,102324,262,100013,462,,,99946,100,,,99929,100,,,99879,100,,,99829,100,,,99784,100,,,99678,100,,,99530,100
2019-06-28 09:56:25.101268110,102083,367,100735,369,102231,262,100090,262,102298,100,100013,462,102324,162,99946,100,,,99929,100,,,99879,100,,,99829,100,,,99784,100,,,99678,100,,,99530,100
2019-06-28 09:56:30.000000000,102083,322,100735,324,102231,222,100090,222,102298,222,100013,422,102299,122,99946,222,,,99929,100,,,99879,100,,,99829,100,,,99784,100,,,99678,100,,,99530,100
2019-06-28 09:56:30.338080940,102083,322,100735,324,102231,222,100090,222,102298,222,100013,422,102299,122,99946,222,102368,100,99929,100,,,99879,100,,,99829,100,,,99784,100,,,99678,100,,,99530,100
2019-06-28 09:56:39.556605781,102083,222,100735,324,102231,222,100090,222,102298,222,100013,422,102299,122,99946,222,102368,100,99929,100,,,99879,100,,,99829,100,,,99784,100,,,99678,100,,,99530,100
2019-06-28 09:56:40.000000000,102083,198,100735,300,102231,198,100090,198,102298,198,100013,398,102368,198,99946,198,102369,98,99929,198,,,99879,100,,,99829,100,,,99784,100,,,99678,100,,,99530,100
2019-06-28 09:56:47.964563579,102083,198,102043,100,102231,198,100735,200,102298,198,100090,198,102368,198,100013,398,102369,98,99946,198,,,99929,198,,,99879,100,,,99829,100,,,99784,100,,,99678,100
2019-06-28 09:56:50.000000000,102083,198,102043,198,102231,198,100735,200,102298,198,100090,198,102368,198,100013,398,102369,98,99946,198,,,99929,100,,,99879,100,,,99829,100,,,99784,100,,,99678,100
2019-06-28 09:56:53.720491485,102083,198,102043,198,102231,198,100735,200,102298,198,100090,198,102368,198,100013,398,102369,98,99946,198,103273,100,99929,100,,,99879,100,,,99829,100,,,99784,100,,,99678,100
2019-06-28 09:57:00.000000000,102083,267,102043,267,102231,262,100735,264,102298,262,100090,262,102368,100,100013,300,103273,100,99946,100,,,99929,100,,,99879,100,,,99829,100,,,99784,100,,,99678,100
2019-06-28 09:57:05.796731141,102083,167,102043,267,102231,262,100735,264,102298,262,100090,262,102368,100,100013,300,103273,100,99946,100,,,99929,100,,,99879,100,,,99829,100,,,99784,100,,,99678,100
2019-06-28 09:57:10.000000000,102231,345,102043,345,102298,345,100735,347,102368,100,100090,100,103273,100,100013,300,,,99946,100,,,99929,100,,,99879,100,,,99829,100,,,99784,100,,,99678,100
2019-06-28 09:57:19.553420094,102231,245,102043,345,102298,345,100735,347,102368,100,100090,100,103273,100,100013,300,,,99946,100,,,99929,100,,,99879,100,,,99829,100,,,99784,100,,,99678,100
2019-06-28 09:57:20.000000000,102298,590,102043,590,102368,100,100735,102,103273,100,100090,100,,,100013,300,,,99946,100,,,99929,100,,,99879,100,,,99829,100,,,99784,100,,,99678,100
2019-06-28 09:57:30.000000000,102298,590,102043,590,102368,100,100735,102,103273,100,100090,100,,,100013,300,,,99946,100,,,99929,100,,,99879,100,,,99829,100,,,99784,100,,,99678,100
2019-06-28 09:57:40.000000000,102298,222,102043,222,102368,222,100735,224,103273,222,100090,222,103274,122,100013,422,,,99946,100,,,99929,100,,,99879,100,,,99829,100,,,99784,100,,,99678,100
2019-06-28 09:57:42.556985132,102298,222,102043,222,102368,222,100735,224,102987,100,100090,222,103273,222,100013,422,103274,122,99946,100,,,99929,100,,,99879,100,,,99829,100,,,99784,100,,,99678,100
2019-06-28 09:57:50.000000000,102298,222,102043,222,102368,222,100735,224,102987,222,100090,222,103273,222,100013,422,,,99946,100,,,99929,100,,,99879,100,,,99829,100,,,99784,100,,,99678,100
2019-06-28 09:58:00.000000000,102298,222,102043,222,102368,222,100735,224,102987,222,100090,222,103273,222,100013,422,,,99946,100,,,99929,100,,,99879,100,,,99829,100,,,99784,100,,,99678,100
2019-06-28 09:58:00.798783449,102298,222,102043,222,102368,222,100735,224,102926,100,100090,222,102987,222,100013,422,103273,222,99946,100,,,99929,100,,,99879,100,,,99829,100,,,99784,100,,,99678,100
2019-06-28 09:58:10.000000000,102298,198,102043,198,102368,198,100735,200,102926,198,100090,198,102987,198,100013,398,103273,198,99946,198,,,99929,100,,,99879,100,,,99829,100,,,99784,100,,,99678,100
2019-06-28 09:58:20.000000000,102298,222,102043,222,102368,222,100735,224,102926,222,100090,222,102987,222,100013,422,103273,100,99946,100,,,99929,100,,,99879,100,,,99829,100,,,99784,100,,,99678,100
2019-06-28 09:58:30.000000000,102298,198,102043,198,102368,198,100735,200,102926,198,100090,198,102987,198,100013,398,103273,198,99946,198,,,99929,100,,,99879,100,,,99829,100,,,99784,100,,,99678,100
2019-06-28 09:58:40.000000000,102298,222,102043,222,102368,222,100735,224,102926,222,100090,222,102987,222,100013,422,103273,100,99946,100,,,99929,100,,,99879,100,,,99829,100,,,99784,100,,,99678,100
2019-06-28 09:58:50.000000000,102298,222,102043,222,102368,222,100735,224,102926,222,100090,222,102987,222,100013,422,103273,100,99946,100,,,99929,100,,,99879,100,,,99829,100,,,99784,100,,,99678,100
2019-06-28 09:59:00.000000000,102298,590,102043,590,102368,100,100735,102,102926,100,100090,100,102987,100,100013,300,103273,100,99946,100,,,99929,100,,,99879,100,,,99829,100,,,99784,100,,,99678,100
2019-06-28 09:59:10.000000000,102298,222,102043,222,102368,222,100735,224,102926,222,100090,222,102987,222,100013,422,103273,100,99946,100,,,99929,100,,,99879,100,,,99829,100,,,99784,100,,,99678,100
2019-06-28 09:59:13.521315739,102230,100,102043,222,102298,222,100735,224,102368,222,100090,222,102926,222,100013,322,102987,222,99946,100,103273,100,99929,100,,,99879,100,,,99829,100,,,99784,100,,,99678,100
2019-06-28 09:59:18.271389062,102230,100,102043,222,102298,222,101936,100,102368,222,100735,224,102926,222,100090,222,102987,222,100013,322,103273,100,99946,100,,,99929,100,,,99879,100,,,99829,100,,,99784,100
2019-06-28 09:59:20.000000000,102230,198,102043,198,102298,198,101936,198,102368,198,100735,200,102926,198,100090,198,102987,198,100013,298,103273,100,99946,100,,,99929,100,,,99879,100,,,99829,100,,,99784,100
2019-06-28 09:59:30.000000000,102230,590,102043,590,102298,100,101936,100,102368,100,100735,102,102926,100,100090,100,102987,100,100013,200,103273,100,99946,100,,,99929,100,,,99879,100,,,99829,100,,,99784,100
2019-06-28 09:59:30.380412348,102230,590,102043,490,102298,100,101936,100,102368,100,100735,102,102926,100,100090,100,102987,100,100013,200,103273,100,99946,100,,,99929,100,,,99879,100,,,99829,100,,,99784,100
2019-06-28 09:59:34.920634791,102230,590,102043,490,102298,100,101936,100,102368,100,101846,100,102926,100,100735,102,102987,100,100090,100,103273,100,100013,200,,,99946,100,,,99929,100,,,99879,100,,,99829,100
2019-06-28 09:59:40.000000000,102230,345,101936,345,102298,345,101846,345,102368,100,100735,102,102926,100,100090,100,102987,100,100013,200,103273,100,99946,100,,,99929,100,,,99879,100,,,99829,100,,,99784,100
2019-06-28 09:59:45.418499944,102230,245,101936,345,102298,345,101846,345,102368,100,100735,102,102926,100,100090,100,102987,100,100013,200,103273,100,99946,100,,,99929,100,,,99879,100,,,99829,100,,,99784,100
2019-06-28 09:59:46.876403853,102218,100,101936,345,102230,245,101846,345,102298,345,100735,102,102368,100,100090,100,102926,100,100013,200,102987,100,99946,100,103273,100,99929,100,,,99879,100,,,99829,100,,,99784,100
2019-06-28 09:59:50.000000000,102218,345,101936,345,102298,345,101846,345,102368,100,100735,102,102926,100,100090,100,102987,100,100013,200,103273,100,99946,100,,,99929,100,,,99879,100,,,99829,100,,,99784,100
2019-06-28 10:00:00.000000000,102218,222,101936,222,102298,222,101846,222,102368,222,100735,224,102926,222,100090,222,102987,100,100013,200,103273,100,99946,100,,,99929,100,,,99879,100,,,99829,100,,,99784,100
2019-06-28 10:00:03.171885082,102218,222,101936,222,102298,222,101846,222,102368,222,100735,224,102462,100,100090,222,102926,222,100013,200,102987,100,99946,100,,,99929,100,,,99879,100,,,99829,100,,,99784,100
2019-06-28 10:00:10.000000000,102218,198,101936,198,102298,198,101846,198,102368,198,100735,200,102462,198,100090,198,102926,198,100013,298,102987,100,99946,100,,,99929,100,,,99879,100,,,99829,100,,,99784,100
2019-06-28 10:00:20.000000000,102218,590,101936,590,102298,100,101846,100,102368,100,100735,102,102462,100,100090,100,102926,100,100013,200,102987,100,99946,100,,,99929,100,,,99879,100,,,99829,100,,,99784,100
2019-06-28 10:00:30.000000000,102218,267,101936,267,102298,262,101846,262,102368,262,100735,264,102462,100,100090,100,102926,100,100013,200,102987,100,99946,100,,,99929,100,,,99879,100,,,99829,100,,,99784,100
2019-06-28 10:00:40.000000000,102218,345,101936,345,102298,345,101846,345,102368,100,100735,102,102462,100,100090,100,102926,100,100013,200,102987,100,99946,100,,,99929,100,,,99879,100,,,99829,100,,,99784,100
2019-06-28 10:00:50.000000000,102218,267,101936,267,102298,262,101846,262,102368,262,100735,264,102462,100,100090,100,102926,100,100013,200,102987,100,99946,100,,,99929,100,,,99879,100,,,99829,100,,,99784,100
2019-06-28 10:01:00.000000000,102218,267,101936,267,102298,262,101846,262,102368,262,100735,264,102462,100,100090,100,102926,100,100013,200,102987,100,99946,100,,,99929,100,,,99879,100,,,99829,100,,,99784,100
2019-06-28 10:01:10.000000000,102218,222,101936,222,102298,222,101846,222,102368,222,100735,224,102462,222,100090,222,102926,100,100013,200,102987,100,99946,100,,,99929,100,,,99879,100,,,99829,100,,,99784,100
2019-06-28 10:01:20.000000000,102218,222,101936,222,102298,222,101846,222,102368,222,100735,224,102462,222,100090,222,102926,100,100013,200,102987,100,99946,100,,,99929,100,,,99879,100,,,99829,100,,,99784,100
2019-06-28 10:01:20.409687605,102218,222,102044,100,102298,222,101936,222,102368,222,101846,222,102462,222,100735,224,102926,100,100090,222,102987,100,100013,200,,,99946,100,,,99929,100,,,99879,100,,,99829,100
2019-06-28 10:01:30.000000000,102218,222,102044,222,102298,222,101936,222,102368,222,101846,222,102462,222,100735,224,102926,100,100090,100,102987,100,100013,200,,,99946,100,,,99929,100,,,99879,100,,,99829,100
2019-06-28 10:01:40.000000000,102218,198,102044,198,102298,198,101936,198,102368,198,101846,198,102462,198,100735,200,102926,198,100090,198,102987,100,100013,200,,,99946,100,,,99929,100,,,99879,100,,,99829,100
2019-06-28 10:01:50.000000000,102218,345,102044,345,102298,345,101936,345,102368,100,101846,100,102462,100,100735,102,102926,100,100090,100,102987,100,100013,200,,,99946,100,,,99929,100,,,99879,100,,,99829,100
2019-06-28 10:01:50.684962855,102218,345,102044,345,102252,100,101936,345,102298,345,101846,100,102368,100,100735,102,102462,100,100090,100,102926,100,100013,200,,,99946,100,,,99929,100,,,99879,100,,,99829,100
2019-06-28 10:02:00.000000000,102218,345,102044,345,102252,345,101936,345,102298,100,101846,100,102368,100,100735,102,102462,100,100090,100,102926,100,100013,200,,,99946,100,,,99929,100,,,99879,100,,,99829,100
2019-06-28 10:02:00.679958969,102218,345,102044,345,102252,345,101936,345,102298,100,101846,100,102368,100,100735,102,102462,100,100090,100,102527,100,100013,200,102926,100,99946,100,,,99929,100,,,99879,100,,,99829,100
2019-06-28 10:02:10.000000000,102218,198,102044,198,102252,198,101936,198,102298,198,101846,198,102368,198,100735,200,102462,198,100090,198,102527,100,100013,200,102926,100,99946,100,,,99929,100,,,99879,100,,,99829,100
2019-06-28 10:02:15.695766269,102218,198,102044,198,102252,198,101936,198,102298,198,101846,198,102368,198,100735,200,102462,198,100090,198,102527,100,100013,200,102568,100,99946,100,102926,100,99879,100,,,99829,100,,,99784,100
2019-06-28 10:02:20.000000000,102218,222,102044,222,102252,222,101936,222,102298,222,101846,222,102368,222,100735,224,102462,100,100090,100,102527,100,100013,200,102568,100,99946,100,102926,100,99879,100,,,99829,100,,,99784,100
2019-06-28 10:02:30.000000000,102218,345,102044,345,102252,345,101936,345,102298,100,101846,100,102368,100,100735,102,102462,100,100090,100,102527,100,100013,200,102568,100,99946,100,102926,100,99879,100,,,99829,100,,,99784,100
2019-06-28 10:02:38.103893393,102218,345,102044,245,102252,345,101936,345,102298,100,101846,100,102368,100,100735,102,102462,100,100090,100,102527,100,100013,200,102568,100,99946,100,102926,100,99879,100,,,99829,100,,,99784,100
2019-06-28 10:02:40.000000000,102218,222,101936,222,102252,222,101846,222,102298,222,100735,224,102368,222,100090,222,102462,100,100013,200,102527,100,99946,100,102568,100,99879,100,102926,100,99829,100,,,99784,100,,,99530,100
2019-06-28 10:02:48.765413995,102218,222,101936,222,102252,222,101846,222,102298,222,101792,100,102368,222,100735,224,102462,100,100090,222,102527,100,100013,200,102568,100,99946,100,102926,100,99879,100,,,99829,100,,,99784,100
2019-06-28 10:02:50.000000000,102218,345,101936,345,102252,345,101846,345,102298,100,101792,100,102368,100,100735,102,102462,100,100090,100,102527,100,100013,200,102568,100,99946,100,102926,100,99879,100,,,99829,100,,,99784,100
2019-06-28 10:02:52.117524359,102217,100,101936,345,102218,345,101846,345,102252,345,101792,100,102298,100,100735,102,102368,100,100090,100,102462,100,100013,100,102527,100,99946,100,102568,100,99879,100,102926,100,99829,100,,,99784,100
2019-06-28 10:03:00.000000000,102217,198,101936,198,102218,198,101846,198,102252,198,101792,198,102298,198,100735,200,102368,198,100090,198,102462,100,100013,100,102527,100,99946,100,102568,100,99879,100,102926,100,99829,100,,,99784,100
2019-06-28 10:03:02.078577239,102217,198,101936,98,102218,198,101846,198,102252,198,101792,198,102298,198,100735,200,102368,198,100090,198,102462,100,100013,100,102568,100,99946,100,102926,100,99879,100,,,99829,100,,,99784,100
2019-06-28 10:03:10.000000000,102217,590,101846,590,102218,100,101792,100,102252,100,100735,102,102298,100,100090,100,102368,100,100013,100,102462,100,99946,100,102568,100,99879,100,102926,100,99829,100,,,99784,100,,,99530,100
2019-06-28 10:03:20.000000000,102217,345,101846,345,102218,345,101792,345,102252,100,100735,102,102298,100,100090,100,102368,100,100013,100,102462,100,99946,100,102568,100,99879,100,102926,100,99829,100,,,99784,100,,,99530,100
2019-06-28 10:03:27.908041364,102217,345,101846,245,102218,345,101792,345,102252,100,100735,102,102298,100,100090,100,102368,100,100013,100,102462,100,99946,100,102568,100,99879,100,102926,100,99829,100,,,99784,100,,,99530,100
2019-06-28 10:03:30.000000000,102217,590,101792,590,102218,100,100735,102,102252,100,100090,100,102298,100,100013,100,102368,100,99946,100,102462,100,99879,100,102568,100,99829,100,102926,100,99784,100,,,99530,100,,,,
2019-06-28 10:03:40.000000000,102217,590,101792,590,102218,100,100735,102,102252,100,100090,100,102298,100,100013,100,102368,100,99946,100,102462,100,99879,100,102568,100,99829,100,102926,100,99784,100,,,99530,100,,,,
2019-06-28 10:03:40.441075261,102217,590,101792,490,102218,100,100735,102,102252,100,100090,100,102298,100,100013,100,102368,100,99946,100,102462,100,99879,100,102568,100,99829,100,102926,100,99784,100,,,99530,100,,,,
2019-06-28 10:03:50.000000000,102217,198,100735,200,102218,198,100090,198,102252,198,100013,198,102298,198,99946,198,102368,198,99879,198,102462,100,99829,100,102568,100,99784,100,102926,100,99530,100,,,,,,,,
2019-06-28 10:04:00.000000000,102217,222,100735,224,102218,222,100090,222,102252,222,100013,222,102298,222,99946,222,102368,100,99879,100,102462,100,99829,100,102568,100,99784,100,102926,100,99530,100,,,,,,,,
2019-06-28 10:04:04.722760869,102217,222,101394,100,102218,122,100735,224,102252,222,100090,222,102298,222,100013,222,102368,100,99946,222,102462,100,99879,100,102568,100,99829,100,102926,100,99784,100,,,99530,100,,,,
2019-06-28 10:04:10.000000000,102217,198,101394,198,102252,198,100735,200,102298,198,100090,198,102368,198,100013,198,102462,198,99946,198,102568,100,99879,100,102926,100,99829,100,,,99784,100,,,99530,100,,,,
2019-06-28 10:04:20.000000000,102217,222,101394,222,102252,222,100735,224,102298,222,100090,222,102368,222,100013,222,102462,100,99946,100,102568,100,99879,100,102926,100,99829,100,,,99784,100,,,99530,100,,,,
2019-06-28 10:04:30.000000000,102217,198,101394,198,102252,198,100735,200,102298,198,100090,198,102368,198,100013,198,102462,198,99946,198,102568,100,99879,100,102926,100,99829,100,,,99784,100,,,99530,100,,,,
2019-06-28 10:04:31.932148065,102217,198,101394,98,102252,198,100735,200,102298,198,100090,198,102368,198,100013,198,102462,198,99946,198,102568,100,99879,100,102926,100,99829,100,,,99784,100,,,99530,100,,,,
2019-06-28 10:04:33.254370647,102217,198,101394,98,102252,198,101064,100,102298,198,100735,200,102368,198,100090,198,102462,198,100013,198,102568,100,99946,198,102926,100,99879,100,,,99829,100,,,99784,100,,,99530,100
2019-06-28 10:04:40.000000000,102217,590,101064,590,102252,100,100735,102,102298,100,100090,100,102368,100,100013,100,102462,100,99946,100,102568,100,99879,100,102926,100,99829,100,,,99784,100,,,99530,100,,,,
2019-06-28 10:04:50.000000000,102217,345,101064,345,102252,345,100735,347,102298,100,100090,100,102368,100,100013,100,102462,100,99946,100,102568,100,99879,100,102926,100,99829,100,,,99784,100,,,99530,100,,,,
2019-06-28 10:05:00.000000000,102217,345,101064,345,102252,345,100735,347,102298,100,100090,100,102368,100,100013,100,102462,100,99946,100,102568,100,99879,100,102926,100,99829,100,,,99784,100,,,99530,100,,,,
2019-06-28 10:05:02.718539984,102217,345,101064,245,102252,345,100735,347,102298,100,100090,100,102368,100,100013,100,102462,100,99946,100,102568,100,99879,100,102926,100,99829,100,,,99784,100,,,99530,100,,,,
2019-06-28 10:05:10.000000000,102217,222,100735,224,102252,222,100090,222,102298,222,100013,222,102368,222,99946,222,102462,100,99879,100,102568,100,99829,100,102926,100,99784,100,,,99530,100,,,,,,,,
2019-06-28 10:05:20.000000000,102217,222,100735,224,102252,222,100090,222,102298,222,100013,222,102368,222,99946,222,102462,100,99879,100,102568,100,99829,100,102926,100,99784,100,,,99530,100,,,,,,,,
2019-06-28 10:05:30.000000000,102217,222,100735,224,102252,222,100090,222,102298,222,100013,222,102368,222,99946,222,102462,100,99879,100,102568,100,99829,100,102926,100,99784,100,,,99530,100,,,,,,,,
2019-06-28 10:05:35.376168330,102217,222,100735,224,102252,222,100480,100,102298,222,100090,222,102368,222,100013,222,102462,100,99946,122,102568,100,99879,100,102926,100,99829,100,,,99784,100,,,99530,100,,,,
2019-06-28 10:05:40.000000000,102217,590,100735,592,102252,100,100480,100,102298,100,100090,100,102368,100,100013,100,102462,100,99879,100,102568,100,99829,100,102926,100,99784,100,,,99530,100,,,,,,,,
2019-06-28 10:05:42.298227072,102217,590,100735,492,102252,100,100480,100,102298,100,100090,100,102368,100,100013,100,102462,100,99879,100,102568,100,99829,100,102926,100,99784,100,,,99530,100,,,,,,,,
2019-06-28 10:05:50.000000000,102217,198,100735,100,102252,198,100480,198,102298,198,100090,198,102368,198,100013,198,102462,198,99879,198,102568,100,99829,100,102926,100,99784,100,,,99530,100,,,,,,,,
2019-06-28 10:06:00.000000000,102217,198,100735,100,102252,198,100480,198,102298,198,100090,198,102368,198,100013,198,102462,198,99879,198,102568,100,99829,100,102926,100,99784,100,,,99530,100,,,,,,,,
2019-06-28 10:06:10.000000000,102217,198,100735,100,102252,198,100480,198,102298,198,100090,198,102368,198,100013,198,102462,198,99879,198,102568,100,99829,100,102926,100,99784,100,,,99530,100,,,,,,,,
2019-06-28 10:06:20.000000000,102217,345,100735,247,102252,345,100480,345,102298,100,100090,100,102368,100,100013,100,102462,100,99879,100,102568,100,99829,100,102926,100,99784,100,,,99530,100,,,,,,,,
2019-06-28 10:06:30.000000000,102217,222,100735,124,102252,222,100480,222,102298,222,100090,222,102368,222,100013,222,102462,100,99879,100,102568,100,99829,100,102926,100,99784,100,,,99530,100,,,,,,,,
2019-06-28 10:06:35.278625605,101536,100,100735,124,102217,222,100480,222,102252,222,100090,222,102298,222,100013,222,102368,222,99879,100,102462,100,99829,100,102568,100,99784,100,102926,100,99530,100,,,,,,,,
2019-06-28 10:06:36.918794656,101536,100,101065,100,102217,222,100735,124,102252,222,100480,222,102298,222,100090,122,102368,222,100013,222,102462,100,99879,100,102568,100,99829,100,102926,100,99784,100,,,99530,100,,,,
2019-06-28 10:06:40.000000000,101536,345,101065,345,102217,345,100735,247,102252,100,100480,100,102298,100,100013,100,102368,100,99879,100,102462,100,99829,100,102568,100,99784,100,102926,100,99530,100,,,,,,,,
2019-06-28 10:06:43.673423157,101536,345,101065,445,102217,345,100735,247,102252,100,100480,100,102298,100,100013,100,102368,100,99879,100,102462,100,99829,100,102568,100,99784,100,102926,100,99530,100,,,,,,,,
2019-06-28 10:06:50.000000000,101536,345,101065,445,102217,345,100735,247,102252,100,100480,100,102298,100,100013,100,102368,100,99879,100,102462,100,99829,100,102568,100,99784,100,102926,100,99530,100,,,,,,,,
2019-06-28 10:06:54.947801740,101536,345,101423,100,102217,345,101065,445,102252,100,100735,247,102298,100,100480,100,102368,100,100013,100,102462,100,99879,100,102568,100,99829,100,102926,100,99784,100,,,99530,100,,,,
2019-06-28 10:07:00.000000000,101536,222,101423,222,102217,222,101065,322,102252,222,100735,124,102298,222,100480,222,102368,100,100013,100,102462,100,99879,100,102568,100,99829,100,102926,100,99784,100,,,99530,100,,,,
2019-06-28 10:07:05.130713966,101536,222,101423,222,102217,222,101065,422,102252,222,100735,124,102298,222,100480,222,102368,100,100013,100,102462,100,99879,100,102568,100,99829,100,102926,100,99784,100,,,99530,100,,,,
2019-06-28 10:07:05.168717691,101428,100,101423,222,101536,222,101065,422,102217,222,100735,124,102252,222,100480,222,102298,222,100013,100,102368,100,99879,100,102462,100,99829,100,102568,100,99784,100,102926,100,99530,100,,,,
2019-06-28 10:07:06.755640866,101428,100,101423,222,101536,222,101207,100,102217,222,101065,422,102252,222,100735,124,102298,222,100480,222,102368,100,100013,100,102462,100,99879,100,102568,100,99829,100,102926,100,99784,100,,,99530,100
2019-06-28 10:07:10.000000000,101428,267,101423,267,101536,262,101207,262,102217,262,101065,462,102252,100,100735,2,102298,100,100480,100,102368,100,100013,100,102462,100,99879,100,102568,100,99829,100,102926,100,99784,100,,,99530,100
2019-06-28 10:07:15.313764972,101428,167,101423,267,101536,262,101207,262,102217,262,101065,462,102252,100,100735,2,102298,100,100480,100,102368,100,100013,100,102462,100,99879,100,102568,100,99829,100,102926,100,99784,100,,,99530,100
2019-06-28 10:07:20.000000000,101536,345,101423,345,102217,345,101207,345,102252,100,101065,300,102298,100,100735,2,102368,100,100480,100,102462,100,100013,100,102568,100,99879,100,102926,100,99829,100,,,99784,100,,,99530,100
2019-06-28 10:07:30.000000000,101536,590,101423,590,102217,100,101207,100,102252,100,101065,300,102298,100,100735,2,102368,100,100480,100,102462,100,100013,100,102568,100,99879,100,102926,100,99829,100,,,99784,100,,,99530,100
2019-06-28 10:07:36.697371373,101438,100,101423,590,101536,590,101207,100,102217,100,101065,300,102252,100,100735,2,102298,100,100480,100,102368,100,100013,100,102462,100,99879,100,102568,100,99829,100,102926,100,99784,100,,,99530,100
2019-06-28 10:07:40.000000000,101438,345,101423,345,101536,345,101207,345,102217,100,101065,300,102252,100,100735,2,102298,100,100480,100,102368,100,100013,100,102462,100,99879,100,102568,100,99829,100,102926,100,99784,100,,,99530,100
2019-06-28 10:07:50.000000000,101438,590,101423,590,101536,100,101207,100,102217,100,101065,300,102252,100,100735,2,102298,100,100480,100,102368,100,100013,100,102462,100,99879,100,102568,100,99829,100,102926,100,99784,100,,,99530,100
2019-06-28 10:07:59.517907691,101438,590,101423,590,101536,100,101207,100,101615,100,101065,300,102217,100,100735,2,102252,100,100480,100,102298,100,100013,100,102368,100,99879,100,102462,100,99829,100,102568,100,99784,100,102926,100,99530,100
2019-06-28 10:08:00.000000000,101438,345,101423,345,101536,345,101207,345,101615,100,101065,300,102217,100,100735,2,102252,100,100480,100,102298,100,100013,100,102368,100,99879,100,102462,100,99829,100,102568,100,99784,100,102926,100,99530,100
2019-06-28 10:08:07.289265042,101438,345,101423,345,101536,345,101207,345,101615,100,101066,100,102217,100,101065,300,102252,100,100735,2,102298,100,100480,100,102368,100,100013,100,102462,100,99879,100,102568,100,99829,100,102926,100,99784,100
2019-06-28 10:08:07.932717726,101438,345,101423,345,101536,345,101378,100,101615,100,101207,345,102217,100,101066,100,102252,100,101065,300,102298,100,100735,2,102368,100,100480,100,102462,100,100013,100,102568,100,99879,100,102926,100,99829,100
2019-06-28 10:08:08.520123789,101438,345,101424,100,101536,345,101423,345,101615,100,101378,100,102217,100,101207,345,102252,100,101066,100,102298,100,101065,200,102368,100,100735,2,102462,100,100480,100,102568,100,100013,100,102926,100,99879,100
2019-06-28 10:08:10.000000000,101438,267,101424,267,101536,262,101423,262,101615,262,101378,262,102217,100,101207,100,102252,100,101066,100,102298,100,101065,200,102368,100,100735,2,102462,100,100480,100,102568,100,100013,100,102926,100,99879,100
2019-06-28 10:08:13.577292705,101438,267,101424,267,101536,262,101423,262,101615,262,101378,262,101680,100,101207,100,102217,100,101066,100,102252,100,101065,200,102298,100,100735,2,102368,100,100480,100,102462,100,100013,100,102568,100,99879,100
2019-06-28 10:08:20.000000000,101438,590,101424,590,101536,100,101423,100,101615,100,101378,100,101680,100,101207,100,102217,100,101066,100,102252,100,101065,200,102298,100,100735,2,102368,100,100480,100,102462,100,100013,100,102568,100,99879,100
2019-06-28 10:08:26.768111689,101427,100,101424,590,101438,590,101423,100,101536,100,101378,100,101615,100,101207,100,101680,100,101066,100,102217,100,101065,200,102252,100,100735,2,102298,100,100480,100,102368,100,100013,100,102462,100,99879,100
2019-06-28 10:08:30.000000000,101427,267,101424,267,101438,262,101423,262,101536,262,101378,262,101615,100,101207,100,101680,100,101066,100,102217,100,101065,200,102252,100,100735,2,102298,100,100480,100,102368,100,100013,100,102462,100,99879,100
2019-06-28 10:08:40.000000000,101427,267,101424,267,101438,262,101423,262,101536,262,101378,262,101615,100,101207,100,101680,100,101066,100,102217,100,101065,200,102252,100,100735,2,102298,100,100480,100,102368,100,100013,100,102462,100,99879,100
