,ask_price_1,ask_size_1,bid_price_1,bid_size_1,ask_price_2,ask_size_2,bid_price_2,bid_size_2,ask_price_3,ask_size_3,bid_price_3,bid_size_3,ask_price_4,ask_size_4,bid_price_4,bid_size_4,ask_price_5,ask_size_5,bid_price_5,bid_size_5,ask_price_6,ask_size_6,bid_price_6,bid_size_6,ask_price_7,ask_size_7,bid_price_7,bid_size_7,ask_price_8,ask_size_8,bid_price_8,bid_size_8,ask_price_9,ask_size_9,bid_price_9,bid_size_9,ask_price_10,ask_size_10,bid_price_10,bid_size_10
2019-06-28 09:30:00.000000000,,,,,,,,,,,,,,,,,,,,,,,,,,,,,,,,,,,,,,,,
2019-06-28 09:30:00.000000001,,,100001,100,,,99835,100,,,,,,,,,,,,,,,,,,,,,,,,,,,,,,,,
2019-06-28 09:30:00.000000003,,,100001,100,,,99899,100,,,99835,100,,,,,,,,,,,,,,,,,,,,,,,,,,,,
2019-06-28 09:30:00.000000005,,,100001,100,,,99964,100,,,99899,100,,,99835,100,,,,,,,,,,,,,,,,,,,,,,,,
2019-06-28 09:30:00.000000008,,,100001,100,,,99964,100,,,99899,100,,,99886,100,,,99835,100,,,,,,,,,,,,,,,,,,,,
2019-06-28 09:30:00.000000011,,,99964,100,,,99899,100,,,99886,100,,,99835,100,,,,,,,,,,,,,,,,,,,,,,,,
2019-06-28 09:30:00.000000013,,,99981,100,,,99964,100,,,99899,100,,,99886,100,,,99835,100,,,,,,,,,,,,,,,,,,,,
2019-06-28 09:30:00.000000015,100004,100,99981,100,100015,100,99964,100,,,99899,100,,,99886,100,,,99835,100,,,,,,,,,,,,,,,,,,,,
2019-06-28 09:30:00.000000018,100004,100,99981,100,100015,100,99964,100,100047,100,99899,100,,,99886,100,,,99835,100,,,,,,,,,,,,,,,,,,,,
2019-06-28 09:30:00.000000021,100004,100,99981,100,100015,100,99977,100,100047,100,99964,100,,,99899,100,,,99886,100,,,99835,100,,,,,,,,,,,,,,,,
2019-06-28 09:30:00.000000023,100004,100,99981,200,100015,100,99977,100,100047,100,99964,100,,,99899,100,,,99886,100,,,99835,100,,,,,,,,,,,,,,,,
2019-06-28 09:30:00.000000030,100004,100,99981,300,100015,100,99977,100,100047,100,99964,100,100075,100,99899,100,,,99886,100,,,99848,100,,,99835,100,,,,,,,,,,,,
2019-06-28 09:30:00.000000034,100004,100,99981,300,100015,100,99977,100,100047,100,99964,100,100075,100,99899,100,,,99886,100,,,99848,100,,,99843,100,,,99835,100,,,,,,,,
2019-06-28 09:30:00.000000037,100004,100,99981,300,100013,100,99977,100,100015,100,99964,100,100047,100,99899,100,100075,100,99886,100,,,99848,100,,,99843,100,,,99835,100,,,,,,,,
2019-06-28 09:30:00.000000039,100004,100,99981,400,100013,100,99977,100,100015,100,99964,100,100047,100,99899,100,100075,100,99886,100,,,99848,100,,,99843,100,,,99835,100,,,,,,,,
2019-06-28 09:30:00.000000040,100004,100,99981,400,100013,100,99977,100,100015,100,99964,100,100047,100,99899,100,100075,100,99886,100,100086,100,99848,100,,,99843,100,,,99835,100,,,,,,,,
2019-06-28 09:30:00.000000043,100004,100,99981,400,100013,100,99977,100,100015,100,99964,100,100047,100,99899,100,100075,100,99886,100,100086,100,99885,100,,,99848,100,,,99843,100,,,99835,100,,,,
2019-06-28 09:30:00.000000044,100004,100,99981,400,100013,100,99977,100,100015,100,99964,100,100047,100,99924,100,100075,100,99899,100,100086,100,99886,100,,,99885,100,,,99866,100,,,99848,100,,,99843,100
2019-06-28 09:30:00.000000049,100004,100,99981,400,100013,100,99977,100,100015,100,99964,100,100047,100,99924,100,100075,100,99899,100,100086,100,99893,100,,,99886,100,,,99885,100,,,99866,100,,,99848,100
2019-06-28 09:30:00.000000050,100004,100,99991,100,100013,100,99981,400,100015,100,99977,100,100047,100,99964,100,100075,100,99924,100,100086,100,99899,200,,,99893,100,,,99886,100,,,99885,100,,,99866,100
2019-06-28 09:30:00.000000052,100004,100,99981,400,100013,100,99977,100,100015,100,99964,100,100047,100,99924,100,100075,100,99899,200,100086,100,99893,100,,,99886,100,,,99885,100,,,99866,100,,,99848,100
2019-06-28 09:30:00.000000055,100004,100,99981,400,100013,100,99977,100,100015,100,99964,100,100047,100,99924,100,100075,100,99899,200,100086,100,99893,100,,,99886,100,,,99885,100,,,99866,100,,,99848,100
2019-06-28 09:30:00.000000056,100004,100,99991,100,100013,100,99981,400,100015,100,99977,100,100047,100,99964,100,100075,100,99924,100,100083,100,99899,200,100086,100,99893,100,,,99886,100,,,99885,100,,,99866,100
2019-06-28 09:30:00.000000057,100004,100,99991,100,100013,100,99981,400,100015,100,99977,100,100047,100,99964,100,100049,100,99924,100,100075,100,99899,200,100083,100,99893,100,100086,100,99886,100,,,99885,100,,,99866,100
2019-06-28 09:30:00.000000058,100004,100,99991,100,100013,100,99981,400,100015,100,99977,100,100047,100,99964,100,100049,100,99924,100,100075,100,99899,200,100082,100,99893,100,100083,100,99886,100,100086,100,99885,100,,,99866,100
2019-06-28 09:30:00.000000059,100004,100,99991,100,100013,100,99981,400,100015,100,99977,100,100047,100,99966,100,100049,100,99964,100,100075,100,99924,100,100082,100,99899,200,100083,100,99893,100,100086,100,99886,100,,,99885,100
2019-06-28 09:30:00.000000061,100004,100,99981,400,100013,100,99977,100,100015,100,99966,100,100038,100,99964,100,100047,100,99924,100,100049,100,99899,200,100075,100,99893,100,100082,100,99886,100,100083,100,99885,100,100086,100,99866,100
2019-06-28 09:30:00.000000065,100004,100,99991,100,100013,100,99981,400,100015,100,99977,100,100038,100,99966,100,100047,100,99964,100,100049,100,99924,100,100075,100,99899,200,100082,100,99893,100,100083,100,99886,100,100086,100,99885,200
2019-06-28 09:30:00.000000066,100013,100,99991,100,100015,100,99981,400,100038,100,99977,100,100047,100,99966,100,100049,100,99964,100,100075,100,99924,100,100082,100,99899,200,100083,100,99893,100,100086,100,99886,100,,,99885,200
2019-06-28 09:30:00.000000071,100013,100,99981,400,100015,100,99977,100,100038,100,99966,100,100047,100,99964,100,100049,100,99924,100,100075,100,99899,200,100082,100,99893,100,100083,100,99886,100,100086,100,99885,200,,,99866,100
2019-06-28 09:30:00.000000074,100013,100,99981,400,100015,100,99977,100,100038,100,99966,100,100047,100,99964,200,100049,100,99924,100,100075,100,99899,200,100082,100,99893,100,100083,100,99886,100,100086,100,99885,200,,,99866,100
2019-06-28 09:30:00.000000075,100013,100,99981,400,100015,100,99977,100,100020,100,99966,100,100038,100,99964,200,100047,100,99924,100,100049,100,99899,200,100075,100,99893,100,100082,100,99886,100,100083,100,99885,200,100086,100,99866,100
2019-06-28 09:30:00.000000077,100013,100,99981,400,100015,100,99979,100,100020,100,99977,100,100038,100,99966,100,100047,100,99964,200,100049,100,99924,100,100075,100,99899,200,100082,100,99898,100,100083,100,99893,100,100086,100,99886,100
2019-06-28 09:30:00.000000078,100013,100,100000,100,100015,100,99981,400,100020,100,99979,100,100038,100,99977,100,100047,100,99966,100,100049,100,99964,200,100075,100,99924,100,100082,100,99899,200,100083,100,99898,100,100086,100,99893,100
2019-06-28 09:30:00.000000080,100013,100,100000,100,100015,100,99991,100,100020,100,99981,400,100038,100,99979,100,100047,100,99977,100,100049,100,99966,100,100075,100,99964,200,100082,100,99925,100,100083,100,99924,100,100086,100,99899,200
2019-06-28 09:30:00.000000081,100015,100,100000,100,100020,100,99991,100,100038,100,99981,400,100047,100,99979,100,100049,100,99977,100,100075,100,99966,100,100082,100,99964,200,100083,100,99925,100,100086,100,99924,100,,,99899,200
2019-06-28 09:30:00.000000082,100015,100,100000,100,100020,100,99991,100,100038,100,99981,400,100047,100,99979,100,100049,100,99977,100,100075,100,99966,100,100082,100,99964,200,100083,100,99925,100,100086,100,99924,200,,,99899,200
2019-06-28 09:30:00.000000083,100013,100,100000,100,100015,100,99991,100,100020,100,99981,400,100038,100,99979,100,100047,100,99977,100,100049,100,99966,100,100075,100,99964,200,100082,100,99925,100,100083,100,99924,200,100086,100,99899,200
2019-06-28 09:30:00.000000084,100013,100,100000,100,100015,100,99991,100,100020,100,99981,400,100038,100,99979,100,100047,200,99977,100,100049,100,99966,100,100075,100,99964,200,100082,100,99943,100,100083,100,99925,100,100086,100,99924,200
2019-06-28 09:30:00.000000085,100013,100,100006,100,100015,100,100000,100,100020,100,99991,100,100038,100,99981,400,100047,200,99979,100,100049,100,99977,100,100075,100,99966,100,100082,100,99964,200,100083,100,99943,100,100086,100,99925,100
2019-06-28 09:30:00.000000086,100013,100,100006,100,100015,100,100000,100,100020,100,99992,100,100038,100,99991,100,100047,200,99981,400,100049,100,99979,100,100075,100,99977,100,100082,100,99966,100,100083,100,99964,200,100086,100,99943,100
2019-06-28 09:30:00.000000087,100013,100,100006,100,100015,100,100001,100,100020,100,100000,100,100038,100,99992,100,100047,200,99991,100,100049,100,99981,400,100075,100,99979,100,100082,100,99977,100,100083,100,99966,100,100086,100,99964,200
2019-06-28 09:30:00.000000088,100013,100,100006,100,100015,100,100001,100,100020,100,100000,100,100038,100,99992,100,100047,200,99991,100,100049,100,99981,400,100075,100,99979,100,100082,100,99977,100,100083,100,99966,100,100086,100,99964,200
2019-06-28 09:30:00.000000090,100013,100,100006,100,100015,100,100001,100,100020,100,100000,100,100038,100,99992,100,100047,200,99991,100,100049,100,99981,400,100075,100,99980,100,100082,100,99979,100,100083,100,99977,100,100086,100,99966,100
2019-06-28 09:30:00.000000094,100013,100,100006,100,100015,100,100001,100,100020,100,100000,100,100038,100,99992,100,100047,200,99991,100,100049,100,99981,400,100075,100,99980,100,100082,100,99979,100,100083,100,99977,100,100085,100,99966,100
2019-06-28 09:30:00.000000095,100013,100,100006,100,100015,100,100001,200,100020,100,100000,100,100038,100,99992,100,100047,200,99991,100,100049,100,99981,400,100075,100,99980,100,100082,100,99979,100,100083,100,99977,100,100085,100,99966,100
2019-06-28 09:30:00.000000096,100013,100,100006,100,100015,100,100001,200,100020,100,100000,100,100038,100,99992,100,100043,100,99991,100,100047,200,99981,500,100049,100,99980,100,100075,100,99979,100,100082,100,99977,100,100083,100,99966,100
2019-06-28 09:30:00.000000098,100013,100,100006,100,100015,100,100001,200,100020,100,100000,100,100038,100,99992,100,100043,100,99991,100,100047,200,99981,500,100049,100,99980,100,100065,100,99979,100,100075,100,99977,100,100082,100,99975,100
2019-06-28 09:30:00.000000099,100013,100,100006,100,100015,100,100001,200,100020,100,100000,100,100038,100,99992,100,100043,100,99991,100,100047,200,99981,500,100049,100,99980,100,100065,100,99979,100,100075,100,99977,100,100082,100,99975,100
2019-06-28 09:30:10.000000000,100013,206,100006,206,100015,206,100001,306,100020,206,100000,206,100038,206,99992,206,100043,100,99991,100,100047,200,99981,500,100049,100,99980,100,100065,100,99979,100,100075,100,99977,100,100082,100,99975,100
2019-06-28 09:30:20.000000000,100013,206,100006,206,100015,206,100001,306,100020,206,100000,206,100038,206,99992,206,100043,100,99991,100,100047,200,99981,500,100049,100,99980,100,100065,100,99979,100,100075,100,99977,100,100082,100,99975,100
2019-06-28 09:30:25.090825274,100013,206,100006,106,100015,206,100001,306,100020,206,100000,206,100038,206,99992,206,100043,100,99991,100,100047,200,99981,500,100049,100,99980,100,100065,100,99979,100,100075,100,99977,100,100082,100,99975,100
2019-06-28 09:30:30.000000000,100013,524,100001,624,100015,100,100000,100,100020,100,99992,100,100038,100,99991,100,100043,100,99981,500,100047,200,99980,100,100049,100,99979,100,100065,100,99977,100,100075,100,99975,100,100082,100,99966,100
2019-06-28 09:30:40.000000000,100013,312,100001,412,100015,312,100000,312,100020,100,99992,100,100038,100,99991,100,100043,100,99981,500,100047,200,99980,100,100049,100,99979,100,100065,100,99977,100,100075,100,99975,100,100082,100,99966,100
2019-06-28 09:30:40.247763563,100013,312,100007,100,100015,312,100001,412,100020,100,100000,312,100038,100,99991,100,100043,100,99981,500,100047,200,99980,100,100049,100,99979,100,100065,100,99977,100,100075,100,99975,100,100082,100,99966,100
2019-06-28 09:30:50.000000000,100013,185,100007,185,100015,185,100001,285,100020,185,100000,185,100038,185,99991,185,100043,185,99981,585,100047,200,99980,100,100049,100,99979,100,100065,100,99977,100,100075,100,99975,100,100082,100,99966,100
2019-06-28 09:31:00.000000000,100013,312,100007,312,100015,312,100001,412,100020,100,100000,100,100038,100,99991,100,100043,100,99981,500,100047,200,99980,100,100049,100,99979,100,100065,100,99977,100,100075,100,99975,100,100082,100,99966,100
2019-06-28 09:31:05.015218731,100013,312,100007,312,100015,312,100001,412,100020,100,100000,100,100038,100,99991,100,100043,100,99981,500,100047,200,99980,100,100049,100,99979,100,100065,100,99977,100,100075,100,99975,100,100082,100,99966,100
2019-06-28 09:31:10.000000000,100013,206,100007,206,100015,206,100001,306,100020,206,100000,206,100038,206,99991,206,100043,100,99981,500,100047,200,99980,100,100049,100,99979,100,100065,100,99977,100,100075,100,99975,100,100082,100,99966,100
2019-06-28 09:31:15.440064667,100013,206,100007,206,100015,206,100001,306,100020,206,100000,206,100038,206,99991,206,100043,100,99981,500,100047,200,99980,100,100049,100,99979,100,100065,100,99977,100,100075,100,99975,100,100082,100,99966,100
2019-06-28 09:31:20.000000000,100013,524,100007,524,100015,100,100001,200,100020,100,100000,100,100038,100,99991,100,100043,100,99981,500,100047,200,99980,100,100049,100,99979,100,100065,100,99977,100,100075,100,99975,100,100082,100,99966,100
2019-06-28 09:31:22.348947590,100013,424,100007,524,100015,100,100001,200,100020,100,100000,100,100038,100,99991,100,100043,100,99981,500,100047,200,99980,100,100049,100,99979,100,100065,100,99977,100,100075,100,99975,100,100082,100,99966,100
2019-06-28 09:31:30.000000000,100015,312,100007,312,100020,312,100001,412,100038,100,100000,100,100043,100,99991,100,100047,200,99981,500,100049,100,99980,100,100065,100,99979,100,100075,100,99977,100,100082,100,99975,100,100083,100,99966,100
2019-06-28 09:31:38.059732753,100015,312,100007,312,100020,312,100001,412,100038,100,100000,100,100043,100,99991,100,100047,200,99981,500,100049,100,99980,100,100065,100,99979,100,100075,100,99977,100,100082,100,99975,100,100083,100,99966,100
2019-06-28 09:31:40.000000000,100015,312,100007,312,100020,312,100001,412,100038,100,100000,100,100043,100,99991,100,100047,200,99981,500,100049,100,99980,100,100065,100,99979,100,100075,100,99977,100,100082,100,99975,100,100083,100,99966,100
2019-06-28 09:31:49.201820918,100015,312,100008,100,100020,312,100007,312,100038,100,100001,412,100043,100,100000,100,100047,200,99991,100,100049,100,99981,500,100065,100,99980,100,100075,100,99979,100,100082,100,99977,100,100083,100,99975,100
2019-06-28 09:31:50.000000000,100015,244,100008,244,100020,240,100007,240,100038,240,100001,340,100043,100,100000,100,100047,200,99991,100,100049,100,99981,500,100065,100,99980,100,100075,100,99979,100,100082,100,99977,100,100083,100,99975,100
2019-06-28 09:31:56.288270911,100015,244,100008,244,100020,240,100007,240,100038,240,100001,340,100043,100,99991,100,100047,200,99981,500,100049,100,99980,100,100065,100,99979,100,100075,100,99977,100,100082,100,99975,100,100083,100,99966,100
2019-06-28 09:32:00.000000000,100015,312,100008,312,100020,312,100007,312,100038,100,100001,200,100043,100,99991,100,100047,200,99981,500,100049,100,99980,100,100065,100,99979,100,100075,100,99977,100,100082,100,99975,100,100083,100,99966,100
2019-06-28 09:32:10.000000000,100015,312,100008,312,100020,312,100007,312,100038,100,100001,200,100043,100,99991,100,100047,200,99981,500,100049,100,99980,100,100065,100,99979,100,100075,100,99977,100,100082,100,99975,100,100083,100,99966,100
2019-06-28 09:32:20.000000000,100015,185,100008,185,100020,185,100007,185,100038,185,100001,285,100043,185,99991,185,100047,285,99981,585,100049,100,99980,100,100065,100,99979,100,100075,100,99977,100,100082,100,99975,100,100083,100,99966,100
2019-06-28 09:32:25.427657100,100012,100,100008,185,100015,185,100007,185,100020,185,100001,285,100038,185,99991,185,100043,185,99981,585,100047,285,99980,100,100049,100,99979,100,100065,100,99977,100,100075,100,99975,100,100082,100,99966,100
2019-06-28 09:32:25.815341206,100012,100,100008,185,100015,185,100007,185,100020,185,100001,285,100038,185,99991,185,100043,185,99981,585,100047,285,99980,100,100049,100,99979,100,100065,100,99977,100,100075,100,99975,100,100082,100,99966,100
2019-06-28 09:32:28.477273606,100012,100,100008,185,100015,185,100007,185,100020,185,100001,285,100038,185,99991,185,100043,185,99981,585,100047,285,99980,100,100049,100,99979,100,100065,100,99977,100,100075,100,99975,100,100082,100,99966,100
2019-06-28 09:32:30.000000000,100012,206,100008,206,100015,206,100007,206,100020,206,100001,306,100038,206,99991,206,100043,100,99981,500,100047,200,99980,100,100049,100,99979,100,100065,100,99977,100,100075,100,99975,100,100082,100,99966,100
2019-06-28 09:32:35.310477716,100012,206,100008,206,100015,206,100007,206,100020,206,100001,306,100038,206,99991,206,100043,100,99981,500,100047,200,99980,100,100049,100,99979,100,100063,100,99977,100,100065,100,99975,100,100075,100,99966,100
2019-06-28 09:32:40.000000000,100012,185,100008,185,100015,185,100007,185,100020,185,100001,285,100038,185,99991,185,100043,185,99981,585,100047,200,99980,100,100049,100,99979,100,100063,100,99977,100,100065,100,99975,100,100075,100,99966,100
2019-06-28 09:32:48.709813979,100012,285,100008,185,100015,185,100007,185,100020,185,100001,285,100038,185,99991,185,100043,185,99981,585,100047,200,99980,100,100049,100,99979,100,100063,100,99977,100,100065,100,99975,100,100075,100,99966,100
2019-06-28 09:32:49.921554039,100012,285,100008,185,100015,185,100007,185,100020,185,100001,285,100038,185,99991,185,100043,185,99981,585,100047,200,99980,100,100049,100,99979,100,100063,100,99977,100,100065,100,99975,100,100075,100,99966,100
2019-06-28 09:32:50.000000000,100012,624,100008,524,100015,100,100007,100,100020,100,100001,200,100038,100,99991,100,100043,100,99981,500,100047,200,99980,100,100049,100,99979,100,100063,100,99977,100,100065,100,99975,100,100075,100,99966,100
2019-06-28 09:32:51.674166884,100012,624,100008,424,100015,100,100007,100,100020,100,100001,200,100038,100,99991,100,100043,100,99981,500,100047,200,99980,100,100049,100,99979,100,100063,100,99977,100,100065,100,99975,100,100075,100,99966,100
2019-06-28 09:32:52.181956032,100012,624,100008,324,100015,100,100007,100,100020,100,100001,200,100043,100,99991,100,100047,200,99981,500,100049,100,99980,100,100063,100,99979,100,100065,100,99977,100,100075,100,99975,100,100082,100,99966,100
2019-06-28 09:33:00.000000000,100012,624,100007,524,100015,100,100001,200,100020,100,99991,100,100043,100,99981,500,100047,200,99980,100,100049,100,99979,100,100063,100,99977,100,100065,100,99975,100,100075,100,99966,100,100082,100,99965,100
2019-06-28 09:33:10.000000000,100012,344,100007,244,100015,240,100001,340,100020,240,99991,240,100043,100,99981,500,100047,200,99980,100,100049,100,99979,100,100063,100,99977,100,100065,100,99975,100,100075,100,99966,100,100082,100,99965,100
2019-06-28 09:33:20.000000000,100012,412,100007,312,100015,312,100001,412,100020,100,99991,100,100043,100,99981,500,100047,200,99980,100,100049,100,99979,100,100063,100,99977,100,100065,100,99975,100,100075,100,99966,100,100082,100,99965,100
2019-06-28 09:33:25.661378058,100012,412,100009,100,100015,312,100007,212,100020,100,100001,412,100043,100,99991,100,100047,200,99981,500,100049,100,99980,100,100063,100,99979,100,100065,100,99977,100,100075,100,99975,100,100082,100,99966,100
2019-06-28 09:33:30.000000000,100012,344,100009,244,100015,240,100001,340,100020,240,99991,240,100043,100,99981,500,100047,200,99980,100,100049,100,99979,100,100063,100,99977,100,100065,100,99975,100,100075,100,99966,100,100082,100,99965,100
2019-06-28 09:33:40.000000000,100012,624,100009,524,100015,100,100001,200,100020,100,99991,100,100043,100,99981,500,100047,200,99980,100,100049,100,99979,100,100063,100,99977,100,100065,100,99975,100,100075,100,99966,100,100082,100,99965,100
2019-06-28 09:33:50.000000000,100012,306,100009,206,100015,206,100001,306,100020,206,99991,206,100043,206,99981,606,100047,200,99980,100,100049,100,99979,100,100063,100,99977,100,100065,100,99975,100,100075,100,99966,100,100082,100,99965,100
2019-06-28 09:33:55.833266058,100012,306,100009,306,100015,206,100001,306,100020,206,99991,206,100043,206,99981,606,100047,200,99980,100,100049,100,99979,100,100063,100,99977,100,100065,100,99975,100,100075,100,99966,100,100082,100,99965,100
2019-06-28 09:34:00.000000000,100012,285,100009,285,100015,185,100001,285,100020,185,99991,185,100043,185,99981,585,100047,285,99980,185,100049,100,99979,100,100063,100,99977,100,100065,100,99975,100,100075,100,99966,100,100082,100,99965,100
2019-06-28 09:34:00.596608537,100012,285,100009,285,100015,185,100001,285,100020,185,99991,185,100043,185,99981,585,100047,285,99980,185,100049,100,99979,100,100063,100,99977,100,100065,100,99975,100,100075,100,99966,100,100082,100,99965,100
2019-06-28 09:34:03.274874138,100012,185,100009,285,100015,185,100001,285,100020,185,99991,185,100043,185,99981,585,100047,285,99980,185,100049,100,99979,100,100063,100,99977,100,100065,100,99975,100,100075,100,99966,100,100083,100,99965,100
2019-06-28 09:34:10.000000000,100012,524,100009,624,100015,100,100001,200,100020,100,99991,100,100043,100,99981,500,100047,200,99980,100,100049,100,99979,100,100063,100,99977,100,100065,100,99975,100,100075,100,99966,100,100083,100,99965,100
2019-06-28 09:34:12.565230147,100012,524,100009,624,100015,100,100001,200,100020,100,99991,100,100043,100,99981,500,100047,200,99980,100,100049,100,99979,100,100063,100,99977,100,100065,100,99975,100,100075,100,99966,100,100083,100,99965,100
2019-06-28 09:34:15.642946329,100012,524,100009,624,100015,100,100001,200,100020,100,99991,100,100043,100,99981,500,100047,200,99980,100,100049,100,99979,100,100063,100,99977,100,100065,100,99975,100,100075,100,99966,100,100083,100,99965,100
2019-06-28 09:34:20.000000000,100012,312,100009,412,100015,312,100001,412,100020,100,99991,100,100043,100,99981,500,100047,200,99980,100,100049,100,99979,100,100063,100,99977,100,100065,100,99975,100,100075,100,99966,100,100083,100,99965,100
2019-06-28 09:34:21.375190053,100012,312,100009,412,100015,312,100001,412,100020,100,99991,100,100043,100,99981,500,100047,200,99980,100,100049,100,99979,100,100063,100,99977,100,100065,100,99975,100,100075,100,99966,100,100083,100,99965,100
2019-06-28 09:34:30.000000000,100012,185,100009,285,100015,185,100001,285,100020,185,99991,185,100043,185,99981,585,100047,285,99980,185,100049,100,99979,100,100063,100,99977,100,100065,100,99975,100,100075,100,99966,100,100083,100,99965,100
2019-06-28 09:34:30.178698738,100012,185,100010,100,100015,185,100009,285,100020,185,100001,285,100043,185,99991,185,100047,285,99981,585,100049,100,99980,185,100063,100,99979,100,100065,100,99977,100,100075,100,99975,100,100083,100,99966,100
2019-06-28 09:34:40.000000000,100012,312,100010,312,100015,312,100009,412,100020,100,100001,200,100043,100,99991,100,100047,200,99981,500,100049,100,99980,100,100063,100,99979,100,100065,100,99977,100,100075,100,99975,100,100083,100,99966,100
2019-06-28 09:34:45.669215593,100012,312,100010,312,100015,312,100009,412,100020,100,100005,100,100043,100,100001,200,100047,200,99991,100,100049,100,99981,500,100063,100,99980,100,100065,100,99979,100,100083,100,99977,100,100085,100,99975,100
2019-06-28 09:34:50.000000000,100012,206,100010,206,100015,206,100009,306,100020,206,100005,206,100043,206,100001,306,100047,200,99991,100,100049,100,99981,500,100063,100,99980,100,100065,100,99979,100,100083,100,99977,100,100085,100,99975,100
2019-06-28 09:35:00.000000000,100012,524,100010,524,100015,100,100009,200,100020,100,100005,100,100043,100,100001,200,100047,200,99991,100,100049,100,99981,500,100063,100,99980,100,100065,100,99979,100,100083,100,99977,100,100085,100,99975,100
2019-06-28 09:35:03.599485675,100011,100,100010,524,100012,524,100009,200,100015,100,100005,100,100020,100,100001,200,100043,100,99991,100,100047,200,99981,400,100049,100,99980,100,100063,100,99979,100,100065,100,99977,100,100083,100,99975,100
2019-06-28 09:35:06.817411756,100011,100,100010,524,100012,524,100009,200,100015,100,100005,100,100020,100,100001,200,100043,100,99991,100,100047,200,99981,400,100063,100,99980,100,100065,100,99979,100,100083,100,99977,100,100085,100,99975,100
2019-06-28 09:35:10.000000000,100011,185,100010,185,100012,185,100009,285,100015,185,100005,185,100020,185,100001,285,100043,185,99991,185,100047,200,99981,400,100063,100,99980,100,100065,100,99979,100,100083,100,99977,100,100085,100,99975,100
2019-06-28 09:35:20.000000000,100011,524,100010,524,100012,100,100009,200,100015,100,100005,100,100020,100,100001,200,100043,100,99991,100,100047,200,99981,400,100063,100,99980,100,100065,100,99979,100,100083,100,99977,100,100085,100,99975,100
2019-06-28 09:35:30.000000000,100011,244,100010,244,100012,240,100009,340,100015,240,100005,240,100020,100,100001,200,100043,100,99991,100,100047,200,99981,400,100063,100,99980,100,100065,100,99979,100,100083,100,99977,100,100085,100,99975,100
2019-06-28 09:35:32.012210127,100011,144,100010,244,100012,240,100009,340,100015,240,100005,240,100020,100,100001,200,100043,100,99991,100,100047,100,99981,400,100063,100,99980,100,100065,100,99979,100,100083,100,99977,100,100085,100,99975,100
2019-06-28 09:35:32.870041101,100011,144,100010,244,100012,240,100009,340,100015,240,100005,240,100020,100,100001,200,100043,100,99991,100,100048,100,99981,400,100063,100,99980,100,100065,100,99979,100,100083,100,99977,100,100085,100,99975,100
2019-06-28 09:35:40.000000000,100012,524,100010,524,100015,100,100009,200,100020,100,100005,100,100043,100,100001,200,100048,100,99991,100,100063,100,99981,400,100065,100,99980,100,100083,100,99979,100,100085,100,99977,100,100108,100,99975,100
2019-06-28 09:35:44.741688297,100012,524,100010,424,100015,100,100009,200,100020,100,100005,100,100043,100,100001,200,100048,100,99991,100,100063,100,99981,400,100065,100,99980,100,100083,100,99979,100,100085,100,99977,100,100108,100,99975,100
2019-06-28 09:35:50.000000000,100012,206,100009,306,100015,206,100005,206,100020,206,100001,306,100043,206,99991,206,100048,100,99981,400,100063,100,99980,100,100065,100,99979,100,100083,100,99977,100,100085,100,99975,100,100108,100,99966,100
2019-06-28 09:36:00.000000000,100012,206,100009,306,100015,206,100005,206,100020,206,100001,306,100043,206,99991,206,100048,100,99981,400,100063,100,99980,100,100065,100,99979,100,100083,100,99977,100,100085,100,99975,100,100108,100,99966,100
2019-06-28 09:36:10.000000000,100012,206,100009,306,100015,206,100005,206,100020,206,100001,306,100043,206,99991,206,100048,100,99981,400,100063,100,99980,100,100065,100,99979,100,100083,100,99977,100,100085,100,99975,100,100108,100,99966,100
2019-06-28 09:36:10.036726314,100012,206,100009,206,100015,206,100005,206,100020,206,100001,306,100043,206,99991,206,100048,100,99981,400,100063,100,99980,100,100065,100,99979,100,100083,100,99977,100,100085,100,99975,100,100108,100,99966,100
2019-06-28 09:36:20.000000000,100012,206,100009,206,100015,206,100005,206,100020,206,100001,306,100043,206,99991,206,100048,100,99981,400,100063,100,99980,100,100065,100,99979,100,100083,100,99977,100,100085,100,99975,100,100108,100,99966,100
2019-06-28 09:36:25.368062147,100010,100,100009,206,100012,206,100005,206,100015,206,100001,306,100020,206,99991,206,100043,206,99981,300,100048,100,99980,100,100063,100,99979,100,100065,100,99977,100,100083,100,99975,100,100085,100,99966,100
2019-06-28 09:36:30.000000000,100010,244,100009,244,100012,240,100005,240,100015,240,100001,340,100020,100,99991,100,100043,100,99981,300,100048,100,99980,100,100063,100,99979,100,100065,100,99977,100,100083,100,99975,100,100085,100,99966,100
2019-06-28 09:36:33.849897875,100010,244,100009,244,100012,240,100005,240,100015,240,100001,340,100020,100,99991,100,100043,100,99981,300,100048,100,99980,100,100063,100,99979,100,100083,100,99977,100,100085,100,99975,100,100108,100,99966,100
2019-06-28 09:36:40.000000000,100010,312,100009,312,100012,312,100005,312,100015,100,100001,200,100020,100,99991,100,100043,100,99981,300,100048,100,99980,100,100063,100,99979,100,100083,100,99977,100,100085,100,99975,100,100108,100,99966,100
2019-06-28 09:36:50.000000000,100010,312,100009,312,100012,312,100005,312,100015,100,100001,200,100020,100,99991,100,100043,100,99981,300,100048,100,99980,100,100063,100,99979,100,100083,100,99977,100,100085,100,99975,100,100108,100,99966,100
2019-06-28 09:36:59.094697521,100010,312,100009,312,100012,312,100005,312,100015,100,100001,200,100020,100,99991,100,100043,100,99981,300,100048,100,99980,100,100063,100,99979,100,100083,100,99977,100,100085,100,99975,100,100108,100,99966,100
2019-06-28 09:37:00.000000000,100010,312,100009,312,100012,312,100005,312,100015,100,100001,200,100020,100,99991,100,100043,100,99981,300,100048,100,99980,100,100063,100,99979,100,100083,100,99977,100,100085,100,99975,100,100108,100,99966,100
2019-06-28 09:37:03.140443019,100010,412,100009,312,100012,312,100005,312,100015,100,100001,200,100020,100,99991,100,100043,100,99981,300,100048,100,99980,100,100063,100,99979,100,100083,100,99977,100,100085,100,99975,100,100108,100,99966,100
2019-06-28 09:37:03.249024422,100010,312,100009,312,100012,312,100005,312,100015,100,100001,200,100020,100,99991,100,100043,100,99981,300,100048,100,99980,100,100063,100,99979,100,100083,100,99977,100,100085,100,99975,100,100108,100,99966,100
2019-06-28 09:37:07.356541178,100010,312,100009,312,100012,312,100005,312,100015,100,100001,200,100020,100,99991,100,100043,100,99981,300,100048,100,99980,100,100063,100,99979,100,100083,100,99977,100,100085,100,99975,100,100108,100,99966,100
2019-06-28 09:37:10.000000000,100010,524,100009,524,100012,100,100005,100,100015,100,100001,200,100020,100,99991,100,100043,100,99981,300,100048,100,99980,100,100063,100,99979,100,100083,100,99977,100,100085,100,99975,100,100108,100,99966,100
2019-06-28 09:37:20.000000000,100010,206,100009,206,100012,206,100005,206,100015,206,100001,306,100020,206,99991,206,100043,100,99981,300,100048,100,99980,100,100063,100,99979,100,100083,100,99977,100,100085,100,99975,100,100108,100,99966,100
2019-06-28 09:37:22.143026240,100010,306,100009,206,100012,206,100005,206,100015,206,100001,306,100020,206,99991,206,100043,100,99981,300,100048,100,99980,100,100063,100,99979,100,100083,100,99977,100,100085,100,99975,100,100108,100,99966,100
2019-06-28 09:37:30.000000000,100010,624,100009,524,100012,100,100005,100,100015,100,100001,200,100020,100,99991,100,100043,100,99981,300,100048,100,99980,100,100063,100,99979,100,100083,100,99977,100,100085,100,99975,100,100108,100,99966,100
2019-06-28 09:37:36.493864549,100010,624,100009,524,100012,100,100005,100,100015,100,100001,200,100020,100,99991,100,100043,100,99981,200,100048,100,99980,100,100063,100,99979,100,100083,100,99977,100,100085,100,99975,100,100108,100,99966,100
2019-06-28 09:37:40.000000000,100010,624,100009,524,100012,100,100005,100,100015,100,100001,200,100020,100,99991,100,100043,100,99981,200,100048,100,99980,100,100063,100,99979,100,100083,100,99977,100,100085,100,99975,100,100108,100,99966,100
2019-06-28 09:37:44.724836267,100010,624,100009,424,100012,100,100005,100,100015,100,100001,200,100020,100,99991,100,100043,100,99981,200,100048,100,99980,100,100083,100,99979,100,100085,100,99977,100,100108,100,99975,100,100229,100,99966,100
2019-06-28 09:37:50.000000000,100010,624,100005,524,100012,100,100001,200,100015,100,99991,100,100020,100,99981,200,100043,100,99980,100,100048,100,99979,100,100083,100,99977,100,100085,100,99975,100,100108,100,99966,100,100229,100,99965,100
2019-06-28 09:38:00.000000000,100010,412,100005,312,100012,312,100001,412,100015,100,99991,100,100020,100,99981,200,100043,100,99980,100,100048,100,99979,100,100083,100,99977,100,100085,100,99975,100,100108,100,99966,100,100229,100,99965,100
2019-06-28 09:38:10.000000000,100010,285,100005,185,100012,185,100001,285,100015,185,99991,185,100020,185,99981,285,100043,185,99980,185,100048,100,99979,100,100083,100,99977,100,100085,100,99975,100,100108,100,99966,100,100229,100,99965,100
2019-06-28 09:38:17.768153041,100010,285,100005,185,100012,185,100001,285,100015,185,99991,185,100020,185,99981,285,100043,185,99980,185,100048,100,99979,100,100083,100,99977,100,100085,100,99975,100,100108,100,99966,100,100164,100,99965,100
2019-06-28 09:38:20.000000000,100010,285,100005,185,100012,185,100001,285,100015,185,99991,185,100020,185,99981,285,100043,185,99980,185,100048,100,99979,100,100083,100,99977,100,100085,100,99975,100,100108,100,99966,100,100164,100,99965,100
2019-06-28 09:38:21.291999899,100010,185,100005,185,100012,185,100001,285,100015,185,99991,185,100020,185,99981,285,100043,85,99980,185,100048,100,99979,100,100083,100,99977,100,100085,100,99975,100,100108,100,99966,100,100164,100,99965,100
2019-06-28 09:38:23.921975994,100010,185,100005,185,100012,185,100001,285,100015,185,99991,185,100020,185,99981,285,100043,85,99980,185,100048,100,99979,100,100083,100,99977,100,100085,100,99975,100,100108,100,99966,100,100164,100,99965,100
2019-06-28 09:38:30.000000000,100010,244,100005,244,100012,240,100001,340,100015,240,99991,240,100020,100,99981,200,100048,100,99980,100,100083,100,99979,100,100085,100,99977,100,100108,100,99975,100,100164,100,99966,100,100203,100,99965,100
2019-06-28 09:38:40.000000000,100010,185,100005,185,100012,185,100001,285,100015,185,99991,185,100020,185,99981,285,100048,185,99980,185,100083,100,99979,100,100085,100,99977,100,100108,100,99975,100,100164,100,99966,100,100203,100,99965,100
2019-06-28 09:38:50.000000000,100010,244,100005,244,100012,240,100001,340,100015,240,99991,240,100020,100,99981,200,100048,100,99980,100,100083,100,99979,100,100085,100,99977,100,100108,100,99975,100,100164,100,99966,100,100203,100,99965,100
2019-06-28 09:39:00.000000000,100010,185,100005,185,100012,185,100001,285,100015,185,99991,185,100020,185,99981,285,100048,185,99980,185,100083,100,99979,100,100085,100,99977,100,100108,100,99975,100,100164,100,99966,100,100203,100,99965,100
2019-06-28 09:39:10.000000000,100010,244,100005,244,100012,240,100001,340,100015,240,99991,240,100020,100,99981,200,100048,100,99980,100,100083,100,99979,100,100085,100,99977,100,100108,100,99975,100,100164,100,99966,100,100203,100,99965,100
2019-06-28 09:39:20.000000000,100010,312,100005,312,100012,312,100001,412,100015,100,99991,100,100020,100,99981,200,100048,100,99980,100,100083,100,99979,100,100085,100,99977,100,100108,100,99975,100,100164,100,99966,100,100203,100,99965,100
2019-06-28 09:39:20.056140531,100010,212,100005,312,100012,312,100001,312,100015,100,99991,100,100020,100,99981,200,100048,100,99980,100,100083,100,99979,100,100085,100,99977,100,100108,100,99975,100,100164,100,99966,100,100203,100,99965,100
2019-06-28 09:39:30.000000000,100012,312,100005,312,100015,312,100001,312,100020,100,99991,100,100048,100,99981,200,100083,100,99980,100,100085,100,99979,100,100108,100,99977,100,100164,100,99975,100,100203,100,99966,100,100279,100,99965,100
2019-06-28 09:39:40.000000000,100012,185,100005,185,100015,185,100001,185,100020,185,99991,185,100048,185,99981,285,100083,185,99980,185,100085,100,99979,100,100108,100,99977,100,100164,100,99975,100,100203,100,99966,100,100279,100,99965,100
2019-06-28 09:39:50.000000000,100012,524,100005,524,100015,100,100001,100,100020,100,99991,100,100048,100,99981,200,100083,100,99980,100,100085,100,99979,100,100108,100,99977,100,100164,100,99975,100,100203,100,99966,100,100279,100,99965,100
2019-06-28 09:39:51.507594275,100012,524,100005,524,100015,100,100001,100,100020,100,99991,100,100048,100,99981,200,100083,100,99980,100,100085,100,99979,100,100108,100,99977,100,100164,100,99975,100,100203,100,99966,100,100279,100,99965,100
2019-06-28 09:39:53.673843263,100012,424,100005,524,100015,100,100001,100,100020,100,99991,100,100048,100,99981,200,100083,100,99980,100,100085,100,99979,100,100108,100,99977,100,100164,100,99975,100,100203,100,99966,100,100279,100,99965,100
2019-06-28 09:40:00.000000000,100015,206,100005,206,100020,206,100001,206,100048,206,99991,206,100083,206,99981,306,100085,100,99980,100,100108,100,99979,100,100164,100,99977,100,100203,100,99975,100,100279,100,99966,100,100313,100,99965,100
2019-06-28 09:40:10.000000000,100015,312,100005,312,100020,312,100001,312,100048,100,99991,100,100083,100,99981,200,100085,100,99980,100,100108,100,99979,100,100164,100,99977,100,100203,100,99975,100,100279,100,99966,100,100313,100,99965,100
2019-06-28 09:40:20.000000000,100015,185,100005,185,100020,185,100001,185,100048,185,99991,185,100083,185,99981,285,100085,185,99980,185,100108,100,99979,100,100164,100,99977,100,100203,100,99975,100,100279,100,99966,100,100313,100,99965,100
2019-06-28 09:40:25.506895357,100015,185,100010,100,100020,185,100005,185,100048,185,100001,185,100083,185,99991,185,100085,185,99981,285,100108,100,99980,185,100164,100,99979,100,100203,100,99977,100,100279,100,99975,100,100313,100,99966,100
2019-06-28 09:40:30.000000000,100015,312,100010,312,100020,312,100005,312,100048,100,100001,100,100083,100,99991,100,100085,100,99981,200,100108,100,99980,100,100164,100,99979,100,100203,100,99977,100,100279,100,99975,100,100313,100,99966,100
2019-06-28 09:40:38.247542561,100015,312,100010,312,100020,312,100005,312,100048,100,100001,100,100083,100,99991,100,100085,100,99981,200,100108,100,99979,100,100164,100,99977,100,100203,100,99975,100,100279,100,99966,100,100313,100,99965,100
2019-06-28 09:40:40.000000000,100015,185,100010,185,100020,185,100005,185,100048,185,100001,185,100083,185,99991,185,100085,185,99981,285,100108,100,99979,100,100164,100,99977,100,100203,100,99975,100,100279,100,99966,100,100313,100,99965,100
2019-06-28 09:40:50.000000000,100015,244,100010,244,100020,240,100005,240,100048,240,100001,240,100083,100,99991,100,100085,100,99981,200,100108,100,99979,100,100164,100,99977,100,100203,100,99975,100,100279,100,99966,100,100313,100,99965,100
2019-06-28 09:41:00.000000000,100015,244,100010,244,100020,240,100005,240,100048,240,100001,240,100083,100,99991,100,100085,100,99981,200,100108,100,99979,100,100164,100,99977,100,100203,100,99975,100,100279,100,99966,100,100313,100,99965,100
2019-06-28 09:41:10.000000000,100015,524,100010,524,100020,100,100005,100,100048,100,100001,100,100083,100,99991,100,100085,100,99981,200,100108,100,99979,100,100164,100,99977,100,100203,100,99975,100,100279,100,99966,100,100313,100,99965,100
2019-06-28 09:41:12.445931413,100015,524,100010,624,100020,100,100005,100,100048,100,100001,100,100083,100,99991,100,100085,100,99981,200,100108,100,99979,100,100164,100,99977,100,100203,100,99975,100,100279,100,99966,100,100313,100,99965,100
2019-06-28 09:41:17.841022758,100015,424,100010,624,100020,100,100005,100,100048,100,100001,100,100083,100,99991,100,100085,100,99981,200,100108,100,99979,100,100164,100,99977,100,100203,100,99975,100,100279,100,99966,100,100313,100,99965,100
2019-06-28 09:41:20.000000000,100020,524,100010,624,100048,100,100005,100,100083,100,100001,100,100085,100,99991,100,100108,100,99981,200,100164,100,99979,100,100203,100,99977,100,100279,100,99975,100,100313,100,99966,100,100373,100,99965,100
2019-06-28 09:41:21.056324755,100020,524,100010,624,100048,100,100005,100,100083,100,100001,100,100085,100,99991,100,100108,100,99981,200,100164,100,99979,100,100178,100,99975,100,100203,100,99966,100,100279,100,99965,100,100313,100,99964,100
2019-06-28 09:41:28.743814296,100020,524,100010,624,100048,100,100005,100,100083,100,100001,100,100085,100,99991,100,100090,100,99981,200,100108,100,99979,100,100164,100,99975,100,100178,100,99966,100,100203,100,99965,100,100313,100,99964,100
2019-06-28 09:41:30.000000000,100020,244,100010,344,100048,240,100005,240,100083,240,100001,240,100085,100,99991,100,100090,100,99981,200,100108,100,99979,100,100164,100,99975,100,100178,100,99966,100,100203,100,99965,100,100313,100,99964,100
2019-06-28 09:41:37.283508314,100020,144,100010,344,100048,240,100005,240,100083,240,100001,240,100085,100,99991,100,100090,100,99981,200,100108,100,99979,100,100164,100,99975,100,100178,100,99966,100,100203,100,99965,100,100313,100,99964,100
2019-06-28 09:41:40.000000000,100048,206,100010,306,100083,206,100005,206,100085,206,100001,206,100090,206,99991,206,100108,100,99981,200,100164,100,99979,100,100178,100,99975,100,100203,100,99966,100,100313,100,99965,100,100373,100,99964,100
2019-06-28 09:41:50.000000000,100048,524,100010,624,100083,100,100005,100,100085,100,100001,100,100090,100,99991,100,100108,100,99981,200,100164,100,99979,100,100178,100,99975,100,100203,100,99966,100,100313,100,99965,100,100373,100,99964,100
2019-06-28 09:42:00.000000000,100048,524,100010,624,100083,100,100005,100,100085,100,100001,100,100090,100,99991,100,100108,100,99981,200,100164,100,99979,100,100178,100,99975,100,100203,100,99966,100,100313,100,99965,100,100373,100,99964,100
2019-06-28 09:42:10.000000000,100048,312,100010,412,100083,312,100005,312,100085,100,100001,100,100090,100,99991,100,100108,100,99981,200,100164,100,99979,100,100178,100,99975,100,100203,100,99966,100,100313,100,99965,100,100373,100,99964,100
2019-06-28 09:42:20.000000000,100048,244,100010,344,100083,240,100005,240,100085,240,100001,240,100090,100,99991,100,100108,100,99981,200,100164,100,99979,100,100178,100,99975,100,100203,100,99966,100,100313,100,99965,100,100373,100,99964,100
2019-06-28 09:42:30.000000000,100048,312,100010,412,100083,312,100005,312,100085,100,100001,100,100090,100,99991,100,100108,100,99981,200,100164,100,99979,100,100178,100,99975,100,100203,100,99966,100,100313,100,99965,100,100373,100,99964,100
2019-06-28 09:42:35.450962527,100048,312,100010,312,100083,312,100005,312,100085,100,100001,100,100090,100,99991,100,100108,100,99981,200,100164,100,99979,100,100178,100,99975,100,100203,100,99966,100,100313,100,99965,100,100373,100,99964,100
2019-06-28 09:42:36.238970433,100048,312,100010,212,100083,312,100005,312,100085,100,100001,100,100090,100,99991,100,100108,100,99981,200,100164,100,99979,100,100178,100,99975,100,100203,100,99966,100,100313,100,99965,100,100373,100,99964,100
2019-06-28 09:42:40.000000000,100048,312,100005,312,100083,312,100001,312,100085,100,99991,100,100090,100,99981,200,100108,100,99979,100,100164,100,99975,100,100178,100,99966,100,100203,100,99965,100,100313,100,99964,100,100373,100,99939,100
2019-06-28 09:42:50.000000000,100048,312,100005,312,100083,312,100001,312,100085,100,99991,100,100090,100,99981,200,100108,100,99979,100,100164,100,99975,100,100178,100,99966,100,100203,100,99965,100,100313,100,99964,100,100373,100,99939,100
2019-06-28 09:43:00.000000000,100048,185,100005,185,100083,185,100001,185,100085,185,99991,185,100090,185,99981,285,100108,185,99979,185,100164,100,99975,100,100178,100,99966,100,100203,100,99965,100,100313,100,99964,100,100373,100,99939,100
2019-06-28 09:43:10.000000000,100048,524,100005,524,100083,100,100001,100,100085,100,99991,100,100090,100,99981,200,100108,100,99979,100,100164,100,99975,100,100178,100,99966,100,100203,100,99965,100,100313,100,99964,100,100373,100,99939,100
2019-06-28 09:43:11.803923202,100048,524,100005,524,100083,100,100001,100,100085,100,99991,100,100090,100,99981,200,100108,100,99979,100,100164,100,99975,100,100178,100,99966,100,100203,100,99965,100,100313,100,99964,100,100373,100,99939,100
2019-06-28 09:43:20.000000000,100048,312,100005,312,100083,312,100001,312,100085,100,99991,100,100090,100,99981,200,100108,100,99979,100,100164,100,99975,100,100178,100,99966,100,100203,100,99965,100,100313,100,99964,100,100373,100,99939,100
2019-06-28 09:43:29.531131702,100010,100,100005,312,100048,312,100001,312,100083,312,99991,100,100085,100,99981,200,100090,100,99979,100,100108,100,99975,100,100164,100,99966,100,100178,100,99965,100,100203,100,99964,100,100313,100,99939,100
2019-06-28 09:43:30.000000000,100010,185,100005,185,100048,185,100001,185,100083,185,99991,185,100085,185,99981,285,100090,185,99979,185,100108,100,99975,100,100164,100,99966,100,100178,100,99965,100,100203,100,99964,100,100313,100,99939,100
2019-06-28 09:43:35.656969593,100010,85,100005,185,100048,185,100001,185,100083,185,99991,185,100085,185,99981,285,100090,185,99979,185,100108,100,99975,100,100164,100,99966,100,100178,100,99965,100,100203,100,99964,100,100313,100,99939,100
2019-06-28 09:43:40.000000000,100048,312,100005,312,100083,312,100001,312,100085,100,99991,100,100090,100,99981,200,100108,100,99979,100,100164,100,99975,100,100178,100,99966,100,100203,100,99965,100,100313,100,99964,100,100373,100,99939,100
2019-06-28 09:43:50.000000000,100048,312,100005,312,100083,312,100001,312,100085,100,99991,100,100090,100,99981,200,100108,100,99979,100,100164,100,99975,100,100178,100,99966,100,100203,100,99965,100,100313,100,99964,100,100373,100,99939,100
2019-06-28 09:44:00.000000000,100048,206,100005,206,100083,206,100001,206,100085,206,99991,206,100090,206,99981,306,100108,100,99979,100,100164,100,99975,100,100178,100,99966,100,100203,100,99965,100,100313,100,99964,100,100373,100,99939,100
2019-06-28 09:44:10.000000000,100048,206,100005,206,100083,206,100001,206,100085,206,99991,206,100090,206,99981,306,100108,100,99979,100,100164,100,99975,100,100178,100,99966,100,100203,100,99965,100,100313,100,99964,100,100373,100,99939,100
2019-06-28 09:44:20.000000000,100048,524,100005,524,100083,100,100001,100,100085,100,99991,100,100090,100,99981,200,100108,100,99979,100,100164,100,99975,100,100178,100,99966,100,100203,100,99965,100,100313,100,99964,100,100373,100,99939,100
2019-06-28 09:44:30.000000000,100048,244,100005,244,100083,240,100001,240,100085,240,99991,240,100090,100,99981,200,100108,100,99979,100,100164,100,99975,100,100178,100,99966,100,100203,100,99965,100,100313,100,99964,100,100373,100,99939,100
2019-06-28 09:44:38.691848127,100048,244,100005,144,100083,240,100001,240,100085,240,99991,240,100090,100,99981,200,100108,100,99979,100,100164,100,99975,100,100178,100,99966,100,100203,100,99965,100,100313,100,99964,100,100373,100,99939,100
2019-06-28 09:44:40.000000000,100048,185,100001,185,100083,185,99991,185,100085,185,99981,285,100090,185,99979,185,100108,185,99975,185,100164,100,99966,100,100178,100,99965,100,100203,100,99964,100,100313,100,99939,100,100373,100,99924,100
2019-06-28 09:44:44.854088213,100048,185,100001,185,100083,185,99991,185,100085,185,99981,285,100090,185,99979,185,100108,185,99975,185,100164,100,99966,100,100178,100,99964,100,100203,100,99939,100,100313,100,99924,100,100373,100,99910,100
2019-06-28 09:44:44.963112971,100009,100,100001,185,100048,185,99991,185,100083,185,99981,285,100085,185,99979,185,100090,185,99975,185,100108,185,99966,100,100164,100,99964,100,100178,100,99939,100,100203,100,99924,100,100313,100,99910,100
2019-06-28 09:44:49.076842347,100009,100,100001,185,100048,185,99991,185,100083,185,99981,285,100085,185,99979,185,100090,185,99975,185,100108,185,99966,100,100164,100,99964,100,100178,100,99939,100,100203,100,99924,100,100313,100,99910,100
2019-06-28 09:44:50.000000000,100009,244,100001,244,100048,240,99991,240,100083,240,99981,340,100085,100,99979,100,100090,100,99975,100,100108,100,99966,100,100164,100,99964,100,100178,100,99939,100,100203,100,99924,100,100313,100,99910,100
2019-06-28 09:45:00.000000000,100009,312,100001,312,100048,312,99991,312,100083,100,99981,200,100085,100,99979,100,100090,100,99975,100,100108,100,99966,100,100164,100,99964,100,100178,100,99939,100,100203,100,99924,100,100313,100,99910,100
2019-06-28 09:45:10.000000000,100009,206,100001,206,100048,206,99991,206,100083,206,99981,306,100085,206,99979,206,100090,100,99975,100,100108,100,99966,100,100164,100,99964,100,100178,100,99939,100,100203,100,99924,100,100313,100,99910,100
2019-06-28 09:45:20.000000000,100009,312,100001,312,100048,312,99991,312,100083,100,99981,200,100085,100,99979,100,100090,100,99975,100,100108,100,99966,100,100164,100,99964,100,100178,100,99939,100,100203,100,99924,100,100313,100,99910,100
2019-06-28 09:45:30.000000000,100009,312,100001,312,100048,312,99991,312,100083,100,99981,200,100085,100,99979,100,100090,100,99975,100,100108,100,99966,100,100164,100,99964,100,100178,100,99939,100,100203,100,99924,100,100313,100,99910,100
2019-06-28 09:45:40.000000000,100009,185,100001,185,100048,185,99991,185,100083,185,99981,285,100085,185,99979,185,100090,185,99975,185,100108,100,99966,100,100164,100,99964,100,100178,100,99939,100,100203,100,99924,100,100313,100,99910,100
2019-06-28 09:45:42.352971946,100009,185,100001,185,100048,185,99991,185,100083,185,99981,285,100085,185,99979,185,100090,185,99975,185,100108,100,99966,100,100164,100,99964,100,100178,100,99939,100,100203,100,99924,100,100313,100,99910,100
2019-06-28 09:45:50.000000000,100009,312,100001,312,100048,312,99991,312,100083,100,99981,200,100085,100,99979,100,100090,100,99975,100,100108,100,99966,100,100164,100,99964,100,100178,100,99939,100,100203,100,99924,100,100313,100,99910,100
2019-06-28 09:46:00.000000000,100009,524,100001,524,100048,100,99991,100,100083,100,99981,200,100085,100,99979,100,100090,100,99975,100,100108,100,99966,100,100164,100,99964,100,100178,100,99939,100,100203,100,99924,100,100313,100,99910,100
2019-06-28 09:46:10.000000000,100009,244,100001,244,100048,240,99991,240,100083,240,99981,340,100085,100,99979,100,100090,100,99975,100,100108,100,99966,100,100164,100,99964,100,100178,100,99939,100,100203,100,99924,100,100313,100,99910,100
2019-06-28 09:46:16.071020967,100009,344,100001,244,100048,240,99991,240,100083,240,99981,340,100085,100,99979,100,100090,100,99975,100,100108,100,99966,100,100164,100,99964,100,100178,100,99939,100,100203,100,99924,100,100313,100,99910,100
2019-06-28 09:46:20.000000000,100009,624,100001,524,100048,100,99991,100,100083,100,99981,200,100085,100,99979,100,100090,100,99975,100,100108,100,99966,100,100164,100,99964,100,100178,100,99939,100,100203,100,99924,100,100313,100,99910,100
2019-06-28 09:46:24.200660208,100009,624,100001,424,100048,100,99991,100,100083,100,99981,200,100085,100,99979,100,100090,100,99966,100,100108,100,99964,100,100164,100,99939,100,100178,100,99924,100,100203,100,99910,100,100313,100,99885,100
2019-06-28 09:46:30.000000000,100009,624,99991,524,100048,100,99981,200,100083,100,99979,100,100085,100,99966,100,100090,100,99964,100,100108,100,99939,100,100164,100,99924,100,100178,100,99910,100,100203,100,99885,100,100313,100,99866,100
2019-06-28 09:46:40.000000000,100009,624,99991,524,100048,100,99981,200,100083,100,99979,100,100085,100,99966,100,100090,100,99964,100,100108,100,99939,100,100164,100,99924,100,100178,100,99910,100,100203,100,99885,100,100313,100,99866,100
2019-06-28 09:46:40.994455113,100009,624,99991,524,100083,100,99981,200,100085,100,99979,100,100090,100,99966,100,100108,100,99964,100,100164,100,99939,100,100178,100,99924,100,100203,100,99910,100,100313,100,99885,100,100373,100,99866,100
2019-06-28 09:46:46.232272338,100005,100,99991,524,100009,624,99981,200,100083,100,99979,100,100085,100,99966,100,100090,100,99964,100,100108,100,99939,100,100164,100,99924,100,100178,100,99910,100,100203,100,99885,100,100313,100,99866,100
2019-06-28 09:46:48.295526505,100005,100,99991,524,100009,624,99981,200,100083,100,99979,100,100085,100,99966,100,100090,100,99964,100,100108,100,99939,100,100164,100,99924,100,100178,100,99910,100,100203,100,99885,100,100313,100,99866,100
2019-06-28 09:46:50.000000000,100005,312,99991,312,100009,412,99981,412,100083,100,99979,100,100085,100,99966,100,100090,100,99964,100,100108,100,99939,100,100164,100,99924,100,100178,100,99910,100,100203,100,99885,100,100313,100,99866,100
2019-06-28 09:46:56.693842018,100005,312,99991,212,100009,412,99981,412,100083,100,99979,100,100085,100,99966,100,100090,100,99964,100,100108,100,99939,100,100164,100,99924,100,100178,100,99910,100,100203,100,99885,100,100313,100,99866,100
2019-06-28 09:47:00.000000000,100005,206,99981,306,100009,306,99979,206,100083,206,99966,206,100085,206,99964,206,100090,100,99939,100,100108,100,99924,100,100164,100,99910,100,100178,100,99885,100,100203,100,99866,100,100313,100,99848,100
2019-06-28 09:47:10.000000000,100005,244,99981,344,100009,340,99979,240,100083,240,99966,240,100085,100,99964,100,100090,100,99939,100,100108,100,99924,100,100164,100,99910,100,100178,100,99885,100,100203,100,99866,100,100313,100,99848,100
2019-06-28 09:47:20.000000000,100005,312,99981,412,100009,412,99979,312,100083,100,99966,100,100085,100,99964,100,100090,100,99939,100,100108,100,99924,100,100164,100,99910,100,100178,100,99885,100,100203,100,99866,100,100313,100,99848,100
2019-06-28 09:47:20.785188425,100005,312,99981,312,100009,412,99979,312,100083,100,99966,100,100085,100,99964,100,100090,100,99939,100,100108,100,99924,100,100164,100,99910,100,100178,100,99885,100,100203,100,99866,100,100313,100,99848,100
2019-06-28 09:47:30.000000000,100005,206,99981,206,100009,306,99979,206,100083,206,99966,206,100085,206,99964,206,100090,100,99939,100,100108,100,99924,100,100164,100,99910,100,100178,100,99885,100,100203,100,99866,100,100313,100,99848,100
2019-06-28 09:47:39.351910949,99991,100,99981,206,100005,206,99979,206,100009,306,99966,206,100083,206,99964,206,100085,206,99939,100,100090,100,99924,100,100108,100,99910,100,100164,100,99885,100,100178,100,99866,100,100203,100,99848,100
2019-06-28 09:47:40.000000000,99991,244,99981,244,100005,240,99979,240,100009,340,99966,240,100083,100,99964,100,100085,100,99939,100,100090,100,99924,100,100108,100,99910,100,100164,100,99885,100,100178,100,99866,100,100203,100,99848,100
2019-06-28 09:47:42.498854153,99991,244,99981,244,100005,240,99979,240,100009,340,99966,240,100083,100,99964,100,100085,100,99939,100,100090,100,99924,100,100108,100,99910,100,100178,100,99885,100,100203,100,99866,100,100313,100,99848,100
2019-06-28 09:47:47.292093662,99991,244,99981,244,100005,240,99979,240,100009,340,99966,240,100083,100,99964,100,100085,100,99939,100,100090,100,99924,100,100108,100,99910,100,100178,100,99885,100,100203,100,99866,100,100313,100,99848,100
2019-06-28 09:47:50.000000000,99991,244,99981,244,100005,240,99979,240,100009,340,99966,240,100083,100,99964,100,100085,100,99939,100,100090,100,99924,100,100108,100,99910,100,100178,100,99885,100,100203,100,99866,100,100313,100,99848,100
2019-06-28 09:47:53.686370786,99991,344,99981,244,100005,140,99979,240,100009,340,99966,240,100083,100,99964,100,100085,100,99939,100,100090,100,99924,100,100108,100,99910,100,100178,100,99885,100,100203,100,99866,100,100313,100,99848,100
2019-06-28 09:47:59.130629271,99991,344,99981,144,100005,140,99979,240,100009,340,99966,240,100083,100,99964,100,100085,100,99939,100,100090,100,99924,100,100108,100,99910,100,100178,100,99885,100,100203,100,99866,100,100313,100,99848,100
2019-06-28 09:48:00.000000000,99991,412,99979,312,100009,412,99966,312,100083,100,99964,100,100085,100,99939,100,100090,100,99924,100,100108,100,99910,100,100178,100,99885,100,100203,100,99866,100,100313,100,99848,100,100454,100,99690,100
2019-06-28 09:48:10.000000000,99991,344,99979,244,100009,340,99966,240,100083,240,99964,240,100085,100,99939,100,100090,100,99924,100,100108,100,99910,100,100178,100,99885,100,100203,100,99866,100,100313,100,99848,100,100454,100,99690,100
2019-06-28 09:48:20.000000000,99991,412,99979,312,100009,412,99966,312,100083,100,99964,100,100085,100,99939,100,100090,100,99924,100,100108,100,99910,100,100178,100,99885,100,100203,100,99866,100,100313,100,99848,100,100454,100,99690,100
2019-06-28 09:48:28.224685150,99991,412,99979,312,100009,412,99966,312,100083,100,99964,100,100085,100,99939,100,100090,100,99924,100,100108,100,99910,100,100178,100,99885,100,100203,100,99866,100,100313,100,99848,100,100454,100,99690,100
2019-06-28 09:48:30.000000000,99991,412,99979,312,100009,412,99966,312,100083,100,99964,100,100085,100,99939,100,100090,100,99924,100,100108,100,99910,100,100178,100,99885,100,100203,100,99866,100,100313,100,99848,100,100454,100,99690,100
2019-06-28 09:48:39.862231417,99991,412,99979,212,100009,412,99966,312,100083,100,99964,100,100090,100,99939,100,100108,100,99924,100,100178,100,99910,100,100203,100,99885,100,100313,100,99866,100,100454,100,99848,100,100657,100,99690,100
2019-06-28 09:48:40.000000000,99991,344,99966,244,100009,340,99964,240,100083,240,99939,240,100090,100,99924,100,100108,100,99910,100,100178,100,99885,100,100203,100,99866,100,100313,100,99848,100,100454,100,99690,100,100657,100,99415,100
2019-06-28 09:48:41.985894812,99981,100,99966,244,99991,344,99964,240,100009,340,99939,240,100083,240,99924,100,100090,100,99910,100,100108,100,99885,100,100178,100,99866,100,100203,100,99848,100,100313,100,99690,100,100454,100,99415,100
2019-06-28 09:48:50.000000000,99981,206,99966,206,99991,306,99964,206,100009,306,99939,206,100083,206,99924,206,100090,100,99910,100,100108,100,99885,100,100178,100,99866,100,100203,100,99848,100,100313,100,99690,100,100454,100,99415,100
2019-06-28 09:48:59.781438244,99981,306,99966,206,99991,306,99964,206,100009,306,99939,206,100083,206,99924,206,100090,100,99910,100,100108,100,99885,100,100178,100,99866,100,100203,100,99848,100,100313,100,99690,100,100454,100,99415,100
2019-06-28 09:49:00.000000000,99981,624,99966,524,99991,200,99964,100,100009,200,99939,100,100083,100,99924,100,100090,100,99910,100,100108,100,99885,100,100178,100,99866,100,100203,100,99848,100,100313,100,99690,100,100454,100,99415,100
2019-06-28 09:49:10.000000000,99981,344,99966,244,99991,340,99964,240,100009,340,99939,240,100083,100,99924,100,100090,100,99910,100,100108,100,99885,100,100178,100,99866,100,100203,100,99848,100,100313,100,99690,100,100454,100,99415,100
2019-06-28 09:49:10.399425010,99981,344,99966,244,99991,340,99964,240,100009,340,99939,240,100083,100,99924,100,100090,100,99910,100,100108,100,99885,100,100178,100,99866,100,100203,100,99848,100,100313,100,99690,100,100454,100,99415,100
2019-06-28 09:49:19.255877786,99981,344,99966,144,99991,340,99964,240,100009,340,99939,240,100083,100,99924,100,100090,100,99910,100,100178,100,99885,100,100203,100,99866,100,100313,100,99848,100,100454,100,99690,100,,,99415,100
2019-06-28 09:49:20.000000000,99981,344,99964,244,99991,340,99939,240,100009,340,99924,240,100083,100,99910,100,100090,100,99885,100,100178,100,99866,100,100203,100,99848,100,100313,100,99690,100,100454,100,99415,100,,,99378,100
2019-06-28 09:49:21.449883648,99981,344,99964,244,99991,340,99939,240,100009,340,99924,240,100083,100,99910,100,100090,100,99885,100,100178,100,99866,100,100203,100,99690,100,100313,100,99415,100,100454,100,99378,100,,,99202,100
2019-06-28 09:49:30.000000000,99981,306,99964,206,99991,306,99939,206,100009,306,99924,206,100083,206,99910,206,100090,100,99885,100,100178,100,99866,100,100203,100,99690,100,100313,100,99415,100,100454,100,99378,100,,,99202,100
2019-06-28 09:49:40.000000000,99981,344,99964,244,99991,340,99939,240,100009,340,99924,240,100083,100,99910,100,100090,100,99885,100,100178,100,99866,100,100203,100,99690,100,100313,100,99415,100,100454,100,99378,100,,,99202,100
2019-06-28 09:49:46.602063218,99981,344,99964,44,99991,340,99939,240,100009,340,99924,240,100083,100,99910,100,100090,100,99885,100,100178,100,99866,100,100203,100,99690,100,100313,100,99415,100,100454,100,99378,100,,,99202,100
2019-06-28 09:49:50.000000000,99981,285,99939,185,99991,285,99924,185,100009,285,99910,185,100083,185,99885,185,100090,185,99866,185,100178,100,99690,100,100203,100,99415,100,100313,100,99378,100,100454,100,99202,100,,,99177,100
2019-06-28 09:50:00.000000000,99981,624,99939,524,99991,200,99924,100,100009,200,99910,100,100083,100,99885,100,100090,100,99866,100,100178,100,99690,100,100203,100,99415,100,100313,100,99378,100,100454,100,99202,100,,,99177,100
2019-06-28 09:50:10.000000000,99981,624,99939,524,99991,200,99924,100,100009,200,99910,100,100083,100,99885,100,100090,100,99866,100,100178,100,99690,100,100203,100,99415,100,100313,100,99378,100,100454,100,99202,100,,,99177,100
2019-06-28 09:50:19.951208193,99981,624,99939,524,99991,200,99924,100,100009,200,99910,100,100083,100,99885,100,100090,100,99866,100,100178,100,99690,100,100203,100,99415,100,100313,100,99378,100,100454,100,99202,100,,,99177,100
2019-06-28 09:50:20.000000000,99981,306,99939,206,99991,306,99924,206,100009,306,99910,206,100083,206,99885,206,100090,100,99866,100,100178,100,99690,100,100203,100,99415,100,100313,100,99378,100,100454,100,99202,100,,,99177,100
2019-06-28 09:50:20.539635990,99981,306,99939,106,99991,306,99924,206,100009,306,99910,206,100083,206,99885,206,100090,100,99866,100,100178,100,99690,100,100203,100,99415,100,100313,100,99378,100,100454,100,99202,100,,,99177,100
2019-06-28 09:50:30.000000000,99981,344,99924,244,99991,340,99910,240,100009,340,99885,240,100083,100,99866,100,100090,100,99690,100,100178,100,99415,100,100203,100,99378,100,100313,100,99202,100,100454,100,99177,100,,,99165,100
2019-06-28 09:50:40.000000000,99981,624,99924,524,99991,200,99910,100,100009,200,99885,100,100083,100,99866,100,100090,100,99690,100,100178,100,99415,100,100203,100,99378,100,100313,100,99202,100,100454,100,99177,100,,,99165,100
2019-06-28 09:50:44.423877636,99981,624,99924,424,99991,200,99910,100,100009,200,99885,100,100083,100,99866,100,100090,100,99690,100,100178,100,99415,100,100203,100,99378,100,100313,100,99202,100,100454,100,99177,100,,,99165,100
2019-06-28 09:50:50.000000000,99981,306,99910,206,99991,306,99885,206,100009,306,99866,206,100083,206,99690,206,100090,100,99415,100,100178,100,99378,100,100203,100,99202,100,100313,100,99177,100,100454,100,99165,100,,,99158,100
2019-06-28 09:50:56.799931755,99981,306,99910,206,99991,306,99885,206,100009,306,99866,206,100083,206,99690,206,100090,100,99415,100,100178,100,99378,100,100203,100,99202,100,100313,100,99177,100,100454,100,99165,100,,,99158,100
2019-06-28 09:50:59.943673776,99981,306,99910,206,99991,306,99885,206,100009,306,99866,206,100083,206,99690,206,100090,100,99415,100,100178,100,99378,100,100203,100,99202,100,100313,100,99177,100,100454,100,99158,100,,,99132,100
2019-06-28 09:51:00.000000000,99981,285,99910,185,99991,285,99885,185,100009,285,99866,185,100083,185,99690,185,100090,185,99415,185,100178,100,99378,100,100203,100,99202,100,100313,100,99177,100,100454,100,99158,100,,,99132,100
2019-06-28 09:51:10.000000000,99981,285,99910,185,99991,285,99885,185,100009,285,99866,185,100083,185,99690,185,100090,185,99415,185,100178,100,99378,100,100203,100,99202,100,100313,100,99177,100,100454,100,99158,100,,,99132,100
2019-06-28 09:51:20.000000000,99981,344,99910,244,99991,340,99885,240,100009,340,99866,240,100083,100,99690,100,100090,100,99415,100,100178,100,99378,100,100203,100,99202,100,100313,100,99177,100,100454,100,99158,100,,,99132,100
2019-06-28 09:51:22.821697299,99981,344,99910,244,99991,340,99885,240,100009,340,99866,240,100083,100,99690,100,100090,100,99415,100,100178,100,99378,100,100203,100,99202,100,100313,100,99177,100,100454,100,99158,100,,,99132,100
2019-06-28 09:51:30.000000000,99981,344,99910,244,99991,340,99885,240,100009,340,99866,240,100083,100,99690,100,100090,100,99415,100,100178,100,99378,100,100203,100,99202,100,100313,100,99177,100,100454,100,99158,100,,,99132,100
2019-06-28 09:51:40.000000000,99981,624,99910,524,99991,200,99885,100,100009,200,99866,100,100083,100,99690,100,100090,100,99415,100,100178,100,99378,100,100203,100,99202,100,100313,100,99177,100,100454,100,99158,100,,,99132,100
2019-06-28 09:51:48.230794006,99981,624,99910,424,99991,200,99885,100,100009,200,99866,100,100083,100,99690,100,100090,100,99415,100,100203,100,99378,100,100313,100,99202,100,100454,100,99177,100,,,99158,100,,,99132,100
2019-06-28 09:51:50.000000000,99981,285,99885,185,99991,285,99866,185,100009,285,99690,185,100083,185,99415,185,100090,185,99378,185,100203,100,99202,100,100313,100,99177,100,100454,100,99158,100,,,99132,100,,,99103,100
2019-06-28 09:52:00.000000000,99981,412,99885,312,99991,412,99866,312,100009,200,99690,100,100083,100,99415,100,100090,100,99378,100,100203,100,99202,100,100313,100,99177,100,100454,100,99158,100,,,99132,100,,,99103,100
2019-06-28 09:52:10.000000000,99981,412,99885,312,99991,412,99866,312,100009,200,99690,100,100083,100,99415,100,100090,100,99378,100,100203,100,99202,100,100313,100,99177,100,100454,100,99158,100,,,99132,100,,,99103,100
2019-06-28 09:52:20.000000000,99981,344,99885,244,99991,340,99866,240,100009,340,99690,240,100083,100,99415,100,100090,100,99378,100,100203,100,99202,100,100313,100,99177,100,100454,100,99158,100,,,99132,100,,,99103,100
2019-06-28 09:52:30.000000000,99981,412,99885,312,99991,412,99866,312,100009,200,99690,100,100083,100,99415,100,100090,100,99378,100,100203,100,99202,100,100313,100,99177,100,100454,100,99158,100,,,99132,100,,,99103,100
2019-06-28 09:52:33.448758627,99981,412,99885,212,99991,412,99866,312,100009,200,99690,100,100083,100,99415,100,100090,100,99378,100,100203,100,99202,100,100313,100,99177,100,100454,100,99158,100,,,99132,100,,,99103,100
2019-06-28 09:52:40.000000000,99981,624,99866,524,99991,200,99690,100,100009,200,99415,100,100083,100,99378,100,100090,100,99202,100,100203,100,99177,100,100313,100,99158,100,100454,100,99132,100,,,99103,100,,,99025,100
2019-06-28 09:52:42.054543226,99981,624,99866,424,99991,200,99690,100,100009,200,99415,100,100083,100,99378,100,100090,100,99202,100,100203,100,99158,100,100313,100,99132,100,100454,100,99103,100,,,99025,100,,,99018,100
2019-06-28 09:52:50.000000000,99981,624,99690,524,99991,200,99415,100,100009,200,99378,100,100083,100,99202,100,100090,100,99158,100,100203,100,99132,100,100313,100,99103,100,100454,100,99025,100,,,99018,100,,,98987,100
2019-06-28 09:53:00.000000000,99981,412,99690,312,99991,412,99415,312,100009,200,99378,100,100083,100,99202,100,100090,100,99158,100,100203,100,99132,100,100313,100,99103,100,100454,100,99025,100,,,99018,100,,,98987,100
2019-06-28 09:53:10.000000000,99981,306,99690,206,99991,306,99415,206,100009,306,99378,206,100083,206,99202,206,100090,100,99158,100,100203,100,99132,100,100313,100,99103,100,100454,100,99025,100,,,99018,100,,,98987,100
2019-06-28 09:53:18.688215893,99981,306,99690,106,99991,306,99415,206,100009,306,99378,206,100083,206,99202,206,100090,100,99158,100,100203,100,99132,100,100313,100,99103,100,100454,100,99025,100,,,99018,100,,,98987,100
2019-06-28 09:53:20.000000000,99981,285,99415,185,99991,285,99378,185,100009,285,99202,185,100083,185,99158,185,100090,185,99132,185,100203,100,99103,100,100313,100,99025,100,100454,100,99018,100,,,98987,100,,,98929,100
2019-06-28 09:53:30.000000000,99981,306,99415,206,99991,306,99378,206,100009,306,99202,206,100083,206,99158,206,100090,100,99132,100,100203,100,99103,100,100313,100,99025,100,100454,100,99018,100,,,98987,100,,,98929,100
2019-06-28 09:53:40.000000000,99981,306,99415,206,99991,306,99378,206,100009,306,99202,206,100083,206,99158,206,100090,100,99132,100,100203,100,99103,100,100313,100,99025,100,100454,100,99018,100,,,98987,100,,,98929,100
2019-06-28 09:53:50.000000000,99981,412,99415,312,99991,412,99378,312,100009,200,99202,100,100083,100,99158,100,100090,100,99132,100,100203,100,99103,100,100313,100,99025,100,100454,100,99018,100,,,98987,100,,,98929,100
2019-06-28 09:53:58.331432320,99981,412,99415,312,99991,412,99378,312,100009,200,99202,100,100083,100,99193,100,100090,100,99158,100,100203,100,99132,100,100313,100,99103,100,100454,100,99025,100,,,99018,100,,,98987,100
2019-06-28 09:54:00.000000000,99981,344,99415,244,99991,340,99378,240,100009,340,99202,240,100083,100,99193,100,100090,100,99158,100,100203,100,99132,100,100313,100,99103,100,100454,100,99025,100,,,99018,100,,,98987,100
2019-06-28 09:54:10.000000000,99981,412,99415,312,99991,412,99378,312,100009,200,99202,100,100083,100,99193,100,100090,100,99158,100,100203,100,99132,100,100313,100,99103,100,100454,100,99025,100,,,99018,100,,,98987,100
2019-06-28 09:54:20.000000000,99981,412,99415,312,99991,412,99378,312,100009,200,99202,100,100083,100,99193,100,100090,100,99158,100,100203,100,99132,100,100313,100,99103,100,100454,100,99025,100,,,99018,100,,,98987,100
2019-06-28 09:54:27.739336389,99981,412,99415,212,99991,412,99378,312,100009,200,99202,100,100083,100,99193,100,100090,100,99158,100,100203,100,99132,100,100313,100,99103,100,100454,100,99025,100,,,99018,100,,,98987,100
2019-06-28 09:54:30.000000000,99981,624,99378,524,99991,200,99202,100,100009,200,99193,100,100083,100,99158,100,100090,100,99132,100,100203,100,99103,100,100313,100,99025,100,100454,100,99018,100,,,98987,100,,,98929,100
2019-06-28 09:54:31.816937814,99981,624,99378,424,99991,200,99202,100,100009,200,99193,100,100083,100,99158,100,100090,100,99132,100,100203,100,99103,100,100313,100,99025,100,100454,100,99018,100,,,98987,100,,,98929,100
2019-06-28 09:54:40.000000000,99981,306,99202,206,99991,306,99193,206,100009,306,99158,206,100083,206,99132,206,100090,100,99103,100,100203,100,99025,100,100313,100,99018,100,100454,100,98987,100,,,98929,100,,,98809,100
2019-06-28 09:54:50.000000000,99981,306,99202,206,99991,306,99193,206,100009,306,99158,206,100083,206,99132,206,100090,100,99103,100,100203,100,99025,100,100313,100,99018,100,100454,100,98987,100,,,98929,100,,,98809,100
2019-06-28 09:55:00.000000000,99981,344,99202,244,99991,340,99193,240,100009,340,99158,240,100083,100,99132,100,100090,100,99103,100,100203,100,99025,100,100313,100,99018,100,100454,100,98987,100,,,98929,100,,,98809,100
2019-06-28 09:55:10.000000000,99981,344,99202,244,99991,340,99193,240,100009,340,99158,240,100083,100,99132,100,100090,100,99103,100,100203,100,99025,100,100313,100,99018,100,100454,100,98987,100,,,98929,100,,,98809,100
2019-06-28 09:55:20.000000000,99981,306,99202,206,99991,306,99193,206,100009,306,99158,206,100083,206,99132,206,100090,100,99103,100,100203,100,99025,100,100313,100,99018,100,100454,100,98987,100,,,98929,100,,,98809,100
2019-06-28 09:55:30.000000000,99981,624,99202,524,99991,200,99193,100,100009,200,99158,100,100083,100,99132,100,100090,100,99103,100,100203,100,99025,100,100313,100,99018,100,100454,100,98987,100,,,98929,100,,,98809,100
2019-06-28 09:55:35.039552475,99981,624,99202,424,99991,200,99193,100,100009,200,99158,100,100083,100,99132,100,100090,100,99103,100,100203,100,99025,100,100313,100,99018,100,100454,100,98987,100,,,98929,100,,,98809,100
2019-06-28 09:55:35.288915274,99378,100,99202,424,99981,624,99193,100,99991,200,99158,100,100009,200,99132,100,100083,100,99103,100,100090,100,99025,100,100203,100,99018,100,100313,100,98987,100,100454,100,98929,100,,,98809,100
2019-06-28 09:55:35.366975267,99378,100,99202,324,99981,624,99193,100,99991,200,99158,100,100009,200,99132,100,100083,100,99103,100,100090,100,99025,100,100203,100,99018,100,100313,100,98987,100,100454,100,98929,100,,,98809,100
2019-06-28 09:55:40.000000000,99378,206,99193,206,99981,306,99158,206,99991,306,99132,206,100009,306,99103,206,100083,100,99025,100,100090,100,99018,100,100203,100,98987,100,100313,100,98929,100,100454,100,98809,100,,,98645,100
2019-06-28 09:55:48.810636152,99202,100,99193,206,99378,206,99158,206,99981,306,99132,206,99991,306,99103,206,100009,306,99025,100,100083,100,99018,100,100090,100,98987,100,100203,100,98929,100,100313,100,98809,100,100454,100,98645,100
2019-06-28 09:55:50.000000000,99202,312,99193,312,99378,312,99158,312,99981,200,99132,100,99991,200,99103,100,100009,200,99025,100,100083,100,99018,100,100090,100,98987,100,100203,100,98929,100,100313,100,98809,100,100454,100,98645,100
2019-06-28 09:56:00.000000000,99202,312,99193,312,99378,312,99158,312,99981,200,99132,100,99991,200,99103,100,100009,200,99025,100,100083,100,99018,100,100090,100,98987,100,100203,100,98929,100,100313,100,98809,100,100454,100,98645,100
2019-06-28 09:56:10.000000000,99202,185,99193,185,99378,185,99158,185,99981,285,99132,185,99991,285,99103,185,100009,285,99025,185,100083,100,99018,100,100090,100,98987,100,100203,100,98929,100,100313,100,98809,100,100454,100,98645,100
2019-06-28 09:56:13.212883690,99202,185,99193,85,99378,185,99158,185,99981,285,99132,185,99991,285,99103,185,100009,285,99025,185,100083,100,99018,100,100090,100,98987,100,100203,100,98929,100,100313,100,98809,100,100454,100,98645,100
2019-06-28 09:56:20.000000000,99202,312,99158,312,99378,312,99132,312,99981,200,99103,100,99991,200,99025,100,100009,200,99018,100,100083,100,98987,100,100090,100,98929,100,100203,100,98809,100,100313,100,98645,100,100454,100,,
2019-06-28 09:56:27.510448890,99202,312,99158,312,99378,312,99132,312,99981,200,99103,100,99991,100,99025,100,100009,200,99018,100,100083,100,98987,100,100090,100,98929,100,100203,100,98809,100,100313,100,98645,100,100454,100,,
2019-06-28 09:56:28.723833933,99202,312,99158,212,99378,312,99132,312,99981,200,99103,100,99991,100,99025,100,100009,200,99018,100,100083,100,98987,100,100090,100,98929,100,100203,100,98809,100,100313,100,98645,100,100454,100,,
2019-06-28 09:56:30.000000000,99202,206,99132,206,99378,206,99103,206,99981,306,99025,206,99991,206,99018,206,100009,200,98987,100,100083,100,98929,100,100090,100,98809,100,100203,100,98645,100,100313,100,,,100454,100,,
2019-06-28 09:56:40.000000000,99202,244,99132,244,99378,240,99103,240,99981,340,99025,240,99991,100,99018,100,100009,200,98987,100,100083,100,98929,100,100090,100,98809,100,100203,100,98645,100,100313,100,,,100454,100,,
2019-06-28 09:56:50.000000000,99202,244,99132,244,99378,240,99103,240,99981,340,99025,240,99991,100,99018,100,100009,200,98987,100,100083,100,98929,100,100090,100,98809,100,100203,100,98645,100,100313,100,,,100454,100,,
2019-06-28 09:56:56.108518996,99193,100,99132,244,99202,244,99103,240,99378,140,99025,240,99981,340,99018,100,99991,100,98987,100,100009,200,98929,100,100083,100,98809,100,100090,100,98645,100,100203,100,,,100313,100,,
2019-06-28 09:57:00.000000000,99193,185,99132,185,99202,185,99103,185,99981,285,99025,185,99991,185,99018,185,100009,285,98987,185,100083,100,98929,100,100090,100,98809,100,100203,100,98645,100,100313,100,,,100454,100,,
2019-06-28 09:57:02.156405012,99193,185,99132,185,99202,185,99103,185,99981,285,99025,185,99991,185,99018,185,100009,285,98987,185,100083,100,98929,100,100090,100,98809,100,100203,100,98645,100,100313,100,98640,100,,,,
2019-06-28 09:57:10.000000000,99193,206,99132,206,99202,206,99103,206,99981,306,99025,206,99991,206,99018,206,100009,200,98987,100,100083,100,98929,100,100090,100,98809,100,100203,100,98645,100,100313,100,98640,100,,,,
2019-06-28 09:57:14.238543839,99193,306,99132,206,99202,106,99103,206,99981,306,99025,206,99991,206,99018,206,100009,200,98987,100,100083,100,98929,100,100090,100,98809,100,100203,100,98645,100,100313,100,98640,100,,,,
2019-06-28 09:57:17.333778587,99193,306,99132,206,99202,106,99103,206,99981,306,99025,206,99991,206,99018,206,100009,200,98987,100,100083,100,98929,100,100090,100,98809,100,100203,100,98645,100,100313,100,98640,100,,,98173,100
2019-06-28 09:57:20.000000000,99193,344,99132,244,99981,340,99103,240,99991,240,99025,240,100009,200,99018,100,100083,100,98987,100,100090,100,98929,100,100203,100,98809,100,100313,100,98645,100,,,98640,100,,,98173,100
2019-06-28 09:57:30.000000000,99193,624,99132,524,99981,200,99103,100,99991,100,99025,100,100009,200,99018,100,100083,100,98987,100,100090,100,98929,100,100203,100,98809,100,100313,100,98645,100,,,98640,100,,,98173,100
2019-06-28 09:57:30.003576752,99193,724,99132,524,99981,200,99103,100,99991,100,99025,100,100009,200,99018,100,100083,100,98987,100,100090,100,98929,100,100203,100,98809,100,100313,100,98645,100,,,98640,100,,,98173,100
2019-06-28 09:57:40.000000000,99193,406,99132,206,99981,306,99103,206,99991,206,99025,206,100009,306,99018,206,100083,100,98987,100,100090,100,98929,100,100203,100,98809,100,100313,100,98645,100,,,98640,100,,,98173,100
2019-06-28 09:57:50.000000000,99193,444,99132,244,99981,340,99103,240,99991,240,99025,240,100009,200,99018,100,100083,100,98987,100,100090,100,98929,100,100203,100,98809,100,100313,100,98645,100,,,98640,100,,,98173,100
2019-06-28 09:58:00.000000000,99193,444,99132,244,99981,340,99103,240,99991,240,99025,240,100009,200,99018,100,100083,100,98987,100,100090,100,98929,100,100203,100,98809,100,100313,100,98645,100,,,98640,100,,,98173,100
2019-06-28 09:58:10.000000000,99193,512,99132,312,99981,412,99103,312,99991,100,99025,100,100009,200,99018,100,100083,100,98987,100,100090,100,98929,100,100203,100,98809,100,100313,100,98645,100,,,98640,100,,,98173,100
2019-06-28 09:58:10.121164866,99193,512,99132,212,99981,412,99103,312,99991,100,99025,100,100009,200,99018,100,100083,100,98987,100,100090,100,98929,100,100203,100,98809,100,100313,100,98645,100,,,98640,100,,,98173,100
2019-06-28 09:58:20.000000000,99193,724,99103,524,99981,200,99025,100,99991,100,99018,100,100009,200,98987,100,100083,100,98929,100,100090,100,98809,100,100203,100,98645,100,100313,100,98640,100,,,98173,100,,,,
2019-06-28 09:58:30.000000000,99193,512,99103,312,99981,412,99025,312,99991,100,99018,100,100009,200,98987,100,100083,100,98929,100,100090,100,98809,100,100203,100,98645,100,100313,100,98640,100,,,98173,100,,,,
2019-06-28 09:58:40.000000000,99193,444,99103,244,99981,340,99025,240,99991,240,99018,240,100009,200,98987,100,100083,100,98929,100,100090,100,98809,100,100203,100,98645,100,100313,100,98640,100,,,98173,100,,,,
2019-06-28 09:58:47.554460294,99193,444,99103,144,99981,340,99025,240,99991,240,99018,240,100009,200,98987,100,100083,100,98929,100,100090,100,98809,100,100313,100,98645,100,,,98640,100,,,98173,100,,,,
2019-06-28 09:58:50.000000000,99193,444,99025,244,99981,340,99018,240,99991,240,98987,240,100009,200,98929,100,100083,100,98809,100,100090,100,98645,100,100313,100,98640,100,,,98173,100,,,,,,,,
2019-06-28 09:59:00.000000000,99193,724,99025,524,99981,200,99018,100,99991,100,98987,100,100009,200,98929,100,100083,100,98809,100,100090,100,98645,100,100313,100,98640,100,,,98173,100,,,,,,,,
2019-06-28 09:59:10.000000000,99193,385,99025,185,99981,285,99018,185,99991,185,98987,185,100009,285,98929,185,100083,185,98809,185,100090,100,98645,100,100313,100,98640,100,,,98173,100,,,,,,,,
2019-06-28 09:59:20.000000000,99193,512,99025,312,99981,412,99018,312,99991,100,98987,100,100009,200,98929,100,100083,100,98809,100,100090,100,98645,100,100313,100,98640,100,,,98173,100,,,,,,,,
2019-06-28 09:59:20.561730015,99193,512,99025,212,99981,412,99018,312,99991,100,98987,100,100009,200,98929,100,100083,100,98809,100,100090,100,98645,100,100313,100,98640,100,,,98173,100,,,,,,,,
2019-06-28 09:59:30.000000000,99193,406,99018,206,99981,306,98987,206,99991,206,98929,206,100009,306,98809,206,100083,100,98645,100,100090,100,98640,100,100313,100,98173,100,,,,,,,,,,,,
2019-06-28 09:59:30.760359267,99193,406,99018,106,99211,100,98987,206,99981,306,98929,206,99991,206,98809,206,100009,306,98645,100,100083,100,98640,100,100090,100,98173,100,100313,100,,,,,,,,,,
2019-06-28 09:59:33.733916938,99193,406,99018,106,99211,100,98987,206,99981,306,98978,100,99991,206,98929,206,100009,306,98809,206,100083,100,98645,100,100090,100,98640,100,100313,100,98173,100,,,,,,,,
2019-06-28 09:59:38.716885066,99169,100,99018,106,99193,406,98987,206,99211,100,98978,100,99981,306,98929,206,99991,206,98809,206,100009,306,98645,100,100083,100,98640,100,100090,100,98173,100,100313,100,,,,,,
2019-06-28 09:59:40.000000000,99169,206,98987,206,99193,406,98978,206,99211,206,98929,206,99981,306,98809,206,99991,100,98645,100,100009,200,98640,100,100083,100,98173,100,100090,100,,,100313,100,,,,,,
2019-06-28 09:59:40.145620540,99158,100,98987,206,99169,206,98978,206,99193,406,98929,206,99211,206,98809,206,99981,306,98645,100,99991,100,98640,100,100009,200,98173,100,100083,100,,,100090,100,,,100313,100,,
2019-06-28 09:59:50.000000000,99158,524,98987,524,99169,100,98978,100,99193,300,98929,100,99211,100,98809,100,99981,200,98645,100,99991,100,98640,100,100009,200,98173,100,100083,100,,,100090,100,,,100313,100,,
2019-06-28 09:59:50.343482737,99103,100,98987,524,99158,524,98978,100,99169,100,98929,100,99193,300,98809,100,99211,100,98645,100,99981,200,98640,100,99991,100,98173,100,100009,200,,,100083,100,,,100090,100,,
2019-06-28 09:59:53.633960931,99063,100,98987,524,99103,100,98978,100,99158,524,98929,100,99169,100,98809,100,99193,300,98645,100,99211,100,98640,100,99981,200,98173,100,99991,100,,,100009,200,,,100083,100,,
2019-06-28 10:00:00.000000000,99063,206,98987,206,99103,206,98978,206,99158,206,98929,206,99169,206,98809,206,99193,300,98645,100,99211,100,98640,100,99981,200,98173,100,99991,100,,,100009,200,,,100083,100,,
2019-06-28 10:00:10.000000000,99063,206,98987,206,99103,206,98978,206,99158,206,98929,206,99169,206,98809,206,99193,300,98645,100,99211,100,98640,100,99981,200,98173,100,99991,100,,,100009,200,,,100083,100,,
2019-06-28 10:00:16.909616537,99063,206,98987,206,99103,206,98978,206,99158,206,98929,206,99169,206,98809,206,99193,300,98645,100,99211,100,98640,100,99981,100,98173,100,99991,100,,,100009,200,,,100083,100,,
2019-06-28 10:00:20.000000000,99063,185,98987,185,99103,185,98978,185,99158,185,98929,185,99169,185,98809,185,99193,385,98645,185,99211,100,98640,100,99981,100,98173,100,99991,100,,,100009,200,,,100083,100,,
2019-06-28 10:00:27.185835630,99063,185,98987,185,99086,100,98978,185,99103,185,98929,185,99158,185,98809,185,99169,185,98645,185,99193,385,98640,100,99211,100,98173,100,99981,100,,,99991,100,,,100009,200,,
2019-06-28 10:00:30.000000000,99063,185,98987,185,99086,185,98978,185,99103,185,98929,185,99158,185,98809,185,99169,185,98645,185,99193,300,98640,100,99211,100,98173,100,99981,100,,,99991,100,,,100009,200,,
2019-06-28 10:00:40.000000000,99063,185,98987,185,99086,185,98978,185,99103,185,98929,185,99158,185,98809,185,99169,185,98645,185,99193,300,98640,100,99211,100,98173,100,99981,100,,,99991,100,,,100009,200,,
2019-06-28 10:00:42.666667120,99063,185,98987,185,99086,185,98978,185,99103,285,98929,185,99158,185,98809,185,99169,185,98645,185,99193,300,98640,100,99211,100,98173,100,99981,100,,,99991,100,,,100009,200,,
2019-06-28 10:00:50.000000000,99063,244,98987,244,99086,240,98978,240,99103,340,98929,240,99158,100,98809,100,99169,100,98645,100,99193,300,98640,100,99211,100,98173,100,99981,100,,,99991,100,,,100009,200,,
2019-06-28 10:00:53.397696631,99063,144,98987,244,99086,240,98978,240,99103,340,98929,240,99158,100,98809,100,99169,100,98645,100,99193,300,98640,100,99211,100,98173,100,99981,100,,,99991,100,,,100009,200,,
2019-06-28 10:01:00.000000000,99086,524,98987,524,99103,200,98978,100,99158,100,98929,100,99169,100,98809,100,99193,300,98645,100,99211,100,98640,100,99981,100,98173,100,99991,100,,,100009,200,,,100083,100,,
2019-06-28 10:01:02.705174346,99086,524,98987,524,99103,200,98978,100,99158,100,98929,100,99169,100,98809,100,99193,200,98645,100,99211,100,98640,100,99981,100,98173,100,99991,100,,,100009,200,,,100083,100,,
2019-06-28 10:01:10.000000000,99086,524,98987,524,99103,200,98978,100,99158,100,98929,100,99169,100,98809,100,99193,200,98645,100,99211,100,98640,100,99981,100,98173,100,99991,100,,,100009,200,,,100083,100,,
2019-06-28 10:01:11.146632531,99062,100,98987,524,99086,524,98978,100,99103,200,98929,100,99158,100,98809,100,99169,100,98645,100,99193,200,98640,100,99211,100,98173,100,99981,100,,,99991,100,,,100009,200,,
2019-06-28 10:01:17.914418277,99062,100,98987,524,99086,524,98978,100,99103,200,98929,100,99158,100,98809,100,99169,100,98645,100,99193,200,98640,100,99199,100,98173,100,99211,100,,,99981,100,,,99991,100,,
2019-06-28 10:01:20.000000000,99062,312,98987,312,99086,312,98978,312,99103,200,98929,100,99158,100,98809,100,99169,100,98645,100,99193,200,98640,100,99199,100,98173,100,99211,100,,,99981,100,,,99991,100,,
2019-06-28 10:01:30.000000000,99062,244,98987,244,99086,240,98978,240,99103,340,98929,240,99158,100,98809,100,99169,100,98645,100,99193,200,98640,100,99199,100,98173,100,99211,100,,,99981,100,,,99991,100,,
2019-06-28 10:01:40.000000000,99062,312,98987,312,99086,312,98978,312,99103,200,98929,100,99158,100,98809,100,99169,100,98645,100,99193,200,98640,100,99199,100,98173,100,99211,100,,,99981,100,,,99991,100,,
2019-06-28 10:01:46.919398831,99062,412,98987,312,99086,312,98978,312,99103,200,98929,100,99158,100,98809,100,99169,100,98645,100,99193,200,98640,100,99199,100,98173,100,99211,100,,,99981,100,,,99991,100,,
2019-06-28 10:01:50.000000000,99062,344,98987,244,99086,240,98978,240,99103,340,98929,240,99158,100,98809,100,99169,100,98645,100,99193,200,98640,100,99199,100,98173,100,99211,100,,,99981,100,,,99991,100,,
2019-06-28 10:02:00.000000000,99062,306,98987,206,99086,206,98978,206,99103,306,98929,206,99158,206,98809,206,99169,100,98645,100,99193,200,98640,100,99199,100,98173,100,99211,100,,,99981,100,,,99991,100,,
2019-06-28 10:02:10.000000000,99062,344,98987,244,99086,240,98978,240,99103,340,98929,240,99158,100,98809,100,99169,100,98645,100,99193,200,98640,100,99199,100,98173,100,99211,100,,,99981,100,,,99991,100,,
2019-06-28 10:02:20.000000000,99062,412,98987,312,99086,312,98978,312,99103,200,98929,100,99158,100,98809,100,99169,100,98645,100,99193,200,98640,100,99199,100,98173,100,99211,100,,,99981,100,,,99991,100,,
2019-06-28 10:02:30.000000000,99062,344,98987,244,99086,240,98978,240,99103,340,98929,240,99158,100,98809,100,99169,100,98645,100,99193,200,98640,100,99199,100,98173,100,99211,100,,,99981,100,,,99991,100,,
2019-06-28 10:02:40.000000000,99062,306,98987,206,99086,206,98978,206,99103,306,98929,206,99158,206,98809,206,99169,100,98645,100,99193,200,98640,100,99199,100,98173,100,99211,100,,,99981,100,,,99991,100,,
2019-06-28 10:02:50.000000000,99062,285,98987,185,99086,185,98978,185,99103,285,98929,185,99158,185,98809,185,99169,185,98645,185,99193,200,98640,100,99199,100,98173,100,99211,100,,,99981,100,,,99991,100,,
2019-06-28 10:02:50.471881308,99062,285,98987,85,99086,185,98978,185,99103,285,98929,185,99158,185,98809,85,99169,185,98645,185,99193,200,98640,100,99199,100,98173,100,99211,100,,,99981,100,,,99991,100,,
2019-06-28 10:03:00.000000000,99062,412,98978,312,99086,312,98929,312,99103,200,98645,100,99158,100,98640,100,99169,100,98173,100,99193,200,,,99199,100,,,99211,100,,,99981,100,,,99991,100,,
2019-06-28 10:03:10.000000000,99062,344,98978,244,99086,240,98929,240,99103,340,98645,240,99158,100,98640,100,99169,100,98173,100,99193,200,,,99199,100,,,99211,100,,,99981,100,,,99991,100,,
2019-06-28 10:03:20.000000000,99062,412,98978,312,99086,312,98929,312,99103,200,98645,100,99158,100,98640,100,99169,100,98173,100,99193,200,,,99199,100,,,99211,100,,,99981,100,,,99991,100,,
2019-06-28 10:03:30.000000000,99062,285,98978,185,99086,185,98929,185,99103,285,98645,185,99158,185,98640,185,99169,185,98173,185,99193,200,,,99199,100,,,99211,100,,,99981,100,,,99991,100,,
2019-06-28 10:03:30.408626440,99061,100,98978,185,99062,285,98929,185,99086,185,98645,185,99103,285,98640,185,99158,185,98173,185,99169,185,,,99193,200,,,99199,100,,,99211,100,,,99991,100,,
2019-06-28 10:03:31.320239840,99061,100,98978,185,99062,285,98929,185,99086,185,98645,185,99103,285,98640,185,99158,185,98173,185,99169,185,,,99193,100,,,99199,100,,,99211,100,,,99991,100,,
2019-06-28 10:03:34.430561232,99061,100,98978,185,99062,285,98929,185,99086,185,98645,185,99103,285,98640,185,99158,185,98173,185,99169,185,97979,100,99193,100,,,99199,100,,,99211,100,,,99991,100,,
2019-06-28 10:03:34.466298879,99061,200,98978,185,99062,285,98929,185,99086,185,98645,185,99103,285,98640,185,99158,185,98173,185,99169,185,97979,100,99193,100,,,99199,100,,,99211,100,,,99991,100,,
2019-06-28 10:03:40.000000000,99061,344,98978,244,99062,340,98929,240,99086,240,98645,240,99103,200,98640,100,99158,100,98173,100,99169,100,97979,100,99193,100,,,99199,100,,,99211,100,,,99991,100,,
2019-06-28 10:03:50.000000000,99061,285,98978,185,99062,285,98929,185,99086,185,98645,185,99103,285,98640,185,99158,185,98173,185,99169,100,97979,100,99193,100,,,99199,100,,,99211,100,,,99991,100,,
2019-06-28 10:03:50.543871179,99061,285,98978,85,99062,285,98929,185,99086,185,98645,185,99103,285,98640,185,99158,185,98173,185,99169,100,97979,100,99193,100,,,99199,100,,,99211,100,,,99991,100,,
2019-06-28 10:03:55.319505681,99061,285,98978,85,99062,285,98929,85,99086,185,98645,185,99103,285,98640,185,99158,185,98173,185,99169,100,98145,100,99193,100,97979,100,99199,100,,,99211,100,,,99991,100,,
2019-06-28 10:04:00.000000000,99061,285,98645,185,99062,285,98640,185,99086,185,98173,185,99103,285,98145,185,99158,185,97979,185,99169,100,,,99193,100,,,99199,100,,,99211,100,,,99991,100,,
2019-06-28 10:04:10.000000000,99061,306,98645,206,99062,306,98640,206,99086,206,98173,206,99103,306,98145,206,99158,100,97979,100,99169,100,,,99193,100,,,99199,100,,,99211,100,,,99991,100,,
2019-06-28 10:04:14.274743586,98987,100,98645,206,99061,306,98640,206,99062,306,98173,206,99086,206,98145,206,99103,206,97979,100,99158,100,,,99169,100,,,99193,100,,,99199,100,,,99211,100,,
2019-06-28 10:04:20.000000000,98987,524,98645,524,99061,200,98640,100,99062,200,98173,100,99086,100,98145,100,99103,100,97979,100,99158,100,,,99169,100,,,99193,100,,,99199,100,,,99211,100,,
2019-06-28 10:04:28.353178951,98987,524,98710,100,99061,200,98645,524,99062,200,98640,100,99086,100,98173,100,99103,100,98145,100,99158,100,97979,100,99169,100,,,99193,100,,,99199,100,,,99211,100,,
2019-06-28 10:04:30.000000000,98987,206,98710,206,99061,306,98645,206,99062,306,98640,206,99086,206,98173,206,99103,100,98145,100,99158,100,97979,100,99169,100,,,99193,100,,,99199,100,,,99211,100,,
2019-06-28 10:04:40.000000000,98987,524,98710,524,99061,200,98645,100,99062,200,98640,100,99086,100,98173,100,99103,100,98145,100,99158,100,97979,100,99169,100,,,99193,100,,,99199,100,,,99211,100,,
2019-06-28 10:04:49.535839060,98752,100,98710,524,98987,524,98645,100,99061,200,98640,100,99062,200,98173,100,99086,100,98145,100,99103,100,97979,100,99158,100,,,99169,100,,,99193,100,,,99199,100,,
2019-06-28 10:04:50.000000000,98752,312,98710,312,98987,312,98645,312,99061,200,98640,100,99062,200,98173,100,99086,100,98145,100,99103,100,97979,100,99158,100,,,99169,100,,,99193,100,,,99199,100,,
2019-06-28 10:05:00.000000000,98752,244,98710,244,98987,240,98645,240,99061,340,98640,240,99062,200,98173,100,99086,100,98145,100,99103,100,97979,100,99158,100,,,99169,100,,,99193,100,,,99199,100,,
2019-06-28 10:05:10.000000000,98752,206,98710,206,98987,206,98645,206,99061,306,98640,206,99062,306,98173,206,99086,100,98145,100,99103,100,97979,100,99158,100,,,99169,100,,,99193,100,,,99199,100,,
2019-06-28 10:05:20.000000000,98752,244,98710,244,98987,240,98645,240,99061,340,98640,240,99062,200,98173,100,99086,100,98145,100,99103,100,97979,100,99158,100,,,99169,100,,,99193,100,,,99199,100,,
2019-06-28 10:05:26.340220492,98752,244,98710,244,98960,100,98645,240,98987,240,98640,240,99061,340,98173,100,99062,200,98145,100,99086,100,97979,100,99103,100,,,99158,100,,,99169,100,,,99193,100,,
2019-06-28 10:05:30.000000000,98752,312,98710,312,98960,312,98645,312,98987,100,98640,100,99061,200,98173,100,99062,200,98145,100,99086,100,97979,100,99103,100,,,99158,100,,,99169,100,,,99193,100,,
2019-06-28 10:05:40.000000000,98752,206,98710,206,98960,206,98645,206,98987,206,98640,206,99061,306,98173,206,99062,200,98145,100,99086,100,97979,100,99103,100,,,99158,100,,,99169,100,,,99193,100,,
2019-06-28 10:05:50.000000000,98752,312,98710,312,98960,312,98645,312,98987,100,98640,100,99061,200,98173,100,99062,200,98145,100,99086,100,97979,100,99103,100,,,99158,100,,,99169,100,,,99193,100,,
2019-06-28 10:06:00.000000000,98752,312,98710,312,98960,312,98645,312,98987,100,98640,100,99061,200,98173,100,99062,200,98145,100,99086,100,97979,100,99103,100,,,99158,100,,,99169,100,,,99193,100,,
2019-06-28 10:06:04.026909513,98752,212,98710,312,98960,312,98645,312,98987,100,98173,100,99061,200,98145,100,99062,200,97979,100,99086,100,,,99103,100,,,99158,100,,,99169,100,,,99193,100,,
2019-06-28 10:06:08.503565292,98752,212,98710,312,98838,100,98645,312,98960,312,98173,100,98987,100,98145,100,99061,200,97979,100,99062,200,,,99086,100,,,99103,100,,,99158,100,,,99169,100,,
2019-06-28 10:06:10.000000000,98838,312,98710,312,98960,312,98645,312,98987,100,98173,100,99061,200,98145,100,99062,200,97979,100,99086,100,,,99103,100,,,99158,100,,,99169,100,,,99193,100,,
2019-06-28 10:06:13.732827120,98838,312,98797,100,98960,312,98710,312,98987,100,98645,312,99061,200,98173,100,99062,200,98145,100,99086,100,97979,100,99103,100,,,99158,100,,,99169,100,,,99193,100,,
2019-06-28 10:06:20.000000000,98838,312,98797,312,98960,312,98710,312,98987,100,98645,100,99061,200,98173,100,99062,200,98145,100,99086,100,97979,100,99103,100,,,99158,100,,,99169,100,,,99193,100,,
2019-06-28 10:06:30.000000000,98838,312,98797,312,98960,312,98710,312,98987,100,98645,100,99061,200,98173,100,99062,200,98145,100,99086,100,97979,100,99103,100,,,99158,100,,,99169,100,,,99193,100,,
2019-06-28 10:06:35.007800682,98838,212,98797,312,98960,312,98710,312,98987,100,98645,100,99061,200,98173,100,99062,200,98145,100,99086,100,97979,100,99103,100,,,99158,100,,,99193,100,,,99199,100,,
2019-06-28 10:06:40.000000000,98960,524,98797,524,98987,100,98710,100,99061,200,98645,100,99062,200,98173,100,99086,100,98145,100,99103,100,97979,100,99158,100,,,99193,100,,,99199,100,,,99211,100,,
2019-06-28 10:06:50.000000000,98960,244,98797,244,98987,240,98710,240,99061,340,98645,240,99062,200,98173,100,99086,100,98145,100,99103,100,97979,100,99158,100,,,99193,100,,,99199,100,,,99211,100,,
2019-06-28 10:06:54.413842201,98960,244,98797,144,98987,240,98710,240,99061,340,98645,240,99062,200,98173,100,99086,100,98145,100,99103,100,97979,100,99158,100,,,99193,100,,,99199,100,,,99211,100,,
2019-06-28 10:06:55.955100357,98960,244,98797,144,98987,240,98710,240,99061,340,98645,240,99062,200,98514,100,99086,100,98173,100,99103,100,98145,100,99158,100,97979,100,99193,100,,,99199,100,,,99211,100,,
2019-06-28 10:06:58.213840812,98960,244,98797,144,98987,240,98710,240,99061,340,98694,100,99062,200,98645,240,99086,100,98514,100,99103,100,98173,100,99158,100,98145,100,99193,100,97979,100,99199,100,,,99211,100,,
2019-06-28 10:07:00.000000000,98960,524,98710,524,98987,100,98694,100,99061,200,98645,100,99062,200,98514,100,99086,100,98173,100,99103,100,98145,100,99158,100,97979,100,99193,100,,,99199,100,,,99211,100,,
2019-06-28 10:07:05.528132964,98805,100,98710,524,98960,524,98694,100,98987,100,98645,100,99061,200,98514,100,99062,200,98173,100,99086,100,98145,100,99103,100,97979,100,99158,100,,,99193,100,,,99199,100,,
2019-06-28 10:07:10.000000000,98805,206,98710,206,98960,206,98694,206,98987,206,98645,206,99061,306,98514,206,99062,200,98173,100,99086,100,98145,100,99103,100,97979,100,99158,100,,,99193,100,,,99199,100,,
2019-06-28 10:07:13.915536854,98805,206,98710,206,98960,206,98694,206,98987,206,98645,206,99061,206,98514,206,99062,200,98173,100,99086,100,98145,100,99103,100,97979,100,99158,100,,,99193,100,,,99199,100,,
2019-06-28 10:07:20.000000000,98805,524,98710,524,98960,100,98694,100,98987,100,98645,100,99061,100,98514,100,99062,200,98173,100,99086,100,98145,100,99103,100,97979,100,99158,100,,,99193,100,,,99199,100,,
2019-06-28 10:07:30.000000000,98805,244,98710,244,98960,240,98694,240,98987,240,98645,240,99061,100,98514,100,99062,200,98173,100,99086,100,98145,100,99103,100,97979,100,99158,100,,,99193,100,,,99199,100,,
2019-06-28 10:07:30.537889335,98805,244,98710,244,98960,240,98694,240,98987,240,98645,240,99061,100,98550,100,99062,200,98514,100,99086,100,98173,100,99103,100,98145,100,99158,100,97979,100,99193,100,,,99199,100,,
2019-06-28 10:07:40.000000000,98805,312,98710,312,98960,312,98694,312,98987,100,98645,100,99061,100,98550,100,99062,200,98514,100,99086,100,98173,100,99103,100,98145,100,99158,100,97979,100,99193,100,,,99199,100,,
2019-06-28 10:07:50.000000000,98805,524,98710,524,98960,100,98694,100,98987,100,98645,100,99061,100,98550,100,99062,200,98514,100,99086,100,98173,100,99103,100,98145,100,99158,100,97979,100,99193,100,,,99199,100,,
2019-06-28 10:08:00.000000000,98805,244,98710,244,98960,240,98694,240,98987,240,98645,240,99061,100,98550,100,99062,200,98514,100,99086,100,98173,100,99103,100,98145,100,99158,100,97979,100,99193,100,,,99199,100,,
2019-06-28 10:08:10.000000000,98805,312,98710,312,98960,312,98694,312,98987,100,98645,100,99061,100,98550,100,99062,200,98514,100,99086,100,98173,100,99103,100,98145,100,99158,100,97979,100,99193,100,,,99199,100,,
2019-06-28 10:08:20.000000000,98805,244,98710,244,98960,240,98694,240,98987,240,98645,240,99061,100,98550,100,99062,200,98514,100,99086,100,98173,100,99103,100,98145,100,99158,100,97979,100,99193,100,,,99199,100,,
2019-06-28 10:08:24.557565214,98805,244,98710,244,98960,240,98694,240,98987,240,98645,240,99061,100,98550,100,99062,200,98514,100,99086,100,98173,100,99103,100,98145,100,99136,100,97979,100,99158,100,,,99193,100,,
2019-06-28 10:08:30.000000000,98805,524,98710,524,98960,100,98694,100,98987,100,98645,100,99061,100,98550,100,99062,200,98514,100,99086,100,98173,100,99103,100,98145,100,99136,100,97979,100,99158,100,,,99193,100,,
2019-06-28 10:08:40.000000000,98805,244,98710,244,98960,240,98694,240,98987,240,98645,240,99061,100,98550,100,99062,200,98514,100,99086,100,98173,100,99103,100,98145,100,99136,100,97979,100,99158,100,,,99193,100,,
2019-06-28 10:08:50.000000000,98805,312,98710,312,98960,312,98694,312,98987,100,98645,100,99061,100,98550,100,99062,200,98514,100,99086,100,98173,100,99103,100,98145,100,99136,100,97979,100,99158,100,,,99193,100,,
2019-06-28 10:08:54.463692436,98805,312,98710,312,98960,312,98694,312,98987,100,98645,100,99050,100,98550,100,99061,100,98514,100,99062,200,98173,100,99086,100,98145,100,99103,100,97979,100,99136,100,,,99158,100,,
2019-06-28 10:09:00.000000000,98805,312,98710,312,98960,312,98694,312,98987,100,98645,100,99050,100,98550,100,99061,100,98514,100,99062,200,98173,100,99086,100,98145,100,99103,100,97979,100,99136,100,,,99158,100,,
2019-06-28 10:09:01.429202393,98805,312,98710,212,98960,312,98694,312,98987,100,98645,100,99050,100,98550,100,99061,100,98514,100,99062,200,98173,100,99086,100,98145,100,99103,100,97979,100,99136,100,,,99158,100,,
2019-06-28 10:09:10.000000000,98805,185,98694,185,98960,185,98645,185,98987,185,98550,185,99050,185,98514,185,99061,185,98173,185,99062,200,98145,100,99086,100,97979,100,99103,100,,,99136,100,,,99158,100,,
2019-06-28 10:09:20.000000000,98805,185,98694,185,98960,185,98645,185,98987,185,98550,185,99050,185,98514,185,99061,185,98173,185,99062,200,98145,100,99086,100,97979,100,99103,100,,,99136,100,,,99158,100,,
2019-06-28 10:09:22.215896835,98797,100,98694,185,98805,185,98645,185,98960,185,98550,185,98987,185,98514,185,99050,185,98173,185,99061,185,98145,100,99062,200,97979,100,99086,100,,,99103,100,,,99136,100,,
2019-06-28 10:09:24.027800065,98797,100,98694,185,98805,185,98683,100,98960,185,98645,185,98987,185,98550,185,99050,185,98514,185,99061,185,98173,185,99062,200,98145,100,99086,100,97979,100,99103,100,,,99136,100,,
2019-06-28 10:09:30.000000000,98797,524,98694,524,98805,100,98683,100,98960,100,98645,100,98987,100,98550,100,99050,100,98514,100,99061,100,98173,100,99062,200,98145,100,99086,100,97979,100,99103,100,,,99136,100,,
2019-06-28 10:09:31.608944514,98797,624,98694,524,98805,100,98683,100,98960,100,98645,100,98987,100,98550,100,99050,100,98514,100,99061,100,98173,100,99062,200,98145,100,99086,100,97979,100,99103,100,,,99136,100,,
2019-06-28 10:09:37.482928288,98797,624,98722,100,98805,100,98694,524,98960,100,98683,100,98987,100,98645,100,99050,100,98550,100,99061,100,98514,100,99062,200,98173,100,99086,100,98145,100,99103,100,97979,100,99136,100,,
2019-06-28 10:09:40.000000000,98797,412,98722,312,98805,312,98694,312,98960,100,98683,100,98987,100,98645,100,99050,100,98550,100,99061,100,98514,100,99062,200,98173,100,99086,100,98145,100,99103,100,97979,100,99136,100,,
2019-06-28 10:09:42.886520998,98797,312,98722,312,98805,312,98694,312,98960,100,98683,100,98987,100,98645,100,99050,100,98550,100,99061,100,98514,100,99062,200,98173,100,99086,100,98145,100,99103,100,97979,100,99136,100,,
2019-06-28 10:09:50.000000000,98797,312,98722,312,98805,312,98694,312,98960,100,98683,100,98987,100,98645,100,99050,100,98550,100,99061,100,98514,100,99062,200,98173,100,99086,100,98145,100,99103,100,97979,100,99136,100,,
2019-06-28 10:09:54.608716650,98797,312,98722,312,98805,312,98694,312,98908,100,98683,100,98960,100,98645,100,98987,100,98550,100,99050,100,98514,100,99061,100,98173,100,99062,200,98145,100,99086,100,97979,100,99103,100,,
2019-06-28 10:10:00.000000000,98797,524,98722,524,98805,100,98694,100,98908,100,98683,100,98960,100,98645,100,98987,100,98550,100,99050,100,98514,100,99061,100,98173,100,99062,200,98145,100,99086,100,97979,100,99103,100,,
