,ask_price_1,ask_size_1,bid_price_1,bid_size_1,ask_price_2,ask_size_2,bid_price_2,bid_size_2,ask_price_3,ask_size_3,bid_price_3,bid_size_3,ask_price_4,ask_size_4,bid_price_4,bid_size_4,ask_price_5,ask_size_5,bid_price_5,bid_size_5,ask_price_6,ask_size_6,bid_price_6,bid_size_6,ask_price_7,ask_size_7,bid_price_7,bid_size_7,ask_price_8,ask_size_8,bid_price_8,bid_size_8,ask_price_9,ask_size_9,bid_price_9,bid_size_9,ask_price_10,ask_size_10,bid_price_10,bid_size_10
2019-06-28 09:30:00.000000001,,,99806,100,,,,,,,,,,,,,,,,,,,,,,,,,,,,,,,,,,,,
2019-06-28 09:30:00.000000002,,,99834,100,,,99806,100,,,,,,,,,,,,,,,,,,,,,,,,,,,,,,,,
2019-06-28 09:30:00.000000004,,,99917,100,,,99834,100,,,99806,100,,,,,,,,,,,,,,,,,,,,,,,,,,,,
2019-06-28 09:30:00.000000007,100011,100,99936,100,,,99917,100,,,99834,100,,,99806,100,,,,,,,,,,,,,,,,,,,,,,,,
2019-06-28 09:30:00.000000010,99987,100,99936,100,100011,100,99929,100,100033,100,99917,100,,,99834,100,,,99806,100,,,,,,,,,,,,,,,,,,,,
2019-06-28 09:30:00.000000011,99987,100,99936,100,100011,100,99929,100,100022,100,99917,100,100033,100,99834,100,,,99806,100,,,,,,,,,,,,,,,,,,,,
2019-06-28 09:30:00.000000012,99987,100,99965,100,100011,100,99936,100,100022,100,99929,100,100030,100,99917,100,100033,100,99834,100,100104,100,99806,100,,,,,,,,,,,,,,,,
2019-06-28 09:30:00.000000013,99987,100,99965,100,100011,100,99950,100,100022,100,99936,100,100030,100,99929,100,100033,100,99917,100,100104,100,99834,100,,,99806,100,,,,,,,,,,,,
2019-06-28 09:30:00.000000014,99987,100,99965,100,100011,100,99950,100,100022,100,99936,100,100030,100,99929,100,100033,100,99917,100,100053,100,99834,100,100104,100,99806,100,,,,,,,,,,,,
2019-06-28 09:30:00.000000018,99987,100,99966,100,100011,100,99965,100,100015,100,99950,100,100022,100,99936,100,100030,100,99929,100,100033,100,99917,100,100053,100,99834,100,100104,100,99806,100,,,,,,,,
2019-06-28 09:30:00.000000022,99987,100,99966,100,100011,100,99965,100,100015,100,99950,100,100022,100,99936,100,100030,100,99929,100,100033,100,99917,100,100053,100,99902,100,100104,100,99834,100,,,99806,100,,,,
2019-06-28 09:30:00.000000023,99987,100,99966,100,100011,100,99965,100,100015,100,99950,100,100022,100,99936,100,100030,100,99929,100,100033,100,99917,100,100053,100,99908,100,100054,100,99902,100,100104,100,99896,100,,,99834,100
2019-06-28 09:30:00.000000025,99987,100,99966,100,100011,100,99965,100,100015,100,99950,100,100022,100,99936,100,100030,100,99929,100,100033,100,99917,100,100053,100,99908,100,100054,100,99902,100,100104,100,99896,100,100143,100,99834,100
2019-06-28 09:30:00.000000027,100011,100,99966,100,100015,100,99965,100,100022,100,99950,100,100030,100,99936,100,100033,100,99929,100,100053,100,99917,100,100054,100,99908,100,100104,100,99902,100,100143,100,99896,100,,,99834,100
2019-06-28 09:30:00.000000028,100011,100,99966,100,100015,100,99965,100,100022,100,99950,100,100030,100,99936,100,100033,100,99929,100,100053,100,99917,100,100054,100,99908,100,100101,100,99902,100,100104,100,99896,100,100143,100,99834,100
2019-06-28 09:30:00.000000032,100011,100,99966,100,100015,100,99965,100,100022,100,99950,100,100030,100,99936,100,100033,100,99929,100,100053,100,99917,100,100054,100,99908,100,100074,100,99902,100,100101,100,99896,100,100104,100,99834,100
2019-06-28 09:30:00.000000036,100011,100,99966,100,100015,100,99965,100,100022,100,99964,100,100030,100,99950,100,100033,100,99936,100,100053,100,99929,100,100054,100,99917,100,100074,100,99908,100,100101,100,99902,100,100104,100,99896,100
2019-06-28 09:30:00.000000037,100011,100,100010,100,100015,100,99986,100,100022,100,99966,100,100030,100,99965,100,100033,100,99964,100,100053,100,99950,100,100054,100,99936,100,100074,100,99929,100,100101,100,99917,100,100104,100,99908,100
2019-06-28 09:30:00.000000038,100011,100,100010,100,100015,100,99986,100,100022,100,99966,100,100030,100,99965,100,100033,100,99964,100,100053,100,99950,100,100054,100,99936,100,100074,100,99929,100,100087,100,99918,100,100101,100,99917,100
2019-06-28 09:30:00.000000039,100011,100,100010,100,100015,100,99986,100,100022,100,99966,100,100030,100,99965,100,100033,100,99964,100,100034,100,99950,100,100053,100,99936,100,100054,100,99929,100,100074,100,99918,100,100087,100,99917,100
2019-06-28 09:30:00.000000040,100011,100,100010,100,100015,100,99986,100,100022,100,99966,100,100030,100,99965,100,100033,100,99964,100,100034,100,99950,100,100053,100,99936,100,100054,100,99929,100,100074,100,99918,100,100087,100,99917,100
2019-06-28 09:30:00.000000041,100011,100,99986,100,100015,100,99966,100,100022,100,99965,100,100030,100,99964,100,100033,100,99950,100,100034,100,99936,100,100053,100,99929,100,100054,100,99918,100,100074,100,99917,100,100087,100,99908,100
2019-06-28 09:30:00.000000042,100011,100,99987,100,100015,100,99986,100,100022,100,99966,100,100030,100,99965,100,100033,100,99964,100,100034,100,99950,100,100053,100,99936,100,100054,100,99929,100,100074,100,99918,100,100087,100,99917,100
2019-06-28 09:30:00.000000045,100011,100,99987,100,100015,100,99986,100,100022,100,99966,100,100030,100,99965,100,100033,100,99964,100,100034,100,99950,100,100053,100,99942,100,100054,100,99936,100,100074,100,99929,100,100087,100,99918,100
2019-06-28 09:30:00.000000046,100011,100,99987,100,100015,100,99986,100,100022,100,99966,100,100030,100,99965,100,100033,100,99964,100,100034,100,99950,100,100037,100,99942,100,100053,100,99936,100,100054,100,99929,100,100074,100,99918,100
2019-06-28 09:30:00.000000047,100010,100,99987,100,100011,100,99986,100,100015,100,99966,100,100022,100,99965,100,100030,100,99964,100,100033,100,99950,100,100034,100,99942,100,100037,100,99936,100,100053,100,99929,100,100054,100,99918,100
2019-06-28 09:30:00.000000051,100010,200,99987,100,100011,100,99986,100,100015,100,99966,100,100022,100,99965,100,100030,100,99964,100,100033,100,99950,100,100034,100,99942,100,100037,100,99936,100,100053,100,99929,100,100054,100,99918,100
2019-06-28 09:30:00.000000054,100010,200,99987,100,100011,100,99986,100,100015,100,99966,100,100022,100,99965,100,100030,100,99964,100,100033,100,99950,100,100034,100,99942,100,100037,100,99936,100,100053,100,99929,100,100054,100,99918,100
2019-06-28 09:30:00.000000056,100010,200,99987,100,100011,100,99986,100,100015,100,99966,100,100022,100,99965,100,100030,100,99964,100,100033,100,99950,100,100034,100,99942,100,100037,100,99936,100,100053,100,99929,100,100054,100,99918,100
2019-06-28 09:30:00.000000057,100010,100,99987,100,100011,100,99986,100,100015,100,99966,100,100022,100,99965,100,100023,100,99964,100,100030,100,99950,100,100033,100,99942,100,100034,100,99936,100,100037,100,99929,100,100053,100,99918,100
2019-06-28 09:30:00.000000058,100011,100,99987,100,100015,100,99986,100,100022,100,99966,100,100023,100,99965,100,100030,100,99964,100,100033,100,99950,100,100034,100,99942,100,100037,100,99936,100,100053,100,99929,100,100054,100,99918,100
2019-06-28 09:30:00.000000062,100011,100,99987,100,100015,100,99986,100,100022,100,99966,100,100023,100,99965,100,100030,100,99964,100,100033,100,99950,100,100034,100,99942,100,100037,100,99936,100,100053,100,99929,100,100054,100,99918,100
2019-06-28 09:30:00.000000063,100011,100,99987,100,100015,100,99986,100,100022,100,99966,100,100023,100,99965,100,100030,100,99964,100,100033,100,99950,100,100034,100,99942,100,100037,100,99936,100,100053,100,99929,100,100054,100,99918,100
2019-06-28 09:30:00.000000068,100011,100,99987,100,100015,100,99986,100,100022,100,99966,100,100023,100,99965,100,100030,100,99964,100,100033,100,99958,100,100034,100,99950,100,100037,100,99942,100,100053,100,99936,100,100054,100,99929,100
2019-06-28 09:30:00.000000071,100015,100,99987,100,100022,100,99986,100,100023,100,99966,100,100030,100,99965,100,100033,100,99964,100,100034,100,99958,100,100037,100,99950,100,100053,100,99942,100,100054,100,99936,100,100071,100,99929,100
2019-06-28 09:30:00.000000074,100022,100,99987,100,100023,100,99986,100,100030,100,99966,100,100033,100,99965,100,100034,100,99964,100,100037,100,99958,100,100053,100,99950,100,100054,100,99942,100,100071,100,99936,100,100074,100,99929,100
2019-06-28 09:30:00.000000076,100022,100,99986,100,100023,100,99966,100,100030,100,99965,100,100033,100,99964,100,100034,100,99958,100,100037,100,99950,100,100053,100,99942,100,100054,100,99936,100,100071,100,99929,100,100074,100,99918,100
2019-06-28 09:30:00.000000077,100022,100,99986,100,100023,100,99966,100,100030,100,99965,100,100033,100,99964,100,100034,100,99958,100,100037,100,99950,100,100053,100,99942,100,100054,100,99936,100,100071,100,99929,100,100074,100,99918,100
2019-06-28 09:30:00.000000078,100022,100,99986,100,100023,100,99966,100,100030,100,99965,100,100033,100,99964,100,100034,100,99958,100,100037,100,99950,100,100053,100,99942,100,100054,100,99936,100,100071,100,99929,100,100074,100,99918,100
2019-06-28 09:30:00.000000079,100022,100,99986,100,100023,100,99966,100,100030,100,99965,100,100033,100,99964,100,100034,100,99958,100,100037,100,99950,100,100053,100,99942,100,100054,100,99936,100,100071,100,99929,100,100074,100,99918,100
2019-06-28 09:30:00.000000081,100022,100,99987,100,100023,100,99986,100,100030,100,99966,100,100033,100,99965,100,100034,100,99964,100,100037,100,99958,100,100053,100,99950,100,100054,100,99942,100,100071,100,99936,100,100074,100,99929,100
2019-06-28 09:30:00.000000086,100022,100,99987,100,100023,100,99986,100,100030,100,99966,100,100033,100,99965,100,100034,100,99964,100,100037,100,99958,100,100053,100,99954,100,100054,100,99950,100,100071,100,99942,100,100074,100,99936,100
2019-06-28 09:30:00.000000087,100022,100,99987,100,100023,100,99986,100,100030,100,99966,100,100033,100,99965,100,100034,100,99964,100,100037,100,99958,100,100053,100,99954,100,100054,100,99950,100,100071,100,99942,100,100074,100,99936,100
2019-06-28 09:30:00.000000088,100022,100,99987,100,100023,100,99986,100,100030,100,99966,100,100033,100,99965,100,100034,100,99964,100,100037,100,99962,100,100053,100,99958,100,100054,100,99954,100,100071,100,99950,100,100074,100,99942,100
2019-06-28 09:30:00.000000091,100022,100,99986,100,100023,100,99966,100,100030,100,99965,100,100033,100,99964,100,100034,100,99962,100,100037,100,99958,100,100053,100,99954,100,100054,100,99950,100,100071,100,99942,100,100074,100,99936,100
2019-06-28 09:30:00.000000095,100022,100,99987,100,100023,100,99986,100,100030,100,99966,100,100033,100,99965,100,100034,100,99964,100,100037,100,99962,100,100053,100,99958,100,100054,100,99954,100,100071,100,99950,100,100074,100,99942,100
2019-06-28 09:30:00.000000096,100022,100,99987,200,100023,100,99986,100,100030,100,99966,100,100033,100,99965,100,100034,100,99964,100,100037,100,99962,100,100053,100,99958,100,100054,100,99954,100,100071,100,99950,100,100074,100,99942,100
2019-06-28 09:30:00.000000097,100022,100,100012,100,100023,100,99987,200,100030,100,99986,100,100033,100,99966,100,100034,100,99965,100,100037,100,99964,100,100053,100,99962,100,100054,100,99958,100,100071,100,99954,100,100074,100,99950,100
2019-06-28 09:30:00.000000098,100022,100,100012,100,100023,100,99987,200,100030,100,99986,100,100033,100,99966,100,100034,100,99965,100,100037,100,99964,100,100053,100,99962,100,100054,100,99958,100,100071,100,99954,100,100074,100,99950,100
2019-06-28 09:30:00.000000099,100022,100,99987,200,100023,100,99986,100,100030,100,99966,100,100033,100,99965,100,100034,100,99964,100,100037,100,99962,100,100053,100,99958,100,100054,100,99954,100,100071,100,99950,100,100074,100,99942,100
2019-06-28 09:30:00.283333420,100022,100,99987,200,100023,100,99986,100,100030,100,99966,100,100033,100,99965,100,100034,100,99964,100,100037,100,99962,100,100053,100,99958,200,100054,100,99954,100,100071,100,99950,100,100074,100,99942,100
2019-06-28 09:30:01.163583463,100022,100,99987,200,100023,100,99986,100,100030,100,99966,100,100033,100,99965,100,100034,100,99964,100,100037,100,99962,100,100053,100,99958,200,100054,100,99954,100,100071,100,99950,100,100074,100,99942,100
2019-06-28 09:30:10.000000000,100022,242,99987,342,100023,242,99986,242,100030,100,99966,100,100033,100,99965,100,100034,100,99964,100,100037,100,99962,100,100053,100,99958,200,100054,100,99954,100,100071,100,99950,100,100074,100,99942,100
2019-06-28 09:30:20.000000000,100022,197,99987,297,100023,194,99986,194,100030,194,99966,194,100033,100,99965,100,100034,100,99964,100,100037,100,99962,100,100053,100,99958,200,100054,100,99954,100,100071,100,99950,100,100074,100,99942,100
2019-06-28 09:30:30.000000000,100022,197,99987,297,100023,194,99986,194,100030,194,99966,194,100033,100,99965,100,100034,100,99964,100,100037,100,99962,100,100053,100,99958,200,100054,100,99954,100,100071,100,99950,100,100074,100,99942,100
2019-06-28 09:30:40.000000000,100022,384,99987,484,100023,100,99986,100,100030,100,99966,100,100033,100,99965,100,100034,100,99964,100,100037,100,99962,100,100053,100,99958,200,100054,100,99954,100,100071,100,99950,100,100074,100,99942,100
2019-06-28 09:30:41.587077563,100022,384,99988,100,100023,100,99987,484,100030,100,99986,100,100033,100,99966,100,100034,100,99965,100,100037,100,99964,100,100053,100,99962,100,100071,100,99958,200,100074,100,99954,100,100087,100,99950,100
2019-06-28 09:30:43.188944004,100022,384,99988,100,100023,100,99987,484,100030,100,99986,100,100034,100,99966,100,100037,100,99965,100,100053,100,99964,100,100071,100,99962,100,100074,100,99958,200,100087,100,99954,100,100092,100,99950,100
2019-06-28 09:30:49.761163805,100022,384,99988,100,100023,100,99987,484,100030,100,99986,100,100034,100,99966,100,100037,100,99965,100,100071,100,99964,100,100074,100,99962,100,100087,100,99958,200,100092,100,99954,100,100093,100,99950,100
2019-06-28 09:30:50.000000000,100022,197,99988,197,100023,194,99987,294,100030,194,99986,194,100034,100,99966,100,100037,100,99965,100,100071,100,99964,100,100074,100,99962,100,100087,100,99958,200,100092,100,99954,100,100093,100,99950,100
2019-06-28 09:31:00.000000000,100022,384,99988,384,100023,100,99987,200,100030,100,99986,100,100034,100,99966,100,100037,100,99965,100,100071,100,99964,100,100074,100,99962,100,100087,100,99958,200,100092,100,99954,100,100093,100,99950,100
2019-06-28 09:31:10.000000000,100022,157,99988,157,100023,157,99987,257,100030,157,99986,157,100034,157,99966,157,100037,157,99965,157,100071,100,99964,100,100074,100,99962,100,100087,100,99958,200,100092,100,99954,100,100093,100,99950,100
2019-06-28 09:31:20.000000000,100022,384,99988,384,100023,100,99987,200,100030,100,99986,100,100034,100,99966,100,100037,100,99965,100,100071,100,99964,100,100074,100,99962,100,100087,100,99958,200,100092,100,99954,100,100093,100,99950,100
2019-06-28 09:31:24.948761005,100022,384,99988,284,100023,100,99987,200,100030,100,99986,100,100034,100,99966,100,100037,100,99965,100,100071,100,99964,100,100074,100,99962,100,100087,100,99958,200,100092,100,99950,100,100093,100,99942,100
2019-06-28 09:31:30.000000000,100022,171,99987,271,100023,171,99986,171,100030,171,99966,171,100034,171,99965,171,100037,100,99964,100,100071,100,99962,100,100074,100,99958,200,100087,100,99950,100,100092,100,99942,100,100093,100,99936,100
2019-06-28 09:31:40.000000000,100022,242,99987,342,100023,242,99986,242,100030,100,99966,100,100034,100,99965,100,100037,100,99964,100,100071,100,99962,100,100074,100,99958,200,100087,100,99950,100,100092,100,99942,100,100093,100,99936,100
2019-06-28 09:31:40.799923687,100022,242,99987,242,100023,242,99986,242,100030,100,99966,100,100034,100,99965,100,100037,100,99964,100,100071,100,99962,100,100074,100,99958,100,100087,100,99950,100,100092,100,99942,100,100093,100,99936,100
2019-06-28 09:31:49.001183722,100022,242,99989,100,100023,242,99987,242,100030,100,99986,242,100034,100,99966,100,100037,100,99965,100,100071,100,99964,100,100074,100,99962,100,100087,100,99958,100,100092,100,99950,100,100093,100,99942,100
2019-06-28 09:31:50.000000000,100022,171,99989,171,100023,171,99987,171,100030,171,99986,171,100034,171,99966,171,100037,100,99965,100,100071,100,99964,100,100074,100,99962,100,100087,100,99958,100,100092,100,99950,100,100093,100,99942,100
2019-06-28 09:31:50.556088358,100022,171,99989,71,100023,171,99987,171,100030,171,99986,171,100034,171,99966,171,100037,100,99965,100,100071,100,99964,100,100074,100,99962,100,100087,100,99958,100,100092,100,99950,100,100093,100,99942,100
2019-06-28 09:31:52.012351959,99989,29,99987,171,100022,171,99986,171,100023,171,99966,171,100030,171,99965,100,100034,171,99964,100,100037,100,99962,100,100071,100,99958,100,100074,100,99950,100,100087,100,99942,100,100092,100,99936,100
2019-06-28 09:32:00.000000000,99989,100,99987,171,100022,171,99986,171,100023,171,99966,171,100030,171,99965,171,100034,100,99964,100,100037,100,99962,100,100071,100,99958,100,100074,100,99950,100,100087,100,99942,100,100092,100,99936,100
2019-06-28 09:32:08.721771984,99989,100,99987,71,100022,171,99986,171,100023,171,99966,171,100030,171,99965,171,100034,100,99964,100,100037,100,99962,100,100071,100,99958,100,100074,100,99950,100,100087,100,99942,100,100092,100,99936,100
2019-06-28 09:32:10.000000000,99989,86,99986,157,100022,157,99966,157,100023,157,99965,157,100030,157,99964,157,100034,157,99962,157,100037,100,99958,100,100071,100,99950,100,100074,100,99942,100,100087,100,99936,100,100092,100,99924,100
2019-06-28 09:32:20.000000000,99989,171,99986,242,100022,242,99966,242,100023,100,99965,100,100030,100,99964,100,100034,100,99962,100,100037,100,99958,100,100071,100,99950,100,100074,100,99942,100,100087,100,99936,100,100092,100,99924,100
2019-06-28 09:32:30.000000000,99989,100,99986,171,100022,171,99966,171,100023,171,99965,171,100030,171,99964,171,100034,100,99962,100,100037,100,99958,100,100071,100,99950,100,100074,100,99942,100,100087,100,99936,100,100092,100,99924,100
2019-06-28 09:32:40.000000000,99989,86,99986,157,100022,157,99966,157,100023,157,99965,157,100030,157,99964,157,100034,157,99962,157,100037,100,99958,100,100071,100,99950,100,100074,100,99942,100,100087,100,99936,100,100092,100,99924,100
2019-06-28 09:32:50.000000000,99989,313,99986,384,100022,100,99966,100,100023,100,99965,100,100030,100,99964,100,100034,100,99962,100,100037,100,99958,100,100071,100,99950,100,100074,100,99942,100,100087,100,99936,100,100092,100,99924,100
2019-06-28 09:33:00.000000000,99989,313,99986,384,100022,100,99966,100,100023,100,99965,100,100030,100,99964,100,100034,100,99962,100,100037,100,99958,100,100071,100,99950,100,100074,100,99942,100,100087,100,99936,100,100092,100,99924,100
2019-06-28 09:33:08.900207396,99989,284,99986,384,100022,100,99966,100,100023,100,99965,100,100030,100,99964,100,100034,100,99962,100,100037,100,99958,100,100071,100,99950,100,100074,100,99942,100,100087,100,99936,100,100092,100,99924,100
2019-06-28 09:33:10.000000000,100022,384,99986,384,100023,100,99966,100,100030,100,99965,100,100034,100,99964,100,100037,100,99962,100,100071,100,99958,100,100074,100,99950,100,100087,100,99942,100,100092,100,99936,100,100093,100,99924,100
2019-06-28 09:33:20.000000000,100022,242,99986,242,100023,242,99966,242,100030,100,99965,100,100034,100,99964,100,100037,100,99962,100,100071,100,99958,100,100074,100,99950,100,100087,100,99942,100,100092,100,99936,100,100093,100,99924,100
2019-06-28 09:33:30.000000000,100022,157,99986,157,100023,157,99966,157,100030,157,99965,157,100034,157,99964,157,100037,157,99962,157,100071,100,99958,100,100074,100,99950,100,100087,100,99942,100,100092,100,99936,100,100093,100,99924,100
2019-06-28 09:33:40.000000000,100022,197,99986,197,100023,194,99966,194,100030,194,99965,194,100034,100,99964,100,100037,100,99962,100,100071,100,99958,100,100074,100,99950,100,100087,100,99942,100,100092,100,99936,100,100093,100,99924,100
2019-06-28 09:33:47.540075212,100022,197,99986,197,100023,194,99966,194,100030,194,99965,194,100034,100,99964,100,100037,100,99962,100,100071,100,99958,100,100074,100,99950,100,100087,100,99942,100,100092,100,99936,100,100093,100,99924,100
2019-06-28 09:33:49.297017098,100022,197,99986,197,100023,194,99966,194,100030,194,99965,194,100034,100,99964,100,100037,100,99962,100,100071,100,99958,100,100074,100,99950,100,100087,100,99942,100,100092,100,99936,100,100093,100,99929,100
2019-06-28 09:33:50.000000000,100022,242,99986,242,100023,242,99966,242,100030,100,99965,100,100034,100,99964,100,100037,100,99962,100,100071,100,99958,100,100074,100,99950,100,100087,100,99942,100,100092,100,99936,100,100093,100,99929,100
2019-06-28 09:34:00.000000000,100022,384,99986,384,100023,100,99966,100,100030,100,99965,100,100034,100,99964,100,100037,100,99962,100,100071,100,99958,100,100074,100,99950,100,100087,100,99942,100,100092,100,99936,100,100093,100,99929,100
2019-06-28 09:34:10.000000000,100022,242,99986,242,100023,242,99966,242,100030,100,99965,100,100034,100,99964,100,100037,100,99962,100,100071,100,99958,100,100074,100,99950,100,100087,100,99942,100,100092,100,99936,100,100093,100,99929,100
2019-06-28 09:34:14.700238423,99988,100,99986,242,100022,242,99966,242,100023,242,99965,100,100030,100,99964,100,100034,100,99962,100,100037,100,99958,100,100071,100,99950,100,100074,100,99942,100,100087,100,99936,100,100092,100,99929,100
2019-06-28 09:34:20.000000000,99988,157,99986,157,100022,157,99966,157,100023,157,99965,157,100030,157,99964,157,100034,157,99962,157,100037,100,99958,100,100071,100,99950,100,100074,100,99942,100,100087,100,99936,100,100092,100,99929,100
2019-06-28 09:34:30.000000000,99988,197,99986,197,100022,194,99966,194,100023,194,99965,194,100030,100,99964,100,100034,100,99962,100,100037,100,99958,100,100071,100,99950,100,100074,100,99942,100,100087,100,99936,100,100092,100,99929,100
2019-06-28 09:34:40.000000000,99988,384,99986,384,100022,100,99966,100,100023,100,99965,100,100030,100,99964,100,100034,100,99962,100,100037,100,99958,100,100071,100,99950,100,100074,100,99942,100,100087,100,99936,100,100092,100,99929,100
2019-06-28 09:34:50.000000000,99988,242,99986,242,100022,242,99966,242,100023,100,99965,100,100030,100,99964,100,100034,100,99962,100,100037,100,99958,100,100071,100,99950,100,100074,100,99942,100,100087,100,99936,100,100092,100,99929,100
2019-06-28 09:34:53.079327366,99988,242,99986,242,100022,242,99966,242,100023,100,99965,100,100030,100,99964,100,100034,100,99962,100,100037,100,99958,100,100071,100,99950,100,100074,100,99942,100,100087,100,99936,100,100092,100,99929,100
2019-06-28 09:35:00.000000000,99988,171,99986,171,100022,171,99966,171,100023,171,99965,171,100030,171,99964,171,100034,100,99962,100,100037,100,99958,100,100071,100,99950,100,100074,100,99942,100,100087,100,99936,100,100092,100,99929,100
2019-06-28 09:35:10.000000000,99988,384,99986,384,100022,100,99966,100,100023,100,99965,100,100030,100,99964,100,100034,100,99962,100,100037,100,99958,100,100071,100,99950,100,100074,100,99942,100,100087,100,99936,100,100092,100,99929,100
2019-06-28 09:35:16.207570585,99988,384,99986,384,100022,100,99966,100,100023,100,99965,100,100030,100,99964,100,100034,100,99962,100,100037,100,99958,100,100071,100,99950,100,100074,100,99942,100,100087,100,99936,100,100092,100,99929,100
2019-06-28 09:35:20.000000000,99988,384,99986,384,100022,100,99966,100,100023,100,99965,100,100030,100,99964,100,100034,100,99962,100,100037,100,99958,100,100071,100,99950,100,100074,100,99942,100,100087,100,99936,100,100092,100,99929,100
2019-06-28 09:35:25.559150854,99988,284,99986,384,100022,100,99966,100,100023,100,99965,100,100030,100,99964,100,100034,100,99962,100,100037,100,99958,100,100071,100,99950,100,100074,100,99942,100,100087,100,99936,100,100092,100,99929,100
2019-06-28 09:35:30.000000000,100022,171,99986,171,100023,171,99966,171,100030,171,99965,171,100034,171,99964,171,100037,100,99962,100,100071,100,99958,100,100074,100,99950,100,100087,100,99942,100,100092,100,99936,100,100093,100,99929,100
2019-06-28 09:35:30.613485798,100022,171,99986,71,100023,171,99966,171,100030,171,99965,171,100034,171,99964,171,100037,100,99962,100,100074,100,99958,100,100087,100,99950,100,100092,100,99942,100,100093,100,99936,100,100097,100,99929,100
2019-06-28 09:35:40.000000000,100022,242,99966,242,100023,242,99965,242,100030,100,99964,100,100034,100,99962,100,100037,100,99958,100,100074,100,99950,100,100087,100,99942,100,100092,100,99936,100,100093,100,99929,100,100097,100,99924,100
2019-06-28 09:35:50.000000000,100022,242,99966,242,100023,242,99965,242,100030,100,99964,100,100034,100,99962,100,100037,100,99958,100,100074,100,99950,100,100087,100,99942,100,100092,100,99936,100,100093,100,99929,100,100097,100,99924,100
2019-06-28 09:35:57.839283790,99987,100,99966,242,100022,242,99965,242,100023,242,99964,100,100030,100,99962,100,100034,100,99958,100,100037,100,99950,100,100074,100,99942,100,100087,100,99936,100,100092,100,99929,100,100093,100,99924,100
2019-06-28 09:36:00.000000000,99987,171,99966,171,100022,171,99965,171,100023,171,99964,171,100030,171,99962,171,100034,100,99958,100,100037,100,99950,100,100074,100,99942,100,100087,100,99936,100,100092,100,99929,100,100093,100,99924,100
2019-06-28 09:36:04.780235320,99987,171,99966,71,100022,171,99965,171,100023,171,99964,171,100030,171,99962,171,100034,100,99958,100,100037,100,99950,100,100074,100,99942,100,100087,100,99936,100,100092,100,99929,100,100093,100,99924,100
2019-06-28 09:36:05.357890331,99986,100,99966,71,99987,171,99965,171,100022,171,99964,171,100023,171,99962,171,100030,171,99958,100,100034,100,99950,100,100037,100,99942,100,100074,100,99936,100,100087,100,99929,100,100092,100,99924,100
2019-06-28 09:36:10.000000000,99986,384,99965,384,99987,100,99964,100,100022,100,99962,100,100023,100,99958,100,100030,100,99950,100,100034,100,99942,100,100037,100,99936,100,100074,100,99929,100,100087,100,99924,100,100092,100,99918,100
2019-06-28 09:36:20.000000000,99986,157,99965,157,99987,157,99964,157,100022,157,99962,157,100023,157,99958,157,100030,157,99950,157,100034,100,99942,100,100037,100,99936,100,100074,100,99929,100,100087,100,99924,100,100092,100,99918,100
2019-06-28 09:36:28.685475488,99986,157,99965,57,99987,157,99964,157,100022,157,99962,157,100023,57,99958,157,100030,157,99950,157,100034,100,99942,100,100037,100,99936,100,100074,100,99929,100,100087,100,99924,100,100092,100,99918,100
2019-06-28 09:36:30.000000000,99986,157,99964,157,99987,157,99962,157,100022,157,99958,157,100030,157,99950,157,100034,157,99942,157,100037,100,99936,100,100074,100,99929,100,100087,100,99924,100,100092,100,99918,100,100093,100,99917,200
2019-06-28 09:36:40.000000000,99986,197,99964,197,99987,194,99962,194,100022,194,99958,194,100030,100,99950,100,100034,100,99942,100,100037,100,99936,100,100074,100,99929,100,100087,100,99924,100,100092,100,99918,100,100093,100,99917,200
2019-06-28 09:36:50.000000000,99986,197,99964,197,99987,194,99962,194,100022,194,99958,194,100030,100,99950,100,100034,100,99942,100,100037,100,99936,100,100074,100,99929,100,100087,100,99924,100,100092,100,99918,100,100093,100,99917,200
2019-06-28 09:36:52.541337024,99986,197,99967,100,99987,194,99964,197,100022,194,99962,194,100030,100,99958,194,100034,100,99950,100,100037,100,99942,100,100074,100,99936,100,100087,100,99929,100,100092,100,99924,100,100093,100,99918,100
2019-06-28 09:36:56.260245863,99986,197,99967,100,99987,194,99964,197,100022,194,99962,194,100030,100,99958,194,100034,100,99950,100,100037,100,99942,100,100074,100,99936,100,100087,100,99929,100,100092,100,99924,100,100093,100,99918,100
2019-06-28 09:37:00.000000000,99986,197,99967,197,99987,194,99964,194,100022,194,99962,194,100030,100,99958,100,100034,100,99950,100,100037,100,99942,100,100074,100,99936,100,100087,100,99929,100,100092,100,99924,100,100093,100,99918,100
2019-06-28 09:37:10.000000000,99986,242,99967,242,99987,242,99964,242,100022,100,99962,100,100030,100,99958,100,100034,100,99950,100,100037,100,99942,100,100074,100,99936,100,100087,100,99929,100,100092,100,99924,100,100093,100,99918,100
2019-06-28 09:37:20.000000000,99986,171,99967,171,99987,171,99964,171,100022,171,99962,171,100030,171,99958,171,100034,100,99950,100,100037,100,99942,100,100074,100,99936,100,100087,100,99929,100,100092,100,99924,100,100093,100,99918,100
2019-06-28 09:37:30.000000000,99986,242,99967,242,99987,242,99964,242,100022,100,99962,100,100030,100,99958,100,100034,100,99950,100,100037,100,99942,100,100074,100,99936,100,100087,100,99929,100,100092,100,99924,100,100093,100,99918,100
2019-06-28 09:37:38.957655067,99986,242,99967,142,99987,242,99964,242,100022,100,99962,100,100030,100,99950,100,100034,100,99942,100,100037,100,99936,100,100074,100,99929,100,100087,100,99924,100,100092,100,99918,100,100093,100,99917,200
2019-06-28 09:37:40.000000000,99986,242,99964,242,99987,242,99962,242,100022,100,99950,100,100030,100,99942,100,100034,100,99936,100,100037,100,99929,100,100074,100,99924,100,100087,100,99918,100,100092,100,99917,200,100093,100,99893,200
2019-06-28 09:37:50.000000000,99986,157,99964,157,99987,157,99962,157,100022,157,99950,157,100030,157,99942,157,100034,157,99936,157,100037,100,99929,100,100074,100,99924,100,100087,100,99918,100,100092,100,99917,200,100093,100,99893,200
2019-06-28 09:37:53.457353182,99986,157,99964,157,99987,157,99962,157,100022,157,99950,157,100030,157,99942,157,100034,157,99936,157,100037,100,99929,100,100074,100,99924,100,100087,100,99918,100,100092,100,99917,200,100093,100,99893,200
2019-06-28 09:38:00.000000000,99986,242,99964,242,99987,242,99962,242,100022,100,99950,100,100030,100,99942,100,100034,100,99936,100,100037,100,99929,100,100074,100,99924,100,100087,100,99918,100,100092,100,99917,200,100093,100,99893,200
2019-06-28 09:38:02.506085206,99986,242,99964,242,99987,242,99962,242,100022,100,99950,100,100030,100,99942,100,100034,100,99929,100,100037,100,99924,100,100074,100,99918,100,100087,100,99917,200,100092,100,99893,200,100093,100,99889,100
2019-06-28 09:38:03.908082449,99986,142,99964,242,99987,242,99962,242,100022,100,99950,100,100030,100,99942,100,100034,100,99929,100,100037,100,99924,100,100074,100,99918,100,100087,100,99917,200,100092,100,99893,200,100093,100,99889,100
2019-06-28 09:38:10.000000000,99987,171,99964,171,100022,171,99962,171,100030,171,99950,171,100034,171,99942,171,100037,100,99929,100,100074,100,99924,100,100087,100,99918,100,100092,100,99917,200,100093,100,99893,200,100097,100,99889,100
2019-06-28 09:38:12.826273097,99985,100,99964,171,99987,171,99962,171,100022,171,99950,171,100030,171,99942,171,100034,171,99929,100,100037,100,99924,100,100074,100,99918,100,100087,100,99917,200,100092,100,99893,200,100093,100,99889,100
2019-06-28 09:38:13.616533425,99985,100,99964,171,99987,171,99962,171,100022,171,99950,171,100030,171,99942,171,100034,171,99929,100,100037,100,99924,100,100053,100,99918,100,100074,100,99917,100,100087,100,99893,200,100092,100,99889,100
2019-06-28 09:38:13.930484356,99985,200,99964,171,99987,171,99962,171,100022,171,99950,171,100030,171,99942,171,100034,171,99929,100,100037,100,99924,100,100053,100,99918,100,100074,100,99917,100,100087,100,99893,200,100092,100,99889,100
2019-06-28 09:38:20.000000000,99985,271,99964,171,99987,171,99962,171,100022,171,99950,171,100030,171,99942,171,100034,100,99929,100,100037,100,99924,100,100053,100,99918,100,100074,100,99917,100,100087,100,99893,200,100092,100,99889,100
2019-06-28 09:38:29.661073395,99985,271,99964,171,99987,171,99962,171,100022,171,99950,71,100030,171,99942,171,100034,100,99929,100,100037,100,99924,100,100053,100,99918,100,100074,100,99917,100,100087,100,99893,200,100092,100,99890,100
2019-06-28 09:38:30.000000000,99985,271,99964,171,99987,171,99962,171,100022,171,99942,171,100030,171,99929,171,100034,100,99924,100,100037,100,99918,100,100053,100,99917,100,100074,100,99893,200,100087,100,99890,100,100092,100,99889,100
2019-06-28 09:38:40.000000000,99985,271,99964,171,99987,171,99962,171,100022,171,99942,171,100030,171,99929,171,100034,100,99924,100,100037,100,99918,100,100053,100,99917,100,100074,100,99893,200,100087,100,99890,100,100092,100,99889,100
2019-06-28 09:38:50.000000000,99985,297,99964,197,99987,194,99962,194,100022,194,99942,194,100030,100,99929,100,100034,100,99924,100,100037,100,99918,100,100053,100,99917,100,100074,100,99893,200,100087,100,99890,100,100092,100,99889,100
2019-06-28 09:38:50.962130173,99985,397,99964,197,99987,194,99962,194,100022,194,99942,194,100030,100,99929,100,100034,100,99924,100,100037,100,99918,100,100053,100,99917,100,100074,100,99893,200,100087,100,99890,100,100092,100,99889,100
2019-06-28 09:39:00.000000000,99985,584,99964,384,99987,100,99962,100,100022,100,99942,100,100030,100,99929,100,100034,100,99924,100,100037,100,99918,100,100053,100,99917,100,100074,100,99893,200,100087,100,99890,100,100092,100,99889,100
2019-06-28 09:39:10.000000000,99985,584,99964,384,99987,100,99962,100,100022,100,99942,100,100030,100,99929,100,100034,100,99924,100,100037,100,99918,100,100053,100,99917,100,100074,100,99893,200,100087,100,99890,100,100092,100,99889,100
2019-06-28 09:39:19.842485451,99985,584,99964,284,99987,100,99962,100,100022,100,99942,100,100030,100,99929,100,100034,100,99924,100,100037,100,99918,100,100053,100,99917,100,100055,100,99893,200,100074,100,99890,100,100087,100,99889,100
2019-06-28 09:39:20.000000000,99985,442,99962,242,99987,242,99942,242,100022,100,99929,100,100030,100,99924,100,100034,100,99918,100,100037,100,99917,100,100053,100,99893,200,100055,100,99890,100,100074,100,99889,100,100087,100,99870,100
2019-06-28 09:39:30.000000000,99985,357,99962,157,99987,157,99942,157,100022,157,99929,157,100030,157,99924,157,100034,157,99918,157,100037,100,99917,100,100053,100,99893,200,100055,100,99890,100,100074,100,99889,100,100087,100,99870,100
2019-06-28 09:39:40.000000000,99985,357,99962,157,99987,157,99942,157,100022,157,99929,157,100030,157,99924,157,100034,157,99918,157,100037,100,99917,100,100053,100,99893,200,100055,100,99890,100,100074,100,99889,100,100087,100,99870,100
2019-06-28 09:39:50.000000000,99985,442,99962,242,99987,242,99942,242,100022,100,99929,100,100030,100,99924,100,100034,100,99918,100,100037,100,99917,100,100053,100,99893,200,100055,100,99890,100,100074,100,99889,100,100087,100,99870,100
2019-06-28 09:40:00.000000000,99985,442,99962,242,99987,242,99942,242,100022,100,99929,100,100030,100,99924,100,100034,100,99918,100,100037,100,99917,100,100053,100,99893,200,100055,100,99890,100,100074,100,99889,100,100087,100,99870,100
2019-06-28 09:40:09.092677557,99985,342,99962,242,99987,242,99942,242,100022,100,99929,100,100030,100,99924,100,100034,100,99918,100,100037,100,99917,100,100053,100,99893,200,100055,100,99890,100,100074,100,99889,100,100087,100,99870,100
2019-06-28 09:40:10.000000000,99985,484,99962,384,99987,100,99942,100,100022,100,99929,100,100030,100,99924,100,100034,100,99918,100,100037,100,99917,100,100053,100,99893,200,100055,100,99890,100,100074,100,99889,100,100087,100,99870,100
2019-06-28 09:40:20.000000000,99985,271,99962,171,99987,171,99942,171,100022,171,99929,171,100030,171,99924,171,100034,100,99918,100,100037,100,99917,100,100053,100,99893,200,100055,100,99890,100,100074,100,99889,100,100087,100,99870,100
2019-06-28 09:40:23.084746912,99985,271,99962,171,99987,171,99942,171,100022,171,99929,171,100030,171,99924,171,100034,100,99918,100,100037,100,99917,100,100053,100,99893,200,100055,100,99890,100,100074,100,99889,100,100087,100,99870,100
2019-06-28 09:40:30.000000000,99985,342,99962,242,99987,242,99942,242,100022,100,99929,100,100030,100,99924,100,100034,100,99918,100,100037,100,99917,100,100053,100,99893,200,100055,100,99890,100,100074,100,99889,100,100087,100,99870,100
2019-06-28 09:40:40.000000000,99985,484,99962,384,99987,100,99942,100,100022,100,99929,100,100030,100,99924,100,100034,100,99918,100,100037,100,99917,100,100053,100,99893,200,100055,100,99890,100,100074,100,99889,100,100087,100,99870,100
2019-06-28 09:40:50.000000000,99985,271,99962,171,99987,171,99942,171,100022,171,99929,171,100030,171,99924,171,100034,100,99918,100,100037,100,99917,100,100053,100,99893,200,100055,100,99890,100,100074,100,99889,100,100087,100,99870,100
2019-06-28 09:40:51.041202088,99985,171,99962,171,99987,171,99942,171,100022,71,99929,171,100030,171,99924,171,100034,100,99918,100,100037,100,99917,100,100053,100,99893,200,100055,100,99890,100,100074,100,99889,100,100087,100,99870,100
2019-06-28 09:40:56.116243640,99985,171,99962,171,99987,171,99942,171,100022,71,99929,171,100030,171,99924,171,100034,100,99918,100,100037,100,99917,100,100053,100,99893,200,100055,100,99890,100,100074,100,99889,100,100087,100,99870,100
2019-06-28 09:41:00.000000000,99985,197,99962,197,99987,194,99942,194,100030,194,99929,194,100034,100,99924,100,100037,100,99918,100,100053,100,99917,100,100055,100,99893,200,100074,100,99890,100,100087,100,99889,100,100092,100,99870,100
2019-06-28 09:41:10.000000000,99985,242,99962,242,99987,242,99942,242,100030,100,99929,100,100034,100,99924,100,100037,100,99918,100,100053,100,99917,100,100055,100,99893,200,100074,100,99890,100,100087,100,99889,100,100092,100,99870,100
2019-06-28 09:41:17.201457495,99985,142,99962,242,99987,242,99942,242,100030,100,99929,100,100034,100,99924,100,100037,100,99918,100,100053,100,99917,100,100055,100,99893,200,100074,100,99890,100,100087,100,99889,100,100092,100,99870,100
2019-06-28 09:41:20.000000000,99987,242,99962,242,100030,242,99942,242,100034,100,99929,100,100037,100,99924,100,100053,100,99918,100,100055,100,99917,100,100074,100,99893,200,100087,100,99890,100,100092,100,99889,100,100093,100,99870,100
2019-06-28 09:41:30.000000000,99987,157,99962,157,100030,157,99942,157,100034,157,99929,157,100037,157,99924,157,100053,157,99918,157,100055,100,99917,100,100074,100,99893,200,100087,100,99890,100,100092,100,99889,100,100093,100,99870,100
2019-06-28 09:41:36.937060488,99987,157,99962,157,100030,157,99942,157,100034,157,99929,157,100037,157,99924,157,100053,157,99918,157,100055,100,99917,100,100074,100,99893,200,100087,100,99890,100,100092,100,99889,100,100093,100,99870,100
2019-06-28 09:41:40.000000000,99987,157,99962,157,100030,157,99942,157,100034,157,99929,157,100037,157,99924,157,100053,157,99918,157,100055,100,99917,100,100074,100,99893,200,100087,100,99890,100,100092,100,99889,100,100093,100,99870,100
2019-06-28 09:41:50.000000000,99987,197,99962,197,100030,194,99942,194,100034,194,99929,194,100037,100,99924,100,100053,100,99918,100,100055,100,99917,100,100074,100,99893,200,100087,100,99890,100,100092,100,99889,100,100093,100,99870,100
2019-06-28 09:42:00.000000000,99987,171,99962,171,100030,171,99942,171,100034,171,99929,171,100037,171,99924,171,100053,100,99918,100,100055,100,99917,100,100074,100,99893,200,100087,100,99890,100,100092,100,99889,100,100093,100,99870,100
2019-06-28 09:42:08.276454559,99987,171,99962,171,100030,171,99942,171,100034,171,99929,171,100037,171,99924,171,100053,100,99918,100,100055,100,99917,100,100074,100,99893,200,100087,100,99890,100,100093,100,99889,100,100101,100,99881,100
2019-06-28 09:42:10.000000000,99987,157,99962,157,100030,157,99942,157,100034,157,99929,157,100037,157,99924,157,100053,157,99918,157,100055,100,99917,100,100074,100,99893,200,100087,100,99890,100,100093,100,99889,100,100101,100,99881,100
2019-06-28 09:42:14.275913309,99987,157,99962,157,100030,157,99942,157,100034,157,99929,157,100037,157,99924,157,100053,157,99918,157,100055,100,99917,100,100074,100,99893,200,100087,100,99890,100,100093,100,99889,100,100101,100,99881,100
2019-06-28 09:42:16.845869899,99987,157,99962,57,100030,157,99942,157,100034,157,99929,157,100037,157,99924,157,100053,157,99918,157,100055,100,99917,100,100074,100,99893,200,100087,100,99890,100,100093,100,99889,100,100101,100,99881,100
2019-06-28 09:42:20.000000000,99987,197,99942,197,100030,194,99929,194,100034,194,99924,194,100037,100,99918,100,100053,100,99917,100,100055,100,99893,200,100074,100,99890,100,100087,100,99889,100,100093,100,99881,100,100101,100,99870,100
2019-06-28 09:42:21.315442590,99984,100,99942,197,99987,197,99929,194,100030,194,99924,194,100034,194,99918,100,100037,100,99917,100,100053,100,99893,200,100055,100,99890,100,100074,100,99889,100,100087,100,99881,100,100093,100,99870,100
2019-06-28 09:42:30.000000000,99984,157,99942,157,99987,157,99929,157,100030,157,99924,157,100034,157,99918,157,100037,157,99917,157,100053,100,99893,200,100055,100,99890,100,100074,100,99889,100,100087,100,99881,100,100093,100,99870,100
2019-06-28 09:42:30.983188847,99984,157,99942,157,99987,157,99929,157,100030,157,99924,157,100034,157,99918,157,100037,157,99917,157,100053,100,99893,200,100055,100,99890,100,100074,100,99889,100,100086,100,99881,100,100087,100,99870,100
2019-06-28 09:42:36.081497457,99984,257,99942,157,99987,157,99929,157,100030,157,99924,157,100034,157,99918,157,100037,157,99917,157,100053,100,99893,200,100055,100,99890,100,100074,100,99889,100,100086,100,99881,100,100087,100,99870,100
2019-06-28 09:42:40.000000000,99984,342,99942,242,99987,242,99929,242,100030,100,99924,100,100034,100,99918,100,100037,100,99917,100,100053,100,99893,200,100055,100,99890,100,100074,100,99889,100,100086,100,99881,100,100087,100,99870,100
2019-06-28 09:42:50.000000000,99984,297,99942,197,99987,194,99929,194,100030,194,99924,194,100034,100,99918,100,100037,100,99917,100,100053,100,99893,200,100055,100,99890,100,100074,100,99889,100,100086,100,99881,100,100087,100,99870,100
2019-06-28 09:42:50.282926712,99984,297,99942,197,99987,194,99929,194,100030,94,99924,194,100034,100,99918,100,100037,100,99917,100,100053,100,99893,200,100055,100,99890,100,100074,100,99889,100,100086,100,99881,100,100087,100,99870,100
2019-06-28 09:42:51.846010221,99984,297,99942,197,99987,194,99929,194,100030,94,99924,194,100034,100,99918,100,100037,100,99917,100,100053,100,99893,200,100055,100,99890,100,100074,100,99889,100,100086,100,99881,100,100087,100,99870,100
2019-06-28 09:43:00.000000000,99984,297,99942,197,99987,194,99929,194,100034,194,99924,194,100037,100,99918,100,100053,100,99917,100,100055,100,99893,200,100074,100,99890,100,100086,100,99889,100,100087,100,99881,100,100093,100,99870,100
2019-06-28 09:43:10.000000000,99984,342,99942,242,99987,242,99929,242,100034,100,99924,100,100037,100,99918,100,100053,100,99917,100,100055,100,99893,200,100074,100,99890,100,100086,100,99889,100,100087,100,99881,100,100093,100,99870,100
2019-06-28 09:43:19.011690580,99984,342,99942,242,99987,242,99929,242,100034,100,99924,100,100037,100,99918,100,100044,100,99893,200,100053,100,99890,100,100055,100,99889,100,100074,100,99881,100,100086,100,99870,100,100087,100,99866,100
2019-06-28 09:43:20.000000000,99984,484,99942,384,99987,100,99929,100,100034,100,99924,100,100037,100,99918,100,100044,100,99893,200,100053,100,99890,100,100055,100,99889,100,100074,100,99881,100,100086,100,99870,100,100087,100,99866,100
2019-06-28 09:43:30.000000000,99984,484,99942,384,99987,100,99929,100,100034,100,99924,100,100037,100,99918,100,100044,100,99893,200,100053,100,99890,100,100055,100,99889,100,100074,100,99881,100,100086,100,99870,100,100087,100,99866,100
2019-06-28 09:43:40.000000000,99984,297,99942,197,99987,194,99929,194,100034,194,99924,194,100037,100,99918,100,100044,100,99893,200,100053,100,99890,100,100055,100,99889,100,100074,100,99881,100,100086,100,99870,100,100087,100,99866,100
2019-06-28 09:43:50.000000000,99984,271,99942,171,99987,171,99929,171,100034,171,99924,171,100037,171,99918,171,100044,100,99893,200,100053,100,99890,100,100055,100,99889,100,100074,100,99881,100,100086,100,99870,100,100087,100,99866,100
2019-06-28 09:44:00.000000000,99984,342,99942,242,99987,242,99929,242,100034,100,99924,100,100037,100,99918,100,100044,100,99893,200,100053,100,99890,100,100055,100,99889,100,100074,100,99881,100,100086,100,99870,100,100087,100,99866,100
2019-06-28 09:44:10.000000000,99984,342,99942,242,99987,242,99929,242,100034,100,99924,100,100037,100,99918,100,100044,100,99893,200,100053,100,99890,100,100055,100,99889,100,100074,100,99881,100,100086,100,99870,100,100087,100,99866,100
2019-06-28 09:44:20.000000000,99984,297,99942,197,99987,194,99929,194,100034,194,99924,194,100037,100,99918,100,100044,100,99893,200,100053,100,99890,100,100055,100,99889,100,100074,100,99881,100,100086,100,99870,100,100087,100,99866,100
2019-06-28 09:44:30.000000000,99984,257,99942,157,99987,157,99929,157,100034,157,99924,157,100037,157,99918,157,100044,157,99893,257,100053,100,99890,100,100055,100,99889,100,100074,100,99881,100,100086,100,99870,100,100087,100,99866,100
2019-06-28 09:44:32.931627485,99984,257,99963,100,99987,157,99942,157,100034,157,99929,157,100037,157,99924,157,100044,157,99918,157,100053,100,99893,257,100055,100,99890,100,100074,100,99889,100,100086,100,99881,100,100087,100,99870,100
2019-06-28 09:44:40.000000000,99984,271,99963,171,99987,171,99942,171,100034,171,99929,171,100037,171,99924,171,100044,100,99918,100,100053,100,99893,200,100055,100,99890,100,100074,100,99889,100,100086,100,99881,100,100087,100,99870,100
2019-06-28 09:44:50.000000000,99984,484,99963,384,99987,100,99942,100,100034,100,99929,100,100037,100,99924,100,100044,100,99918,100,100053,100,99893,200,100055,100,99890,100,100074,100,99889,100,100086,100,99881,100,100087,100,99870,100
2019-06-28 09:44:53.893957252,99984,384,99963,384,99987,100,99942,100,100034,100,99929,100,100044,100,99924,100,100053,100,99918,100,100055,100,99893,200,100074,100,99890,100,100086,100,99889,100,100087,100,99881,100,100093,100,99870,100
2019-06-28 09:45:00.000000000,99984,197,99963,197,99987,194,99942,194,100034,194,99929,194,100044,100,99924,100,100053,100,99918,100,100055,100,99893,200,100074,100,99890,100,100086,100,99889,100,100087,100,99881,100,100093,100,99870,100
2019-06-28 09:45:09.125485212,99984,197,99964,100,99987,194,99963,197,100034,194,99942,194,100044,100,99929,194,100053,100,99924,100,100055,100,99918,100,100074,100,99893,200,100086,100,99890,100,100087,100,99889,100,100093,100,99881,100
2019-06-28 09:45:10.000000000,99984,197,99964,197,99987,194,99963,194,100034,194,99942,194,100044,100,99929,100,100053,100,99924,100,100055,100,99918,100,100074,100,99893,200,100086,100,99890,100,100087,100,99889,100,100093,100,99881,100
2019-06-28 09:45:20.000000000,99984,171,99964,171,99987,171,99963,171,100034,171,99942,171,100044,171,99929,171,100053,100,99924,100,100055,100,99918,100,100074,100,99893,200,100086,100,99890,100,100087,100,99889,100,100093,100,99881,100
2019-06-28 09:45:27.463210304,99984,71,99964,171,99987,171,99963,171,100034,171,99942,171,100044,171,99929,171,100053,100,99918,100,100055,100,99893,200,100074,100,99890,100,100086,100,99889,100,100087,100,99881,100,100093,100,99870,100
2019-06-28 09:45:30.000000000,99987,384,99964,384,100034,100,99963,100,100044,100,99942,100,100053,100,99929,100,100055,100,99918,100,100074,100,99893,200,100086,100,99890,100,100087,100,99889,100,100093,100,99881,100,100101,100,99870,100
2019-06-28 09:45:40.000000000,99987,384,99964,384,100034,100,99963,100,100044,100,99942,100,100053,100,99929,100,100055,100,99918,100,100074,100,99893,200,100086,100,99890,100,100087,100,99889,100,100093,100,99881,100,100101,100,99870,100
2019-06-28 09:45:42.461504209,99987,384,99964,384,100034,100,99963,100,100044,100,99942,100,100053,100,99929,100,100055,100,99918,100,100074,100,99893,200,100086,100,99890,100,100087,100,99889,100,100093,100,99881,100,100101,100,99870,100
2019-06-28 09:45:47.299252490,99987,384,99964,384,100034,100,99963,100,100044,100,99942,100,100053,100,99918,100,100055,100,99893,200,100074,100,99890,100,100086,100,99889,100,100087,100,99881,100,100093,100,99870,100,100101,100,99866,100
2019-06-28 09:45:50.000000000,99987,171,99964,171,100034,171,99963,171,100044,171,99942,171,100053,171,99918,171,100055,100,99893,200,100074,100,99890,100,100086,100,99889,100,100087,100,99881,100,100093,100,99870,100,100101,100,99866,100
2019-06-28 09:45:57.844970562,99987,71,99964,171,100034,171,99963,171,100044,171,99942,171,100053,171,99918,171,100055,100,99893,200,100074,100,99890,100,100086,100,99889,100,100087,100,99881,100,100093,100,99870,100,100101,100,99866,100
2019-06-28 09:46:00.000000000,100034,157,99964,157,100044,157,99963,157,100053,157,99942,157,100055,157,99918,157,100074,157,99893,257,100086,100,99890,100,100087,100,99889,100,100093,100,99881,100,100101,100,99870,100,100132,100,99866,100
2019-06-28 09:46:00.151383099,100034,57,99964,157,100044,57,99963,157,100053,157,99942,157,100055,157,99918,157,100074,157,99893,257,100086,100,99890,100,100087,100,99889,100,100093,100,99881,100,100101,100,99870,100,100132,100,99866,100
2019-06-28 09:46:05.289630261,100034,57,99964,157,100044,57,99963,157,100053,157,99942,157,100055,157,99918,157,100074,157,99893,257,100086,100,99890,100,100087,100,99889,100,100093,100,99881,100,100101,100,99870,100,100132,100,99866,100
2019-06-28 09:46:10.000000000,100053,242,99964,242,100055,242,99963,242,100074,100,99942,100,100086,100,99918,100,100087,100,99893,200,100093,100,99890,100,100101,100,99889,100,100132,100,99881,100,100197,100,99870,100,100316,100,99866,100
2019-06-28 09:46:20.000000000,100053,171,99964,171,100055,171,99963,171,100074,171,99942,171,100086,171,99918,171,100087,100,99893,200,100093,100,99890,100,100101,100,99889,100,100132,100,99881,100,100197,100,99870,100,100316,100,99866,100
2019-06-28 09:46:22.267273690,100053,71,99964,171,100055,171,99963,171,100074,171,99942,171,100086,171,99918,171,100087,100,99893,200,100093,100,99890,100,100101,100,99889,100,100132,100,99881,100,100197,100,99870,100,100316,100,99866,100
2019-06-28 09:46:28.241845305,100053,71,99964,171,100055,171,99963,171,100074,171,99942,171,100086,171,99918,171,100087,100,99893,200,100093,100,99890,100,100101,100,99889,100,100132,100,99881,100,100197,100,99870,100,100316,100,99866,100
2019-06-28 09:46:30.000000000,100055,157,99964,157,100074,157,99963,157,100086,157,99942,157,100087,157,99918,157,100093,157,99893,257,100101,100,99890,100,100132,100,99889,100,100197,100,99881,100,100316,100,99870,100,100320,100,99866,100
2019-06-28 09:46:40.000000000,100055,171,99964,171,100074,171,99963,171,100086,171,99942,171,100087,171,99918,171,100093,100,99893,200,100101,100,99890,100,100132,100,99889,100,100197,100,99881,100,100316,100,99870,100,100320,100,99866,100
2019-06-28 09:46:50.000000000,100055,384,99964,384,100074,100,99963,100,100086,100,99942,100,100087,100,99918,100,100093,100,99893,200,100101,100,99890,100,100132,100,99889,100,100197,100,99881,100,100316,100,99870,100,100320,100,99866,100
2019-06-28 09:47:00.000000000,100055,384,99964,384,100074,100,99963,100,100086,100,99942,100,100087,100,99918,100,100093,100,99893,200,100101,100,99890,100,100132,100,99889,100,100197,100,99881,100,100316,100,99870,100,100320,100,99866,100
2019-06-28 09:47:03.500642832,100055,384,99964,384,100074,100,99963,100,100086,100,99942,100,100087,100,99918,100,100093,100,99893,200,100101,100,99890,100,100132,100,99889,100,100316,100,99881,100,100320,100,99870,100,100475,100,99866,100
2019-06-28 09:47:10.000000000,100055,197,99964,197,100074,194,99963,194,100086,194,99942,194,100087,100,99918,100,100093,100,99893,200,100101,100,99890,100,100132,100,99889,100,100316,100,99881,100,100320,100,99870,100,100475,100,99866,100
2019-06-28 09:47:10.413785476,100055,97,99964,197,100074,194,99963,194,100086,194,99942,194,100087,100,99918,100,100093,100,99893,200,100101,100,99890,100,100132,100,99889,100,100316,100,99881,100,100320,100,99870,100,100475,100,99866,100
2019-06-28 09:47:20.000000000,100074,171,99964,171,100086,171,99963,171,100087,171,99942,171,100093,171,99918,171,100101,100,99893,200,100132,100,99890,100,100316,100,99889,100,100320,100,99881,100,100475,100,99870,100,101376,100,99866,100
2019-06-28 09:47:30.000000000,100074,171,99964,171,100086,171,99963,171,100087,171,99942,171,100093,171,99918,171,100101,100,99893,200,100132,100,99890,100,100316,100,99889,100,100320,100,99881,100,100475,100,99870,100,101376,100,99866,100
2019-06-28 09:47:40.000000000,100074,384,99964,384,100086,100,99963,100,100087,100,99942,100,100093,100,99918,100,100101,100,99893,200,100132,100,99890,100,100316,100,99889,100,100320,100,99881,100,100475,100,99870,100,101376,100,99866,100
2019-06-28 09:47:50.000000000,100074,171,99964,171,100086,171,99963,171,100087,171,99942,171,100093,171,99918,171,100101,100,99893,200,100132,100,99890,100,100316,100,99889,100,100320,100,99881,100,100475,100,99870,100,101376,100,99866,100
2019-06-28 09:47:50.255869117,100074,71,99964,171,100086,71,99963,171,100087,171,99942,171,100093,171,99918,171,100101,100,99893,200,100132,100,99890,100,100316,100,99889,100,100320,100,99881,100,100475,100,99870,100,101376,100,99866,100
2019-06-28 09:48:00.000000000,100087,197,99964,197,100093,194,99963,194,100101,194,99942,194,100132,100,99918,100,100316,100,99893,200,100320,100,99890,100,100475,100,99889,100,101376,100,99881,100,101394,100,99870,100,101507,100,99866,100
2019-06-28 09:48:10.000000000,100087,157,99964,157,100093,157,99963,157,100101,157,99942,157,100132,157,99918,157,100316,157,99893,257,100320,100,99890,100,100475,100,99889,100,101376,100,99881,100,101394,100,99870,100,101507,100,99866,100
2019-06-28 09:48:20.000000000,100087,197,99964,197,100093,194,99963,194,100101,194,99942,194,100132,100,99918,100,100316,100,99893,200,100320,100,99890,100,100475,100,99889,100,101376,100,99881,100,101394,100,99870,100,101507,100,99866,100
2019-06-28 09:48:29.983475546,100087,197,99964,197,100093,194,99963,194,100101,194,99942,194,100132,100,99918,100,100316,100,99893,200,100320,100,99890,100,100475,100,99889,100,101320,100,99881,100,101376,100,99870,100,101394,100,99866,100
2019-06-28 09:48:30.000000000,100087,157,99964,157,100093,157,99963,157,100101,157,99942,157,100132,157,99918,157,100316,157,99893,257,100320,100,99890,100,100475,100,99889,100,101320,100,99881,100,101376,100,99870,100,101394,100,99866,100
2019-06-28 09:48:40.000000000,100087,157,99964,157,100093,157,99963,157,100101,157,99942,157,100132,157,99918,157,100316,157,99893,257,100320,100,99890,100,100475,100,99889,100,101320,100,99881,100,101376,100,99870,100,101394,100,99866,100
2019-06-28 09:48:45.204921245,100087,157,99964,157,100093,157,99963,157,100101,157,99942,157,100132,157,99918,157,100316,157,99893,257,100320,100,99890,100,100475,100,99889,100,101320,100,99881,100,101376,100,99870,100,101394,100,99866,100
2019-06-28 09:48:50.000000000,100087,384,99964,384,100093,100,99963,100,100101,100,99942,100,100132,100,99918,100,100316,100,99893,200,100320,100,99890,100,100475,100,99889,100,101320,100,99881,100,101376,100,99870,100,101394,100,99866,100
2019-06-28 09:49:00.000000000,100087,197,99964,197,100093,194,99963,194,100101,194,99942,194,100132,100,99918,100,100316,100,99893,200,100320,100,99890,100,100475,100,99889,100,101320,100,99881,100,101376,100,99870,100,101394,100,99866,100
2019-06-28 09:49:10.000000000,100087,242,99964,242,100093,242,99963,242,100101,100,99942,100,100132,100,99918,100,100316,100,99893,200,100320,100,99890,100,100475,100,99889,100,101320,100,99881,100,101376,100,99870,100,101394,100,99866,100
2019-06-28 09:49:20.000000000,100087,197,99964,197,100093,194,99963,194,100101,194,99942,194,100132,100,99918,100,100316,100,99893,200,100320,100,99890,100,100475,100,99889,100,101320,100,99881,100,101376,100,99870,100,101394,100,99866,100
2019-06-28 09:49:26.070236903,100087,197,99964,197,100093,194,99963,194,100101,194,99942,194,100132,100,99918,100,100316,100,99893,200,100320,100,99890,100,100475,100,99889,100,101320,100,99881,100,101376,100,99870,100,101394,100,99866,100
2019-06-28 09:49:30.000000000,100087,157,99964,157,100093,157,99963,157,100101,157,99942,157,100132,157,99918,157,100316,157,99893,257,100320,100,99890,100,100475,100,99889,100,101320,100,99881,100,101376,100,99870,100,101394,100,99866,100
2019-06-28 09:49:32.307695565,100087,157,99964,157,100093,157,99963,157,100101,157,99942,57,100132,157,99918,157,100316,157,99893,257,100320,100,99890,100,100475,100,99889,100,101320,100,99881,100,101376,100,99870,100,101394,100,99866,100
2019-06-28 09:49:34.084784938,100087,57,99964,157,100093,157,99963,157,100101,157,99942,57,100132,157,99918,157,100316,157,99893,257,100320,100,99890,100,100475,100,99889,100,101320,100,99881,100,101376,100,99866,100,101394,100,99806,100
2019-06-28 09:49:35.112408265,100093,57,100087,43,100101,157,99964,157,100132,157,99963,157,100316,157,99942,57,100320,100,99918,157,100475,100,99893,257,101320,100,99890,100,101376,100,99889,100,101394,100,99881,100,101507,100,99866,100
2019-06-28 09:49:36.130583680,100093,57,100087,43,100101,157,99964,157,100132,157,99963,157,100316,157,99942,57,100320,100,99918,157,100475,100,99893,257,101320,100,99890,100,101376,100,99889,100,101394,100,99881,100,101507,100,99866,100
2019-06-28 09:49:40.000000000,100101,242,100087,185,100132,242,99964,242,100316,100,99963,100,100320,100,99918,100,100475,100,99893,200,101320,100,99890,100,101376,100,99889,100,101394,100,99881,100,101507,100,99866,100,101571,100,99806,100
2019-06-28 09:49:40.220349740,100101,242,100087,185,100132,242,99964,242,100316,100,99963,100,100320,100,99918,100,100475,100,99893,200,101255,100,99890,100,101320,100,99889,100,101376,100,99881,100,101394,100,99866,100,101507,100,99806,100
2019-06-28 09:49:48.235602937,100101,142,100087,185,100132,242,99964,242,100316,100,99963,100,100320,100,99918,100,100475,100,99893,200,101255,100,99890,100,101320,100,99889,100,101376,100,99881,100,101394,100,99866,100,101507,100,99806,100
2019-06-28 09:49:50.000000000,100132,384,100087,327,100316,100,99964,100,100320,100,99963,100,100475,100,99918,100,101255,100,99893,200,101320,100,99890,100,101376,100,99889,100,101394,100,99881,100,101507,100,99866,100,101571,100,99806,100
2019-06-28 09:50:00.000000000,100132,157,100087,100,100316,157,99964,157,100320,157,99963,157,100475,157,99918,157,101255,157,99893,257,101320,100,99890,100,101376,100,99889,100,101394,100,99881,100,101507,100,99866,100,101571,100,99806,100
2019-06-28 09:50:03.919499187,100132,157,100088,100,100316,157,100087,100,100320,157,99964,157,100475,157,99963,157,101255,157,99918,157,101320,100,99893,257,101376,100,99890,100,101394,100,99889,100,101507,100,99881,100,101571,100,99866,100
2019-06-28 09:50:10.000000000,100132,242,100088,242,100316,242,100087,185,100320,100,99964,100,100475,100,99963,100,101255,100,99918,100,101320,100,99893,200,101376,100,99890,100,101394,100,99889,100,101507,100,99881,100,101571,100,99866,100
2019-06-28 09:50:20.000000000,100132,171,100088,171,100316,171,100087,114,100320,171,99964,171,100475,171,99963,171,101255,100,99918,100,101320,100,99893,200,101376,100,99890,100,101394,100,99889,100,101507,100,99881,100,101571,100,99866,100
2019-06-28 09:50:21.164134690,100132,71,100088,171,100316,171,100087,114,100320,171,99964,171,100475,171,99963,171,101255,100,99918,100,101320,100,99893,200,101376,100,99890,100,101394,100,99889,100,101507,100,99881,100,101571,100,99866,100
2019-06-28 09:50:25.409851485,100132,71,100088,171,100316,171,100087,114,100320,171,99964,171,100475,171,99963,171,101255,100,99918,100,101320,100,99893,100,101336,100,99890,100,101376,100,99889,100,101394,100,99881,100,101507,100,99866,100
2019-06-28 09:50:30.000000000,100316,157,100088,157,100320,157,100087,100,100475,157,99964,157,101255,157,99963,157,101320,157,99918,157,101336,100,99893,100,101376,100,99890,100,101394,100,99889,100,101507,100,99881,100,101571,100,99866,100
2019-06-28 09:50:40.000000000,100316,384,100088,384,100320,100,100087,43,100475,100,99964,100,101255,100,99963,100,101320,100,99918,100,101336,100,99893,100,101376,100,99890,100,101394,100,99889,100,101507,100,99881,100,101571,100,99866,100
2019-06-28 09:50:50.000000000,100316,242,100088,242,100320,242,100087,185,100475,100,99964,100,101255,100,99963,100,101320,100,99918,100,101336,100,99893,100,101376,100,99890,100,101394,100,99889,100,101507,100,99881,100,101571,100,99866,100
2019-06-28 09:50:58.581946865,100316,242,100088,242,100320,242,100087,185,100475,100,99964,100,100793,100,99963,100,101255,100,99918,100,101320,100,99893,100,101336,100,99890,100,101376,100,99889,100,101394,100,99881,100,101507,100,99866,100
2019-06-28 09:51:00.000000000,100316,157,100088,157,100320,157,100087,100,100475,157,99964,157,100793,157,99963,157,101255,157,99918,157,101320,100,99893,100,101336,100,99890,100,101376,100,99889,100,101394,100,99881,100,101507,100,99866,100
2019-06-28 09:51:01.142695329,100316,57,100088,157,100320,157,100087,100,100475,157,99964,157,100793,157,99963,157,101255,157,99918,157,101320,100,99893,100,101336,100,99890,100,101376,100,99889,100,101394,100,99881,100,101507,100,99866,100
2019-06-28 09:51:10.000000000,100320,197,100088,197,100475,194,100087,137,100793,194,99964,194,101255,100,99963,100,101320,100,99918,100,101336,100,99893,100,101376,100,99890,100,101394,100,99889,100,101507,100,99881,100,101571,100,99866,100
2019-06-28 09:51:15.258586183,100320,197,100088,197,100475,194,100087,137,100785,100,99964,194,100793,194,99963,100,101255,100,99918,100,101320,100,99893,100,101336,100,99890,100,101376,100,99889,100,101394,100,99881,100,101507,100,99806,100
2019-06-28 09:51:20.000000000,100320,242,100088,242,100475,242,100087,185,100785,100,99964,100,100793,100,99963,100,101255,100,99918,100,101320,100,99893,100,101336,100,99890,100,101376,100,99889,100,101394,100,99881,100,101507,100,99806,100
2019-06-28 09:51:30.000000000,100320,384,100088,384,100475,100,100087,43,100785,100,99964,100,100793,100,99963,100,101255,100,99918,100,101320,100,99893,100,101336,100,99890,100,101376,100,99889,100,101394,100,99881,100,101507,100,99806,100
2019-06-28 09:51:32.986078507,100320,384,100132,100,100475,100,100088,384,100785,100,100087,43,100793,100,99964,100,101255,100,99963,100,101320,100,99918,100,101336,100,99893,100,101376,100,99890,100,101394,100,99889,100,101507,100,99881,100
2019-06-28 09:51:38.552184289,100320,384,100132,200,100475,100,100088,384,100785,100,100087,43,100793,100,99964,100,101255,100,99963,100,101320,100,99918,100,101336,100,99893,100,101376,100,99890,100,101394,100,99889,100,101507,100,99881,100
2019-06-28 09:51:40.000000000,100320,242,100132,342,100475,242,100088,242,100785,100,100087,43,100793,100,99964,100,101255,100,99963,100,101320,100,99918,100,101336,100,99893,100,101376,100,99890,100,101394,100,99889,100,101507,100,99881,100
2019-06-28 09:51:50.000000000,100320,171,100132,271,100475,171,100088,171,100785,171,100087,114,100793,171,99964,171,101255,100,99963,100,101320,100,99918,100,101336,100,99893,100,101376,100,99890,100,101394,100,99889,100,101507,100,99881,100
2019-06-28 09:52:00.000000000,100320,197,100132,297,100475,194,100088,194,100785,194,100087,137,100793,100,99964,100,101255,100,99963,100,101320,100,99918,100,101336,100,99893,100,101376,100,99890,100,101394,100,99889,100,101507,100,99881,100
2019-06-28 09:52:10.000000000,100320,171,100132,271,100475,171,100088,171,100785,171,100087,114,100793,171,99964,171,101255,100,99963,100,101320,100,99918,100,101336,100,99893,100,101376,100,99890,100,101394,100,99889,100,101507,100,99881,100
2019-06-28 09:52:15.514006417,100320,71,100132,271,100475,171,100088,171,100785,171,100087,114,100793,171,99964,171,101255,100,99963,100,101320,100,99918,100,101336,100,99893,100,101376,100,99890,100,101394,100,99889,100,101507,100,99881,100
2019-06-28 09:52:20.000000000,100475,171,100132,271,100785,171,100088,171,100793,171,100087,114,101255,171,99964,171,101320,100,99963,100,101336,100,99918,100,101376,100,99893,100,101394,100,99890,100,101507,100,99889,100,101571,100,99881,100
2019-06-28 09:52:24.854745905,100475,71,100132,271,100785,171,100088,171,100793,171,100087,71,101255,171,99964,171,101320,100,99963,100,101336,100,99918,100,101376,100,99893,100,101394,100,99890,100,101507,100,99889,100,101571,100,99881,100
2019-06-28 09:52:30.000000000,100785,171,100132,271,100793,171,100088,171,101255,171,99964,171,101320,171,99963,171,101336,100,99918,100,101376,100,99893,100,101394,100,99890,100,101507,100,99889,100,101571,100,99881,100,101600,100,99806,100
2019-06-28 09:52:40.000000000,100785,242,100132,342,100793,242,100088,242,101255,100,99964,100,101320,100,99963,100,101336,100,99918,100,101376,100,99893,100,101394,100,99890,100,101507,100,99889,100,101571,100,99881,100,101600,100,99806,100
2019-06-28 09:52:50.000000000,100785,157,100132,257,100793,157,100088,157,101255,157,99964,157,101320,157,99963,157,101336,157,99918,157,101376,100,99893,100,101394,100,99890,100,101507,100,99889,100,101571,100,99881,100,101600,100,99806,100
2019-06-28 09:52:54.363838554,100785,157,100320,100,100793,157,100132,257,101255,157,100088,157,101320,157,99964,157,101336,157,99963,57,101376,100,99918,157,101394,100,99893,100,101507,100,99890,100,101571,100,99889,100,101600,100,99881,100
2019-06-28 09:53:00.000000000,100785,171,100320,171,100793,171,100132,271,101255,171,100088,171,101320,171,99964,171,101336,100,99918,100,101376,100,99893,100,101394,100,99890,100,101507,100,99889,100,101571,100,99881,100,101600,100,99806,100
2019-06-28 09:53:10.000000000,100785,242,100320,242,100793,242,100132,342,101255,100,100088,100,101320,100,99964,100,101336,100,99918,100,101376,100,99893,100,101394,100,99890,100,101507,100,99889,100,101571,100,99881,100,101600,100,99806,100
2019-06-28 09:53:17.202732163,100722,100,100320,242,100785,242,100132,342,100793,242,100088,100,101255,100,99964,100,101320,100,99918,100,101336,100,99893,100,101376,100,99890,100,101394,100,99889,100,101507,100,99881,100,101571,100,99806,100
2019-06-28 09:53:20.000000000,100722,384,100320,384,100785,100,100132,200,100793,100,100088,100,101255,100,99964,100,101320,100,99918,100,101336,100,99893,100,101376,100,99890,100,101394,100,99889,100,101507,100,99881,100,101571,100,99806,100
2019-06-28 09:53:20.990435235,100433,100,100320,384,100722,384,100132,200,100785,100,100088,100,100793,100,99964,100,101320,100,99918,100,101336,100,99893,100,101376,100,99890,100,101394,100,99889,100,101507,100,99881,100,101571,100,99806,100
2019-06-28 09:53:30.000000000,100433,197,100320,197,100722,194,100132,294,100785,194,100088,194,100793,100,99964,100,101320,100,99918,100,101336,100,99893,100,101376,100,99890,100,101394,100,99889,100,101507,100,99881,100,101571,100,99806,100
2019-06-28 09:53:40.000000000,100433,242,100320,242,100722,242,100132,342,100785,100,100088,100,100793,100,99964,100,101320,100,99918,100,101336,100,99893,100,101376,100,99890,100,101394,100,99889,100,101507,100,99881,100,101571,100,99806,100
2019-06-28 09:53:50.000000000,100433,384,100320,384,100722,100,100132,200,100785,100,100088,100,100793,100,99964,100,101320,100,99918,100,101336,100,99893,100,101376,100,99890,100,101394,100,99889,100,101507,100,99881,100,101571,100,99806,100
2019-06-28 09:53:55.412479250,100433,284,100320,384,100722,100,100132,200,100785,100,100088,100,100793,100,99964,100,101320,100,99918,100,101336,100,99893,100,101376,100,99890,100,101394,100,99889,100,101507,100,99881,100,101571,100,99806,100
2019-06-28 09:53:58.100151826,100433,284,100320,384,100722,100,100132,200,100756,100,100088,100,100785,100,99964,100,100793,100,99918,100,101320,100,99893,100,101336,100,99890,100,101376,100,99889,100,101394,100,99881,100,101507,100,99806,100
2019-06-28 09:54:00.000000000,100722,384,100320,384,100756,100,100132,200,100785,100,100088,100,100793,100,99964,100,101320,100,99918,100,101336,100,99893,100,101376,100,99890,100,101394,100,99889,100,101507,100,99881,100,101571,100,99806,100
2019-06-28 09:54:09.838837555,100722,384,100320,384,100751,100,100132,200,100756,100,100088,100,100785,100,99964,100,100793,100,99918,100,101320,100,99893,100,101336,100,99890,100,101376,100,99889,100,101394,100,99881,100,101507,100,99806,100
2019-06-28 09:54:10.000000000,100722,384,100320,384,100751,100,100132,200,100756,100,100088,100,100785,100,99964,100,100793,100,99918,100,101320,100,99893,100,101336,100,99890,100,101376,100,99889,100,101394,100,99881,100,101507,100,99806,100
2019-06-28 09:54:17.279403389,100722,384,100575,100,100751,100,100320,384,100756,100,100132,200,100785,100,100088,100,100793,100,99964,100,101320,100,99918,100,101336,100,99893,100,101376,100,99890,100,101507,100,99889,100,101571,100,99881,100
2019-06-28 09:54:20.000000000,100722,384,100575,384,100751,100,100320,100,100756,100,100132,200,100785,100,100088,100,100793,100,99964,100,101320,100,99918,100,101336,100,99893,100,101376,100,99890,100,101507,100,99889,100,101571,100,99881,100
2019-06-28 09:54:30.000000000,100722,157,100575,157,100751,157,100320,157,100756,157,100132,257,100785,157,100088,157,100793,157,99964,157,101320,100,99918,100,101336,100,99893,100,101376,100,99890,100,101507,100,99889,100,101571,100,99881,100
2019-06-28 09:54:40.000000000,100722,171,100575,171,100751,171,100320,171,100756,171,100132,271,100785,171,100088,171,100793,100,99964,100,101320,100,99918,100,101336,100,99893,100,101376,100,99890,100,101507,100,99889,100,101571,100,99881,100
2019-06-28 09:54:40.927890900,100722,171,100575,171,100751,171,100320,171,100756,171,100132,271,100785,171,100088,171,100793,100,99964,100,101104,100,99918,100,101320,100,99893,100,101336,100,99890,100,101507,100,99889,100,101571,100,99881,100
2019-06-28 09:54:46.705703896,100722,171,100575,171,100751,171,100320,171,100756,71,100132,271,100785,171,100088,171,100793,100,99964,100,101080,100,99918,100,101104,100,99893,100,101320,100,99890,100,101336,100,99889,100,101507,100,99881,100
2019-06-28 09:54:50.000000000,100722,171,100575,171,100751,171,100320,171,100785,171,100132,271,100793,171,100088,171,101080,100,99964,100,101104,100,99918,100,101320,100,99893,100,101336,100,99890,100,101507,100,99889,100,101571,100,99881,100
2019-06-28 09:55:00.000000000,100722,242,100575,242,100751,242,100320,242,100785,100,100132,200,100793,100,100088,100,101080,100,99964,100,101104,100,99918,100,101320,100,99893,100,101336,100,99890,100,101507,100,99889,100,101571,100,99881,100
2019-06-28 09:55:07.853842560,100722,142,100575,242,100751,242,100320,242,100785,100,100132,200,100793,100,100088,100,101080,100,99964,100,101104,100,99918,100,101320,100,99893,100,101336,100,99890,100,101507,100,99889,100,101571,100,99881,100
2019-06-28 09:55:10.000000000,100751,171,100575,171,100785,171,100320,171,100793,171,100132,271,101080,171,100088,171,101104,100,99964,100,101320,100,99918,100,101336,100,99893,100,101507,100,99890,100,101571,100,99889,100,101605,100,99881,100
2019-06-28 09:55:20.000000000,100751,197,100575,197,100785,194,100320,194,100793,194,100132,294,101080,100,100088,100,101104,100,99964,100,101320,100,99918,100,101336,100,99893,100,101507,100,99890,100,101571,100,99889,100,101605,100,99881,100
2019-06-28 09:55:30.000000000,100751,171,100575,171,100785,171,100320,171,100793,171,100132,271,101080,171,100088,171,101104,100,99964,100,101320,100,99918,100,101336,100,99893,100,101507,100,99890,100,101571,100,99889,100,101605,100,99881,100
2019-06-28 09:55:40.000000000,100751,157,100575,157,100785,157,100320,157,100793,157,100132,257,101080,157,100088,157,101104,157,99964,157,101320,100,99918,100,101336,100,99893,100,101507,100,99890,100,101571,100,99889,100,101605,100,99881,100
2019-06-28 09:55:50.000000000,100751,242,100575,242,100785,242,100320,242,100793,100,100132,200,101080,100,100088,100,101104,100,99964,100,101320,100,99918,100,101336,100,99893,100,101507,100,99890,100,101571,100,99889,100,101605,100,99881,100
2019-06-28 09:56:00.000000000,100751,171,100575,171,100785,171,100320,171,100793,171,100132,271,101080,171,100088,171,101104,100,99964,100,101320,100,99918,100,101336,100,99893,100,101507,100,99890,100,101571,100,99889,100,101605,100,99881,100
2019-06-28 09:56:10.000000000,100751,197,100575,197,100785,194,100320,194,100793,194,100132,294,101080,100,100088,100,101104,100,99964,100,101320,100,99918,100,101336,100,99893,100,101507,100,99890,100,101571,100,99889,100,101605,100,99881,100
2019-06-28 09:56:20.000000000,100751,197,100575,197,100785,194,100320,194,100793,194,100132,294,101080,100,100088,100,101104,100,99964,100,101320,100,99918,100,101336,100,99893,100,101507,100,99890,100,101571,100,99889,100,101605,100,99881,100
2019-06-28 09:56:23.141617031,100751,97,100575,197,100785,194,100320,194,100793,194,100132,294,101080,100,100088,100,101104,100,99964,100,101320,100,99918,100,101336,100,99893,100,101507,100,99890,100,101571,100,99881,100,101605,100,99806,100
2019-06-28 09:56:30.000000000,100785,242,100575,242,100793,242,100320,242,101080,100,100132,200,101104,100,100088,100,101320,100,99964,100,101336,100,99918,100,101507,100,99893,100,101571,100,99890,100,101605,100,99881,100,,,99806,100
2019-06-28 09:56:39.646071575,100785,142,100575,242,100793,242,100320,242,101080,100,100132,200,101104,100,100088,100,101320,100,99964,100,101336,100,99918,100,101507,100,99893,100,101605,100,99890,100,,,99881,100,,,99806,100
2019-06-28 09:56:40.000000000,100793,197,100575,197,101080,194,100320,194,101104,194,100132,294,101320,100,100088,100,101336,100,99964,100,101507,100,99918,100,101605,100,99893,100,,,99890,100,,,99881,100,,,99806,100
2019-06-28 09:56:50.000000000,100793,171,100575,171,101080,171,100320,171,101104,171,100132,271,101320,171,100088,171,101336,100,99964,100,101507,100,99918,100,101605,100,99893,100,,,99890,100,,,99881,100,,,99806,100
2019-06-28 09:56:58.598575157,100793,171,100751,100,101080,171,100575,171,101104,171,100320,171,101320,171,100132,271,101336,100,100088,171,101507,100,99964,100,101605,100,99918,100,,,99893,100,,,99890,100,,,99881,100
2019-06-28 09:57:00.000000000,100793,384,100751,384,101080,100,100575,100,101104,100,100320,100,101320,100,100132,200,101336,100,100088,100,101507,100,99964,100,101605,100,99918,100,,,99893,100,,,99890,100,,,99881,100
2019-06-28 09:57:10.000000000,100793,197,100751,197,101080,194,100575,194,101104,194,100320,194,101320,100,100132,200,101336,100,100088,100,101507,100,99964,100,101605,100,99918,100,,,99893,100,,,99890,100,,,99881,100
2019-06-28 09:57:20.000000000,100793,171,100751,171,101080,171,100575,171,101104,171,100320,171,101320,171,100132,271,101336,100,100088,100,101507,100,99964,100,101605,100,99918,100,,,99893,100,,,99890,100,,,99881,100
2019-06-28 09:57:30.000000000,100793,197,100751,197,101080,194,100575,194,101104,194,100320,194,101320,100,100132,200,101336,100,100088,100,101507,100,99964,100,101605,100,99918,100,,,99893,100,,,99890,100,,,99881,100
2019-06-28 09:57:36.399403954,100793,197,100751,97,101080,194,100575,194,101104,194,100320,194,101320,100,100132,200,101336,100,100088,100,101507,100,99964,100,101605,100,99918,100,,,99893,100,,,99890,100,,,99881,100
2019-06-28 09:57:40.000000000,100793,242,100575,242,101080,242,100320,242,101104,100,100132,200,101320,100,100088,100,101336,100,99964,100,101507,100,99918,100,101605,100,99893,100,,,99890,100,,,99881,100,,,99806,100
2019-06-28 09:57:50.000000000,100793,171,100575,171,101080,171,100320,171,101104,171,100132,271,101320,171,100088,171,101336,100,99964,100,101507,100,99918,100,101605,100,99893,100,,,99890,100,,,99881,100,,,99806,100
2019-06-28 09:57:52.848396814,100793,171,100575,171,101080,171,100320,171,101104,171,100132,271,101320,171,100098,100,101336,100,100088,171,101507,100,99964,100,101605,100,99918,100,,,99893,100,,,99890,100,,,99881,100
2019-06-28 09:58:00.000000000,100793,384,100575,384,101080,100,100320,100,101104,100,100132,200,101320,100,100098,100,101336,100,100088,100,101507,100,99964,100,101605,100,99918,100,,,99893,100,,,99890,100,,,99881,100
2019-06-28 09:58:03.290664786,100784,100,100575,384,100793,384,100320,100,101080,100,100132,200,101104,100,100098,100,101320,100,100088,100,101336,100,99964,100,101507,100,99918,100,101605,100,99893,100,,,99890,100,,,99881,100
2019-06-28 09:58:05.002461626,100607,100,100575,384,100784,100,100320,100,100793,384,100132,200,101080,100,100098,100,101104,100,100088,100,101320,100,99964,100,101336,100,99918,100,101605,100,99893,100,,,99890,100,,,99881,100
2019-06-28 09:58:10.000000000,100607,384,100575,384,100784,100,100320,100,100793,100,100132,200,101080,100,100098,100,101104,100,100088,100,101320,100,99964,100,101336,100,99918,100,101605,100,99893,100,,,99890,100,,,99881,100
2019-06-28 09:58:13.836899856,100607,384,100575,384,100784,100,100320,100,100793,100,100313,100,101080,100,100132,200,101104,100,100098,100,101320,100,100088,100,101336,100,99964,100,101605,100,99918,100,,,99893,100,,,99890,100
2019-06-28 09:58:16.670868661,100607,384,100575,284,100784,100,100320,100,100793,100,100313,100,101080,100,100132,200,101104,100,100098,100,101320,100,100088,100,101336,100,99964,100,101605,100,99918,100,,,99890,100,,,99881,100
2019-06-28 09:58:18.429500692,100607,384,100575,184,100784,100,100320,100,100793,100,100313,100,101080,100,100132,200,101104,100,100098,100,101320,100,100088,100,101336,100,99964,100,101605,100,99918,100,,,99890,100,,,99881,100
2019-06-28 09:58:20.000000000,100607,242,100320,242,100784,242,100313,242,100793,100,100132,200,101080,100,100098,100,101104,100,100088,100,101320,100,99964,100,101336,100,99918,100,101605,100,99890,100,,,99881,100,,,99806,100
2019-06-28 09:58:21.039998003,100454,100,100320,242,100607,242,100313,242,100784,242,100132,200,100793,100,100098,100,101080,100,100088,100,101104,100,99964,100,101320,100,99918,100,101336,100,99890,100,101605,100,99881,100,,,99806,100
2019-06-28 09:58:30.000000000,100454,197,100320,197,100607,194,100313,194,100784,194,100132,294,100793,100,100098,100,101080,100,100088,100,101104,100,99964,100,101320,100,99918,100,101336,100,99890,100,101605,100,99881,100,,,99806,100
2019-06-28 09:58:33.941959966,100454,197,100320,97,100607,194,100313,194,100784,194,100132,294,100793,100,100098,100,101080,100,100088,100,101104,100,99964,100,101320,100,99918,100,101336,100,99890,100,101605,100,99881,100,,,99806,100
2019-06-28 09:58:38.751862335,100454,197,100320,97,100575,100,100313,194,100607,194,100132,294,100784,194,100098,100,100793,100,100088,100,101080,100,99918,100,101104,100,99890,100,101320,100,99881,100,101336,100,99806,100,101605,100,,
2019-06-28 09:58:40.000000000,100454,171,100313,171,100575,171,100132,271,100607,171,100098,171,100784,171,100088,171,100793,100,99918,100,101080,100,99890,100,101104,100,99881,100,101320,100,99806,100,101336,100,,,101605,100,,
2019-06-28 09:58:41.248368384,100453,100,100313,171,100454,171,100132,271,100575,171,100098,171,100607,171,100088,171,100784,171,99918,100,100793,100,99890,100,101080,100,99881,100,101104,100,99806,100,101320,100,,,101336,100,,
2019-06-28 09:58:50.000000000,100453,197,100313,197,100454,194,100132,294,100575,194,100098,194,100607,100,100088,100,100784,100,99918,100,100793,100,99890,100,101080,100,99881,100,101104,100,99806,100,101320,100,,,101336,100,,
2019-06-28 09:58:53.568678806,100453,197,100313,97,100454,194,100132,294,100575,194,100098,194,100607,100,100088,100,100784,100,99918,100,100793,100,99890,100,101080,100,99881,100,101104,100,99806,100,101320,100,,,101336,100,,
2019-06-28 09:59:00.000000000,100453,242,100132,342,100454,242,100098,242,100575,100,100088,100,100607,100,99918,100,100784,100,99890,100,100793,100,99881,100,101080,100,99806,100,101104,100,,,101320,100,,,101336,100,,
2019-06-28 09:59:10.000000000,100453,171,100132,271,100454,171,100098,171,100575,171,100088,171,100607,171,99918,171,100784,100,99890,100,100793,100,99881,100,101080,100,99806,100,101104,100,,,101320,100,,,101336,100,,
2019-06-28 09:59:11.041607953,100320,100,100132,271,100453,171,100098,171,100454,171,100088,171,100575,171,99918,171,100607,171,99890,100,100784,100,99881,100,100793,100,99806,100,101080,100,,,101104,100,,,101320,100,,
2019-06-28 09:59:20.000000000,100320,197,100132,297,100453,194,100098,194,100454,194,100088,194,100575,100,99918,100,100607,100,99890,100,100784,100,99881,100,100793,100,99806,100,101080,100,,,101104,100,,,101320,100,,
2019-06-28 09:59:29.071987770,100320,297,100132,297,100453,194,100098,194,100454,194,100088,194,100575,100,99918,100,100607,100,99890,100,100784,100,99881,100,100793,100,99806,100,101080,100,,,101104,100,,,101320,100,,
2019-06-28 09:59:30.000000000,100320,257,100132,257,100453,157,100098,157,100454,157,100088,157,100575,157,99918,157,100607,157,99890,157,100784,100,99881,100,100793,100,99806,100,101080,100,,,101104,100,,,101320,100,,
2019-06-28 09:59:36.413997688,100320,257,100132,157,100453,157,100098,157,100454,157,100088,157,100575,157,99918,157,100607,157,99890,157,100784,100,99881,100,100793,100,99806,100,101080,100,,,101104,100,,,101320,100,,
2019-06-28 09:59:40.000000000,100320,271,100132,171,100453,171,100098,171,100454,171,100088,171,100575,171,99918,171,100607,100,99890,100,100784,100,99881,100,100793,100,99806,100,101080,100,,,101104,100,,,101320,100,,
2019-06-28 09:59:44.934625800,100320,271,100133,100,100453,171,100132,171,100454,171,100098,171,100575,171,100088,171,100607,100,99918,171,100784,100,99890,100,100793,100,99881,100,101080,100,99806,100,101104,100,,,101320,100,,
2019-06-28 09:59:50.000000000,100320,257,100133,157,100453,157,100132,157,100454,157,100098,157,100575,157,100088,157,100607,157,99918,157,100784,100,99890,100,100793,100,99881,100,101080,100,99806,100,101104,100,,,101320,100,,
2019-06-28 09:59:55.931496947,100159,100,100133,157,100320,257,100132,157,100453,157,100098,157,100454,157,100088,157,100575,157,99918,157,100607,157,99890,100,100784,100,99881,100,100793,100,99806,100,101080,100,,,101104,100,,
2019-06-28 09:59:57.762163796,100320,257,100133,157,100453,157,100132,157,100454,157,100098,157,100575,157,100088,157,100607,157,99918,157,100784,100,99890,100,100793,100,99881,100,101080,100,99806,100,101104,100,,,101320,100,,
2019-06-28 10:00:00.000000000,100320,257,100133,157,100453,157,100132,157,100454,157,100098,157,100575,157,100088,157,100607,157,99918,157,100784,100,99890,100,100793,100,99881,100,101080,100,99806,100,101104,100,,,101320,100,,
2019-06-28 10:00:10.000000000,100320,257,100133,157,100453,157,100132,157,100454,157,100098,157,100575,157,100088,157,100607,157,99918,157,100784,100,99890,100,100793,100,99881,100,101080,100,99806,100,101104,100,,,101320,100,,
2019-06-28 10:00:12.461162629,100320,257,100133,157,100453,157,100132,157,100454,157,100128,100,100575,157,100098,157,100607,157,100088,157,100784,100,99918,157,100793,100,99890,100,101080,100,99881,100,101104,100,99806,100,101320,100,,
2019-06-28 10:00:20.000000000,100320,271,100133,171,100453,171,100132,171,100454,171,100128,171,100575,171,100098,171,100607,100,100088,100,100784,100,99918,100,100793,100,99890,100,101080,100,99881,100,101104,100,99806,100,101320,100,,
2019-06-28 10:00:30.000000000,100320,271,100133,171,100453,171,100132,171,100454,171,100128,171,100575,171,100098,171,100607,100,100088,100,100784,100,99918,100,100793,100,99890,100,101080,100,99881,100,101104,100,99806,100,101320,100,,
2019-06-28 10:00:40.000000000,100320,271,100133,171,100453,171,100132,171,100454,171,100128,171,100575,171,100098,171,100607,100,100088,100,100784,100,99918,100,100793,100,99890,100,101080,100,99881,100,101104,100,99806,100,101320,100,,
2019-06-28 10:00:50.000000000,100320,257,100133,157,100453,157,100132,157,100454,157,100128,157,100575,157,100098,157,100607,157,100088,157,100784,100,99918,100,100793,100,99890,100,101080,100,99881,100,101104,100,99806,100,101320,100,,
2019-06-28 10:00:50.223564124,100320,257,100133,157,100453,157,100132,157,100454,157,100128,157,100575,157,100098,157,100607,157,100088,157,100784,100,99990,100,100793,100,99918,100,101080,100,99890,100,101104,100,99881,100,101320,100,99806,100
2019-06-28 10:00:56.290129785,100320,257,100133,157,100453,157,100132,157,100454,157,100128,157,100575,157,100098,157,100607,157,100088,157,100784,100,100038,100,100793,100,99990,100,101080,100,99918,100,101104,100,99890,100,101320,100,99881,100
2019-06-28 10:01:00.000000000,100320,484,100133,384,100453,100,100132,100,100454,100,100128,100,100575,100,100098,100,100607,100,100088,100,100784,100,100038,100,100793,100,99990,100,101080,100,99918,100,101104,100,99890,100,101320,100,99881,100
2019-06-28 10:01:10.000000000,100320,257,100133,157,100453,157,100132,157,100454,157,100128,157,100575,157,100098,157,100607,157,100088,157,100784,100,100038,100,100793,100,99990,100,101080,100,99918,100,101104,100,99890,100,101320,100,99881,100
2019-06-28 10:01:15.563037988,100159,100,100133,157,100320,257,100132,157,100453,157,100128,157,100454,157,100098,157,100575,157,100088,157,100607,157,100038,100,100784,100,99990,100,100793,100,99918,100,101080,100,99890,100,101104,100,99881,100
2019-06-28 10:01:20.000000000,100159,197,100133,197,100320,294,100132,194,100453,194,100128,194,100454,100,100098,100,100575,100,100088,100,100607,100,100038,100,100784,100,99990,100,100793,100,99918,100,101080,100,99890,100,101104,100,99881,100
2019-06-28 10:01:21.485484710,100159,197,100133,197,100320,294,100132,194,100453,194,100128,194,100454,100,100098,100,100575,100,100088,100,100607,100,100038,100,100784,100,99990,100,100793,100,99971,100,101080,100,99918,100,101104,100,99890,100
2019-06-28 10:01:30.000000000,100159,384,100133,384,100320,200,100132,100,100453,100,100128,100,100454,100,100098,100,100575,100,100088,100,100607,100,100038,100,100784,100,99990,100,100793,100,99971,100,101080,100,99918,100,101104,100,99890,100
2019-06-28 10:01:40.000000000,100159,197,100133,197,100320,294,100132,194,100453,194,100128,194,100454,100,100098,100,100575,100,100088,100,100607,100,100038,100,100784,100,99990,100,100793,100,99971,100,101080,100,99918,100,101104,100,99890,100
2019-06-28 10:01:45.538325369,100159,197,100133,197,100298,100,100132,194,100320,294,100128,194,100453,194,100098,100,100454,100,100088,100,100575,100,100038,100,100607,100,99990,100,100784,100,99971,100,100793,100,99918,100,101080,100,99890,100
2019-06-28 10:01:50.000000000,100159,157,100133,157,100298,157,100132,157,100320,257,100128,157,100453,157,100098,157,100454,157,100088,157,100575,100,100038,100,100607,100,99990,100,100784,100,99971,100,100793,100,99918,100,101080,100,99890,100
2019-06-28 10:02:00.000000000,100159,171,100133,171,100298,171,100132,171,100320,271,100128,171,100453,171,100098,171,100454,100,100088,100,100575,100,100038,100,100607,100,99990,100,100784,100,99971,100,100793,100,99918,100,101080,100,99890,100
2019-06-28 10:02:08.169751507,100159,171,100133,171,100298,171,100132,171,100320,271,100128,171,100453,71,100098,171,100454,100,100088,100,100575,100,100038,100,100607,100,99990,100,100784,100,99971,100,100793,100,99918,100,101080,100,99890,100
2019-06-28 10:02:10.000000000,100159,197,100133,197,100298,194,100132,194,100320,294,100128,194,100454,100,100098,100,100575,100,100088,100,100607,100,100038,100,100784,100,99990,100,100793,100,99971,100,101080,100,99918,100,101104,100,99890,100
2019-06-28 10:02:11.136097403,100159,197,100133,197,100298,194,100132,194,100320,294,100128,194,100454,100,100098,100,100575,100,100088,100,100607,100,100038,100,100784,100,99990,100,100793,100,99971,100,101080,100,99918,100,101104,100,99897,100
2019-06-28 10:02:20.000000000,100159,197,100133,197,100298,194,100132,194,100320,294,100128,194,100454,100,100098,100,100575,100,100088,100,100607,100,100038,100,100784,100,99990,100,100793,100,99971,100,101080,100,99918,100,101104,100,99897,100
2019-06-28 10:02:30.000000000,100159,242,100133,242,100298,242,100132,242,100320,200,100128,100,100454,100,100098,100,100575,100,100088,100,100607,100,100038,100,100784,100,99990,100,100793,100,99971,100,101080,100,99918,100,101104,100,99897,100
2019-06-28 10:02:40.000000000,100159,242,100133,242,100298,242,100132,242,100320,200,100128,100,100454,100,100098,100,100575,100,100088,100,100607,100,100038,100,100784,100,99990,100,100793,100,99971,100,101080,100,99918,100,101104,100,99897,100
2019-06-28 10:02:50.000000000,100159,197,100133,197,100298,194,100132,194,100320,294,100128,194,100454,100,100098,100,100575,100,100088,100,100607,100,100038,100,100784,100,99990,100,100793,100,99971,100,101080,100,99918,100,101104,100,99897,100
2019-06-28 10:03:00.000000000,100159,171,100133,171,100298,171,100132,171,100320,271,100128,171,100454,171,100098,171,100575,100,100088,100,100607,100,100038,100,100784,100,99990,100,100793,100,99971,100,101080,100,99918,100,101104,100,99897,100
2019-06-28 10:03:05.499548608,100159,171,100133,171,100298,171,100132,171,100320,271,100128,171,100454,171,100098,171,100575,100,100088,100,100607,100,100038,100,100784,100,99990,100,100793,100,99971,100,101080,100,99918,100,101104,100,99897,100
2019-06-28 10:03:10.000000000,100159,242,100133,242,100298,242,100132,242,100320,200,100128,100,100454,100,100098,100,100575,100,100088,100,100607,100,100038,100,100784,100,99990,100,100793,100,99971,100,101080,100,99918,100,101104,100,99897,100
2019-06-28 10:03:14.914535095,100159,242,100133,142,100298,242,100132,242,100320,200,100128,100,100454,100,100098,100,100575,100,100088,100,100607,100,100038,100,100784,100,99990,100,100793,100,99971,100,101080,100,99918,100,101104,100,99890,100
2019-06-28 10:03:17.538948041,100159,242,100133,142,100298,242,100132,242,100320,200,100128,100,100454,100,100098,100,100575,100,100088,100,100607,100,100038,100,100784,100,99990,100,100793,100,99971,100,101080,100,99918,100,101104,100,99890,100
2019-06-28 10:03:20.000000000,100159,197,100132,197,100298,194,100128,194,100320,294,100098,194,100454,100,100088,100,100575,100,100038,100,100607,100,99990,100,100784,100,99971,100,100793,100,99918,100,101080,100,99890,100,101104,100,99881,100
2019-06-28 10:03:26.406320798,100159,197,100132,97,100298,194,100128,194,100320,294,100098,194,100454,100,100088,100,100575,100,100038,100,100607,100,99990,100,100784,100,99971,100,100793,100,99918,100,101080,100,99890,100,101104,100,99881,100
2019-06-28 10:03:30.000000000,100159,197,100128,197,100298,194,100098,194,100320,294,100088,194,100454,100,100038,100,100575,100,99990,100,100607,100,99971,100,100784,100,99918,100,100793,100,99890,100,101080,100,99881,100,101104,100,99629,100
2019-06-28 10:03:40.000000000,100159,384,100128,384,100298,100,100098,100,100320,200,100088,100,100454,100,100038,100,100575,100,99990,100,100607,100,99971,100,100784,100,99918,100,100793,100,99890,100,101080,100,99881,100,101104,100,99629,100
2019-06-28 10:03:50.000000000,100159,242,100128,242,100298,242,100098,242,100320,200,100088,100,100454,100,100038,100,100575,100,99990,100,100607,100,99971,100,100784,100,99918,100,100793,100,99890,100,101080,100,99881,100,101104,100,99629,100
2019-06-28 10:04:00.000000000,100159,157,100128,157,100298,157,100098,157,100320,257,100088,157,100454,157,100038,157,100575,157,99990,157,100607,100,99971,100,100784,100,99918,100,100793,100,99890,100,101080,100,99881,100,101104,100,99629,100
2019-06-28 10:04:02.904915884,100159,157,100128,157,100298,157,100098,157,100320,257,100088,157,100454,157,100038,157,100575,157,99990,57,100607,100,99989,100,100784,100,99971,100,100793,100,99918,100,101080,100,99890,100,101104,100,99881,100
2019-06-28 10:04:10.000000000,100159,171,100128,171,100298,171,100098,171,100320,271,100088,171,100454,171,100038,171,100575,100,99989,100,100607,100,99971,100,100784,100,99918,100,100793,100,99890,100,101080,100,99881,100,101104,100,99629,100
2019-06-28 10:04:20.000000000,100159,157,100128,157,100298,157,100098,157,100320,257,100088,157,100454,157,100038,157,100575,157,99989,157,100607,100,99971,100,100784,100,99918,100,100793,100,99890,100,101080,100,99881,100,101104,100,99629,100
2019-06-28 10:04:27.153887802,100159,57,100128,157,100298,157,100098,157,100320,257,100088,157,100454,157,100038,157,100575,157,99989,157,100607,100,99971,100,100784,100,99918,100,100793,100,99890,100,101104,100,99881,100,101320,100,99629,100
2019-06-28 10:04:30.000000000,100298,197,100128,197,100320,294,100098,194,100454,194,100088,194,100575,100,100038,100,100607,100,99989,100,100784,100,99971,100,100793,100,99918,100,101104,100,99890,100,101320,100,99881,100,101336,100,99629,100
2019-06-28 10:04:34.043215523,100298,197,100133,100,100320,294,100128,197,100454,194,100098,194,100575,100,100088,94,100607,100,100038,100,100784,100,99989,100,100793,100,99971,100,101104,100,99918,100,101320,100,99890,100,101336,100,99881,100
2019-06-28 10:04:40.000000000,100298,384,100133,384,100320,200,100128,100,100454,100,100098,100,100575,100,100038,100,100607,100,99989,100,100784,100,99971,100,100793,100,99918,100,101104,100,99890,100,101320,100,99881,100,101336,100,99629,100
2019-06-28 10:04:50.000000000,100298,384,100133,384,100320,200,100128,100,100454,100,100098,100,100575,100,100038,100,100607,100,99989,100,100784,100,99971,100,100793,100,99918,100,101104,100,99890,100,101320,100,99881,100,101336,100,99629,100
2019-06-28 10:05:00.000000000,100298,384,100133,384,100320,200,100128,100,100454,100,100098,100,100575,100,100038,100,100607,100,99989,100,100784,100,99971,100,100793,100,99918,100,101104,100,99890,100,101320,100,99881,100,101336,100,99629,100
2019-06-28 10:05:10.000000000,100298,157,100133,157,100320,257,100128,157,100454,157,100098,157,100575,157,100038,157,100607,157,99989,157,100784,100,99971,100,100793,100,99918,100,101104,100,99890,100,101320,100,99881,100,101336,100,99629,100
2019-06-28 10:05:20.000000000,100298,157,100133,157,100320,257,100128,157,100454,157,100098,157,100575,157,100038,157,100607,157,99989,157,100784,100,99971,100,100793,100,99918,100,101104,100,99890,100,101320,100,99881,100,101336,100,99629,100
2019-06-28 10:05:30.000000000,100298,157,100133,157,100320,257,100128,157,100454,157,100098,157,100575,157,100038,157,100607,157,99989,157,100784,100,99971,100,100793,100,99918,100,101104,100,99890,100,101320,100,99881,100,101336,100,99629,100
2019-06-28 10:05:35.130808605,100158,100,100133,157,100298,157,100128,157,100320,257,100098,157,100454,157,100038,157,100575,157,99989,157,100607,157,99971,100,100784,100,99918,100,100793,100,99890,100,101104,100,99881,100,101320,100,99629,100
2019-06-28 10:05:40.000000000,100158,197,100133,197,100298,194,100128,194,100320,294,100098,194,100454,100,100038,100,100575,100,99989,100,100607,100,99971,100,100784,100,99918,100,100793,100,99890,100,101104,100,99881,100,101320,100,99629,100
2019-06-28 10:05:42.651896786,100158,197,100133,97,100298,194,100128,194,100320,294,100098,194,100454,100,100038,100,100575,100,99989,100,100607,100,99971,100,100784,100,99918,100,100793,100,99881,100,101104,100,99629,100,101320,100,99506,100
2019-06-28 10:05:50.000000000,100158,197,100128,197,100298,194,100098,194,100320,294,100038,194,100454,100,99989,100,100575,100,99971,100,100607,100,99918,100,100784,100,99881,100,100793,100,99629,100,101104,100,99506,100,101320,100,,
2019-06-28 10:06:00.000000000,100158,242,100128,242,100298,242,100098,242,100320,200,100038,100,100454,100,99989,100,100575,100,99971,100,100607,100,99918,100,100784,100,99881,100,100793,100,99629,100,101104,100,99506,100,101320,100,,
2019-06-28 10:06:10.000000000,100158,384,100128,384,100298,100,100098,100,100320,200,100038,100,100454,100,99989,100,100575,100,99971,100,100607,100,99918,100,100784,100,99881,100,100793,100,99629,100,101104,100,99506,100,101320,100,,
2019-06-28 10:06:19.392543553,100158,284,100128,384,100298,100,100098,100,100320,200,100038,100,100454,100,99989,100,100575,100,99971,100,100607,100,99918,100,100784,100,99881,100,100793,100,99629,100,101104,100,99506,100,101320,100,,
2019-06-28 10:06:20.000000000,100298,171,100128,171,100320,271,100098,171,100454,171,100038,171,100575,171,99989,171,100607,100,99971,100,100784,100,99918,100,100793,100,99881,100,101104,100,99629,100,101320,100,99506,100,101336,100,,
2019-06-28 10:06:30.000000000,100298,197,100128,197,100320,294,100098,194,100454,194,100038,194,100575,100,99989,100,100607,100,99971,100,100784,100,99918,100,100793,100,99881,100,101104,100,99629,100,101320,100,99506,100,101336,100,,
2019-06-28 10:06:35.286279019,100298,197,100128,197,100320,294,100098,194,100454,194,100038,194,100575,100,99989,100,100607,100,99971,100,100648,100,99918,100,100784,100,99881,100,100793,100,99629,100,101104,100,99506,100,101320,100,,
2019-06-28 10:06:40.000000000,100298,197,100128,197,100320,294,100098,194,100454,194,100038,194,100575,100,99989,100,100607,100,99971,100,100648,100,99918,100,100784,100,99881,100,100793,100,99629,100,101104,100,99506,100,101320,100,,
2019-06-28 10:06:42.081108122,100298,97,100128,197,100320,294,100098,194,100454,194,100038,194,100575,100,99989,100,100607,100,99971,100,100648,100,99918,100,100784,100,99881,100,100793,100,99629,100,101104,100,99506,100,101320,100,,
2019-06-28 10:06:50.000000000,100320,257,100128,157,100454,157,100098,157,100575,157,100038,157,100607,157,99989,157,100648,157,99971,157,100784,100,99918,100,100793,100,99881,100,101104,100,99629,100,101320,100,99506,100,101336,100,,
2019-06-28 10:07:00.000000000,100320,484,100128,384,100454,100,100098,100,100575,100,100038,100,100607,100,99989,100,100648,100,99971,100,100784,100,99918,100,100793,100,99881,100,101104,100,99629,100,101320,100,99506,100,101336,100,,
2019-06-28 10:07:05.051351246,100320,484,100128,384,100454,100,100098,100,100575,100,100038,100,100607,100,99989,100,100648,100,99971,100,100775,100,99918,100,100784,100,99881,100,100793,100,99629,100,101104,100,99506,100,101320,100,,
2019-06-28 10:07:10.000000000,100320,342,100128,242,100454,242,100098,242,100575,100,100038,100,100607,100,99989,100,100648,100,99971,100,100775,100,99918,100,100784,100,99881,100,100793,100,99629,100,101104,100,99506,100,101320,100,,
2019-06-28 10:07:20.000000000,100320,271,100128,171,100454,171,100098,171,100575,171,100038,171,100607,171,99989,171,100648,100,99971,100,100775,100,99918,100,100784,100,99881,100,100793,100,99629,100,101104,100,99506,100,101320,100,,
2019-06-28 10:07:30.000000000,100320,297,100128,197,100454,194,100098,194,100575,194,100038,194,100607,100,99989,100,100648,100,99971,100,100775,100,99918,100,100784,100,99881,100,100793,100,99629,100,101104,100,99506,100,101320,100,,
2019-06-28 10:07:40.000000000,100320,342,100128,242,100454,242,100098,242,100575,100,100038,100,100607,100,99989,100,100648,100,99971,100,100775,100,99918,100,100784,100,99881,100,100793,100,99629,100,101104,100,99506,100,101320,100,,
2019-06-28 10:07:41.036230781,100320,342,100128,242,100454,242,100098,242,100575,100,100038,100,100607,100,99989,100,100648,100,99971,100,100669,100,99918,100,100775,100,99881,100,100784,100,99629,100,101104,100,99506,100,101320,100,,
2019-06-28 10:07:50.000000000,100320,257,100128,157,100454,157,100098,157,100575,157,100038,157,100607,157,99989,157,100648,157,99971,157,100669,100,99918,100,100775,100,99881,100,100784,100,99629,100,101104,100,99506,100,101320,100,,
2019-06-28 10:07:53.425751501,100320,157,100128,157,100454,157,100098,157,100575,157,100038,157,100607,157,99989,157,100648,157,99971,157,100669,100,99918,100,100775,100,99881,100,100784,100,99629,100,101104,100,99506,100,101320,100,,
2019-06-28 10:08:00.000000000,100320,171,100128,171,100454,171,100098,171,100575,171,100038,171,100607,171,99989,171,100648,100,99971,100,100669,100,99918,100,100775,100,99881,100,100784,100,99629,100,101104,100,99506,100,101320,100,,
2019-06-28 10:08:10.000000000,100320,157,100128,157,100454,157,100098,157,100575,157,100038,157,100607,157,99989,157,100648,157,99971,157,100669,100,99918,100,100775,100,99881,100,100784,100,99629,100,101104,100,99506,100,101320,100,,
2019-06-28 10:08:20.000000000,100320,242,100128,242,100454,242,100098,242,100575,100,100038,100,100607,100,99989,100,100648,100,99971,100,100669,100,99918,100,100775,100,99881,100,100784,100,99629,100,101104,100,99506,100,101320,100,,
2019-06-28 10:08:30.000000000,100320,157,100128,157,100454,157,100098,157,100575,157,100038,157,100607,157,99989,157,100648,157,99971,157,100669,100,99918,100,100775,100,99881,100,100784,100,99629,100,101104,100,99506,100,101320,100,,
2019-06-28 10:08:40.000000000,100320,242,100128,242,100454,242,100098,242,100575,100,100038,100,100607,100,99989,100,100648,100,99971,100,100669,100,99918,100,100775,100,99881,100,100784,100,99629,100,101104,100,99506,100,101320,100,,
2019-06-28 10:08:50.000000000,100320,157,100128,157,100454,157,100098,157,100575,157,100038,157,100607,157,99989,157,100648,157,99971,157,100669,100,99918,100,100775,100,99881,100,100784,100,99629,100,101104,100,99506,100,101320,100,,
2019-06-28 10:09:00.000000000,100320,242,100128,242,100454,242,100098,242,100575,100,100038,100,100607,100,99989,100,100648,100,99971,100,100669,100,99918,100,100775,100,99881,100,100784,100,99629,100,101104,100,99506,100,101320,100,,
