,ask_price_1,ask_size_1,bid_price_1,bid_size_1,ask_price_2,ask_size_2,bid_price_2,bid_size_2,ask_price_3,ask_size_3,bid_price_3,bid_size_3,ask_price_4,ask_size_4,bid_price_4,bid_size_4,ask_price_5,ask_size_5,bid_price_5,bid_size_5,ask_price_6,ask_size_6,bid_price_6,bid_size_6,ask_price_7,ask_size_7,bid_price_7,bid_size_7,ask_price_8,ask_size_8,bid_price_8,bid_size_8,ask_price_9,ask_size_9,bid_price_9,bid_size_9,ask_price_10,ask_size_10,bid_price_10,bid_size_10
2019-06-28 09:30:00.000000002,,,99892,100,,,,,,,,,,,,,,,,,,,,,,,,,,,,,,,,,,,,
2019-06-28 09:30:00.000000003,100076,100,99892,100,,,,,,,,,,,,,,,,,,,,,,,,,,,,,,,,,,,,
2019-06-28 09:30:00.000000004,100076,100,99986,100,,,99892,100,,,,,,,,,,,,,,,,,,,,,,,,,,,,,,,,
2019-06-28 09:30:00.000000008,100038,100,99986,100,100076,100,99892,100,,,,,,,,,,,,,,,,,,,,,,,,,,,,,,,,
2019-06-28 09:30:00.000000009,100038,100,99986,100,100072,100,99892,100,100076,100,,,,,,,,,,,,,,,,,,,,,,,,,,,,,,
2019-06-28 09:30:00.000000010,100038,100,99986,100,100072,100,99892,100,100076,100,,,100198,100,,,,,,,,,,,,,,,,,,,,,,,,,,
2019-06-28 09:30:00.000000012,100038,100,99986,100,100072,100,99958,100,100076,100,99892,100,100198,100,,,,,,,,,,,,,,,,,,,,,,,,,,
2019-06-28 09:30:00.000000014,100037,100,100023,100,100038,100,99986,100,100063,100,99973,100,100072,100,99958,100,100076,100,99892,100,100198,100,,,,,,,,,,,,,,,,,,
2019-06-28 09:30:00.000000015,100037,100,100023,100,100038,100,99986,100,100063,100,99973,100,100072,100,99966,100,100076,100,99958,100,100098,100,99916,100,100198,100,99892,100,,,,,,,,,,,,
2019-06-28 09:30:00.000000017,100037,100,99986,100,100038,100,99973,100,100063,100,99966,100,100072,100,99958,100,100076,100,99916,100,100098,100,99892,100,100198,100,,,,,,,,,,,,,,
2019-06-28 09:30:00.000000018,100018,100,99986,100,100037,100,99973,100,100038,100,99966,100,100063,100,99958,100,100072,100,99916,100,100076,100,99892,100,100098,100,,,100198,100,,,,,,,,,,
2019-06-28 09:30:00.000000020,100018,100,99986,100,100037,100,99973,100,100038,100,99966,100,100063,100,99958,100,100072,100,99916,100,100076,100,99892,100,100098,100,,,100109,100,,,100198,100,,,,,,
2019-06-28 09:30:00.000000023,100018,100,99973,100,100037,100,99966,100,100038,100,99958,100,100063,100,99916,100,100072,100,99892,100,100076,100,,,100098,100,,,100109,100,,,100198,100,,,,,,
2019-06-28 09:30:00.000000024,100018,100,99987,100,100037,100,99973,100,100038,100,99966,100,100063,100,99958,100,100072,100,99916,100,100076,100,99892,100,100098,100,,,100109,100,,,100198,100,,,,,,
2019-06-28 09:30:00.000000025,100018,100,99987,100,100023,100,99973,100,100037,100,99966,100,100038,100,99958,100,100063,100,99916,100,100072,100,99892,100,100076,100,,,100098,100,,,100109,100,,,100198,100,,
2019-06-28 09:30:00.000000027,100018,100,99987,100,100023,100,99973,100,100037,100,99966,100,100038,100,99958,100,100063,100,99916,100,100072,100,99892,100,100076,100,99845,100,100098,100,,,100109,100,,,100198,100,,
2019-06-28 09:30:00.000000029,100018,100,99987,100,100023,100,99986,100,100037,100,99973,100,100038,100,99966,100,100063,100,99958,100,100072,100,99916,100,100076,200,99892,100,100098,100,99845,100,100109,100,,,100198,100,,
2019-06-28 09:30:00.000000033,100018,100,99987,100,100023,100,99986,100,100037,100,99973,100,100038,100,99966,100,100063,100,99958,100,100072,100,99916,100,100076,200,99892,100,100098,100,99873,100,100109,100,99845,100,100198,100,,
2019-06-28 09:30:00.000000034,100018,100,99987,100,100023,100,99986,100,100037,100,99973,100,100038,100,99966,100,100063,100,99958,100,100072,100,99952,100,100076,200,99916,100,100098,100,99892,100,100109,100,99873,100,100198,100,99845,100
2019-06-28 09:30:00.000000036,100018,100,99987,100,100023,100,99986,100,100037,100,99973,100,100038,100,99966,100,100063,100,99958,100,100072,100,99952,100,100076,200,99916,100,100098,100,99906,100,100109,100,99892,100,100198,100,99873,100
2019-06-28 09:30:00.000000039,100018,100,99987,100,100023,100,99986,100,100037,100,99973,100,100038,100,99966,100,100063,100,99958,100,100072,100,99952,100,100076,200,99916,100,100098,100,99906,100,100109,100,99893,100,100198,100,99892,100
2019-06-28 09:30:00.000000040,100017,100,99987,100,100018,100,99986,100,100023,100,99973,100,100037,100,99966,100,100038,100,99958,100,100063,100,99952,100,100072,100,99916,100,100076,200,99906,100,100098,100,99893,100,100109,100,99892,100
2019-06-28 09:30:00.000000044,100017,100,99987,100,100018,100,99986,100,100023,100,99973,100,100037,100,99966,100,100038,100,99958,100,100063,100,99952,100,100072,100,99916,100,100076,200,99906,100,100098,100,99893,100,100109,100,99892,100
2019-06-28 09:30:00.000000048,100017,100,99987,100,100018,100,99986,100,100023,100,99973,100,100037,100,99966,100,100038,100,99958,100,100063,100,99952,100,100072,100,99941,100,100076,200,99916,100,100098,100,99906,100,100109,100,99893,100
2019-06-28 09:30:00.000000049,100018,100,99987,100,100023,100,99986,100,100037,100,99973,100,100038,100,99966,100,100063,100,99958,100,100072,100,99952,100,100076,200,99941,100,100083,100,99916,100,100098,100,99906,100,100109,100,99893,100
2019-06-28 09:30:00.000000050,100018,100,99987,100,100023,100,99986,100,100037,100,99973,100,100038,100,99966,100,100063,100,99958,100,100072,100,99952,100,100076,200,99941,100,100083,100,99916,100,100098,100,99913,100,100109,100,99906,100
2019-06-28 09:30:00.000000051,100018,100,99987,100,100023,100,99986,100,100037,100,99973,100,100038,100,99966,100,100063,100,99958,100,100072,100,99952,100,100076,200,99941,100,100083,100,99916,100,100098,100,99914,100,100109,100,99913,100
2019-06-28 09:30:00.000000052,100018,100,99987,100,100023,100,99986,100,100037,100,99973,100,100038,100,99966,100,100063,100,99958,100,100072,100,99952,100,100076,200,99941,100,100083,100,99916,100,100098,100,99914,100,100109,100,99913,100
2019-06-28 09:30:00.000000053,100018,100,100017,100,100023,100,99987,100,100037,100,99986,100,100038,100,99973,100,100063,100,99966,100,100072,100,99958,100,100076,200,99952,100,100083,100,99941,100,100098,100,99916,100,100109,100,99914,100
2019-06-28 09:30:00.000000054,100018,100,100017,100,100023,100,99987,100,100037,100,99986,100,100038,100,99973,100,100063,100,99966,100,100072,100,99958,100,100076,200,99952,100,100083,100,99941,100,100098,100,99916,100,100109,100,99914,100
2019-06-28 09:30:00.000000055,100018,100,99987,100,100023,100,99986,100,100037,100,99973,100,100038,100,99966,100,100063,100,99958,100,100072,100,99952,100,100076,200,99941,100,100083,100,99916,100,100098,100,99914,100,100109,100,99913,100
2019-06-28 09:30:00.000000059,100018,100,100017,100,100023,100,99987,100,100037,100,99986,100,100038,100,99973,100,100063,100,99966,100,100072,100,99958,100,100076,200,99952,100,100083,100,99941,100,100098,100,99916,100,100109,100,99914,100
2019-06-28 09:30:00.000000060,100018,100,99987,100,100023,100,99986,100,100037,100,99973,100,100038,100,99966,100,100063,100,99958,100,100072,100,99952,100,100076,200,99941,100,100083,100,99916,100,100098,100,99914,100,100109,100,99913,100
2019-06-28 09:30:00.000000061,100018,100,99987,100,100023,100,99986,100,100037,100,99973,100,100038,100,99966,100,100063,100,99958,100,100069,100,99952,100,100072,100,99941,100,100076,200,99916,100,100083,100,99914,100,100098,100,99913,100
2019-06-28 09:30:00.000000063,100018,100,99986,100,100023,100,99973,100,100037,100,99966,100,100038,100,99958,100,100063,100,99952,100,100069,100,99946,100,100072,100,99941,100,100076,200,99916,100,100083,100,99914,100,100098,100,99913,100
2019-06-28 09:30:00.000000065,100018,100,99986,100,100023,100,99973,100,100037,100,99966,100,100038,100,99958,200,100063,100,99952,100,100069,100,99946,100,100072,100,99941,100,100076,200,99916,100,100083,100,99914,100,100098,100,99913,100
2019-06-28 09:30:00.000000067,100018,100,99986,100,100023,100,99973,100,100037,100,99966,100,100038,100,99958,200,100063,100,99952,100,100069,100,99946,100,100072,100,99941,100,100076,200,99916,100,100083,100,99914,100,100098,100,99913,100
2019-06-28 09:30:00.000000069,100017,100,99987,100,100018,100,99986,100,100023,100,99973,100,100037,100,99966,100,100038,100,99958,200,100063,100,99952,100,100069,100,99946,100,100072,100,99941,100,100076,200,99916,100,100083,100,99914,100
2019-06-28 09:30:00.000000075,100018,100,99987,100,100023,100,99986,100,100037,100,99973,100,100038,100,99966,100,100063,100,99958,200,100069,100,99952,100,100072,100,99946,100,100076,200,99941,100,100083,100,99916,100,100098,100,99914,100
2019-06-28 09:30:00.000000078,100017,100,99987,100,100018,100,99986,100,100023,100,99973,100,100037,100,99966,100,100038,100,99958,200,100063,100,99952,100,100069,100,99946,100,100072,100,99941,100,100076,200,99916,100,100083,100,99914,100
2019-06-28 09:30:00.000000079,100017,100,99987,100,100018,100,99986,100,100023,100,99973,100,100037,100,99966,100,100038,100,99958,200,100063,100,99952,100,100069,100,99946,100,100072,100,99941,100,100076,200,99923,100,100083,100,99916,100
2019-06-28 09:30:00.000000080,100017,100,99986,100,100018,100,99973,100,100023,100,99966,100,100037,100,99958,200,100038,100,99952,100,100063,100,99946,100,100069,100,99941,100,100072,100,99933,100,100076,200,99923,100,100083,100,99916,100
2019-06-28 09:30:00.000000081,100017,100,99986,100,100018,100,99973,100,100023,100,99966,100,100037,200,99958,200,100038,100,99952,100,100063,100,99946,100,100069,100,99941,100,100072,100,99933,100,100076,200,99923,100,100083,100,99916,100
2019-06-28 09:30:00.000000085,100017,100,99986,100,100018,100,99973,100,100023,100,99966,100,100037,200,99958,200,100038,100,99952,100,100063,100,99946,100,100069,100,99941,100,100072,100,99933,100,100076,200,99923,100,100083,100,99916,100
2019-06-28 09:30:00.000000086,100017,100,99987,100,100018,100,99986,100,100023,100,99973,100,100037,200,99966,100,100038,100,99958,200,100063,100,99952,100,100069,100,99946,100,100072,100,99941,100,100076,200,99933,100,100083,100,99923,100
2019-06-28 09:30:00.000000088,100017,100,99987,200,100018,100,99986,100,100023,100,99973,100,100037,200,99966,100,100038,100,99958,200,100063,100,99952,100,100069,100,99946,100,100072,100,99941,100,100076,200,99933,100,100083,100,99923,100
2019-06-28 09:30:00.000000089,100003,100,99987,200,100017,100,99986,100,100018,100,99973,100,100023,100,99966,100,100037,200,99958,200,100038,100,99952,100,100063,100,99946,100,100069,100,99941,100,100072,100,99933,100,100076,200,99923,100
2019-06-28 09:30:00.000000091,99995,100,99988,100,100003,100,99987,200,100017,100,99986,100,100018,100,99973,100,100023,100,99966,100,100030,100,99958,200,100037,200,99952,100,100038,100,99946,100,100063,100,99941,100,100069,100,99933,100
2019-06-28 09:30:00.000000092,99995,100,99988,100,100003,100,99987,200,100017,100,99986,100,100018,100,99973,100,100023,100,99966,100,100030,100,99958,200,100037,200,99952,100,100038,100,99946,100,100063,100,99941,100,100069,100,99933,100
2019-06-28 09:30:00.000000093,99995,100,99988,100,100003,100,99987,200,100017,100,99986,100,100018,100,99973,100,100023,100,99966,100,100030,100,99958,200,100037,200,99952,100,100038,100,99946,100,100063,100,99941,100,100069,100,99933,100
2019-06-28 09:30:00.000000096,99995,100,99988,100,100003,100,99987,300,100017,100,99986,100,100018,100,99973,100,100023,100,99966,100,100030,100,99958,200,100037,200,99952,100,100038,100,99946,100,100063,100,99941,100,100069,100,99933,100
2019-06-28 09:30:02.059261775,99995,100,99988,100,100003,100,99987,400,100017,100,99986,100,100018,100,99973,100,100023,100,99966,100,100030,100,99958,200,100037,200,99952,100,100038,100,99946,100,100063,100,99941,100,100069,100,99933,100
2019-06-28 09:30:06.192599193,99995,100,99988,100,100003,100,99987,400,100017,100,99973,100,100018,100,99966,100,100023,100,99958,200,100030,100,99952,100,100037,200,99946,100,100038,100,99941,100,100063,100,99933,100,100069,100,99923,100
2019-06-28 09:30:10.000000000,99995,434,99988,434,100003,100,99987,400,100017,100,99973,100,100018,100,99966,100,100023,100,99958,200,100030,100,99952,100,100037,200,99946,100,100038,100,99941,100,100063,100,99933,100,100069,100,99923,100
2019-06-28 09:30:10.215581810,99995,434,99988,334,100003,100,99987,400,100017,100,99973,100,100018,100,99966,100,100023,100,99958,200,100030,100,99952,100,100037,200,99946,100,100038,100,99941,100,100063,100,99933,100,100069,100,99923,100
2019-06-28 09:30:20.000000000,99995,434,99987,734,100003,100,99973,100,100017,100,99966,100,100018,100,99958,200,100023,100,99952,100,100030,100,99946,100,100037,200,99941,100,100038,100,99933,100,100063,100,99923,100,100069,100,99916,100
2019-06-28 09:30:22.730226918,99995,434,99987,734,100003,100,99973,100,100017,100,99966,100,100018,100,99958,200,100023,100,99952,100,100030,100,99946,100,100037,200,99941,100,100038,100,99933,100,100063,100,99923,100,100072,200,99916,100
2019-06-28 09:30:30.000000000,99995,214,99987,514,100003,210,99973,210,100017,210,99966,210,100018,100,99958,200,100023,100,99952,100,100030,100,99946,100,100037,200,99941,100,100038,100,99933,100,100063,100,99923,100,100072,200,99916,100
2019-06-28 09:30:40.000000000,99995,434,99987,734,100003,100,99973,100,100017,100,99966,100,100018,100,99958,200,100023,100,99952,100,100030,100,99946,100,100037,200,99941,100,100038,100,99933,100,100063,100,99923,100,100072,200,99916,100
2019-06-28 09:30:44.538457921,99995,434,99987,734,100003,100,99973,100,100017,100,99966,100,100018,100,99958,200,100023,100,99952,100,100030,100,99946,100,100037,200,99941,100,100038,100,99933,100,100063,100,99923,100,100072,200,99916,100
2019-06-28 09:30:50.000000000,99995,267,99987,567,100003,267,99973,267,100017,100,99966,100,100018,100,99958,200,100023,100,99952,100,100030,100,99946,100,100037,200,99941,100,100038,100,99933,100,100063,100,99923,100,100072,200,99916,100
2019-06-28 09:31:00.000000000,99995,184,99987,484,100003,184,99973,184,100017,184,99966,184,100018,184,99958,284,100023,100,99952,100,100030,100,99946,100,100037,200,99941,100,100038,100,99933,100,100063,100,99923,100,100072,200,99916,100
2019-06-28 09:31:10.000000000,99995,167,99987,467,100003,167,99973,167,100017,167,99966,167,100018,167,99958,267,100023,167,99952,167,100030,100,99946,100,100037,200,99941,100,100038,100,99933,100,100063,100,99923,100,100072,200,99916,100
2019-06-28 09:31:12.515753755,99995,167,99987,467,100003,167,99973,167,100017,167,99966,167,100018,167,99958,267,100023,167,99952,167,100030,100,99946,100,100037,200,99941,100,100038,100,99933,100,100063,100,99923,100,100072,200,99916,100
2019-06-28 09:31:20.000000000,99995,434,99987,734,100003,100,99973,100,100017,100,99966,100,100018,100,99958,200,100023,100,99952,100,100030,100,99946,100,100037,200,99941,100,100038,100,99933,100,100063,100,99923,100,100072,200,99916,100
2019-06-28 09:31:30.000000000,99995,167,99987,467,100003,167,99973,167,100017,167,99966,167,100018,167,99958,267,100023,167,99952,167,100030,100,99946,100,100037,200,99941,100,100038,100,99933,100,100063,100,99923,100,100072,200,99916,100
2019-06-28 09:31:40.000000000,99995,214,99987,514,100003,210,99973,210,100017,210,99966,210,100018,100,99958,200,100023,100,99952,100,100030,100,99946,100,100037,200,99941,100,100038,100,99933,100,100063,100,99923,100,100072,200,99916,100
2019-06-28 09:31:50.000000000,99995,267,99987,567,100003,267,99973,267,100017,100,99966,100,100018,100,99958,200,100023,100,99952,100,100030,100,99946,100,100037,200,99941,100,100038,100,99933,100,100063,100,99923,100,100072,200,99916,100
2019-06-28 09:32:00.000000000,99995,434,99987,734,100003,100,99973,100,100017,100,99966,100,100018,100,99958,200,100023,100,99952,100,100030,100,99946,100,100037,200,99941,100,100038,100,99933,100,100063,100,99923,100,100072,200,99916,100
2019-06-28 09:32:10.000000000,99995,167,99987,467,100003,167,99973,167,100017,167,99966,167,100018,167,99958,267,100023,167,99952,167,100030,100,99946,100,100037,200,99941,100,100038,100,99933,100,100063,100,99923,100,100072,200,99916,100
2019-06-28 09:32:14.267694489,99995,167,99987,467,100003,167,99973,67,100017,167,99966,167,100018,167,99958,267,100023,167,99952,167,100030,100,99946,100,100037,200,99941,100,100038,100,99933,100,100063,100,99923,100,100072,200,99916,100
2019-06-28 09:32:16.740277151,99995,167,99987,467,100003,167,99973,67,100017,167,99966,167,100018,167,99958,267,100023,167,99952,167,100030,100,99946,100,100037,200,99941,100,100038,100,99933,100,100063,100,99923,100,100072,200,99916,100
2019-06-28 09:32:20.000000000,99995,184,99987,484,100003,184,99966,184,100017,184,99958,284,100018,184,99952,184,100023,100,99946,100,100030,100,99941,100,100037,200,99933,100,100038,100,99923,100,100063,100,99916,100,100072,200,99914,100
2019-06-28 09:32:30.000000000,99995,214,99987,514,100003,210,99966,210,100017,210,99958,310,100018,100,99952,100,100023,100,99946,100,100030,100,99941,100,100037,200,99933,100,100038,100,99923,100,100063,100,99916,100,100072,200,99914,100
2019-06-28 09:32:40.000000000,99995,184,99987,484,100003,184,99966,184,100017,184,99958,284,100018,184,99952,184,100023,100,99946,100,100030,100,99941,100,100037,200,99933,100,100038,100,99923,100,100063,100,99916,100,100072,200,99914,100
2019-06-28 09:32:50.000000000,99995,167,99987,467,100003,167,99966,167,100017,167,99958,267,100018,167,99952,167,100023,167,99946,167,100030,100,99941,100,100037,200,99933,100,100038,100,99923,100,100063,100,99916,100,100072,200,99914,100
2019-06-28 09:32:51.747205964,99988,100,99987,467,99995,167,99966,167,100003,167,99958,167,100017,167,99952,167,100018,167,99946,167,100023,167,99941,100,100030,100,99933,100,100037,200,99923,100,100038,100,99916,100,100063,100,99914,100
2019-06-28 09:32:55.630825928,99988,200,99987,467,99995,167,99966,167,100003,167,99958,167,100017,167,99952,167,100018,167,99946,167,100023,167,99941,100,100030,100,99933,100,100037,200,99923,100,100038,100,99916,100,100063,100,99914,100
2019-06-28 09:32:57.714278461,99988,200,99987,367,99995,167,99966,167,100003,167,99958,167,100017,167,99952,167,100018,167,99946,167,100023,167,99941,100,100030,100,99933,100,100037,200,99923,100,100038,100,99916,100,100063,100,99914,100
2019-06-28 09:33:00.000000000,99988,534,99987,634,99995,100,99966,100,100003,100,99958,100,100017,100,99952,100,100018,100,99946,100,100023,100,99941,100,100030,100,99933,100,100037,200,99923,100,100038,100,99916,100,100063,100,99914,100
2019-06-28 09:33:02.785249820,99988,534,99987,634,99995,100,99966,100,100003,100,99958,100,100017,100,99952,100,100018,100,99946,100,100023,100,99941,100,100030,100,99923,100,100037,200,99916,100,100038,100,99914,100,100063,100,99913,100
2019-06-28 09:33:10.000000000,99988,367,99987,467,99995,267,99966,267,100003,100,99958,100,100017,100,99952,100,100018,100,99946,100,100023,100,99941,100,100030,100,99923,100,100037,200,99916,100,100038,100,99914,100,100063,100,99913,100
2019-06-28 09:33:20.000000000,99988,534,99987,634,99995,100,99966,100,100003,100,99958,100,100017,100,99952,100,100018,100,99946,100,100023,100,99941,100,100030,100,99923,100,100037,200,99916,100,100038,100,99914,100,100063,100,99913,100
2019-06-28 09:33:30.000000000,99988,267,99987,367,99995,167,99966,167,100003,167,99958,167,100017,167,99952,167,100018,167,99946,167,100023,100,99941,100,100030,100,99923,100,100037,200,99916,100,100038,100,99914,100,100063,100,99913,100
2019-06-28 09:33:34.307071771,99988,267,99987,367,99995,167,99966,167,100003,167,99958,167,100017,167,99952,167,100018,167,99946,167,100023,100,99941,100,100030,100,99923,100,100037,200,99916,100,100038,100,99914,100,100063,100,99913,100
2019-06-28 09:33:40.000000000,99988,267,99987,367,99995,167,99966,167,100003,167,99958,167,100017,167,99952,167,100018,167,99946,167,100023,100,99941,100,100030,100,99923,100,100037,200,99916,100,100038,100,99914,100,100063,100,99913,100
2019-06-28 09:33:40.523907915,99988,267,99987,267,99995,167,99966,167,100003,167,99958,167,100017,167,99952,167,100018,167,99946,167,100023,100,99941,100,100030,100,99923,100,100037,200,99916,100,100038,100,99914,100,100063,100,99913,100
2019-06-28 09:33:50.000000000,99988,284,99987,284,99995,184,99966,184,100003,184,99958,184,100017,184,99952,184,100018,100,99946,100,100023,100,99941,100,100030,100,99923,100,100037,200,99916,100,100038,100,99914,100,100063,100,99913,100
2019-06-28 09:34:00.000000000,99988,534,99987,534,99995,100,99966,100,100003,100,99958,100,100017,100,99952,100,100018,100,99946,100,100023,100,99941,100,100030,100,99923,100,100037,200,99916,100,100038,100,99914,100,100063,100,99913,100
2019-06-28 09:34:09.228436600,99988,534,99987,434,99995,100,99966,100,100003,100,99958,100,100017,100,99952,100,100018,100,99946,100,100023,100,99941,100,100030,100,99923,100,100037,200,99916,100,100038,100,99914,100,100063,100,99906,100
2019-06-28 09:34:10.000000000,99988,314,99987,214,99995,210,99966,210,100003,210,99958,210,100017,100,99952,100,100018,100,99946,100,100023,100,99941,100,100030,100,99923,100,100037,200,99916,100,100038,100,99914,100,100063,100,99906,100
2019-06-28 09:34:20.000000000,99988,534,99987,434,99995,100,99966,100,100003,100,99958,100,100017,100,99952,100,100018,100,99946,100,100023,100,99941,100,100030,100,99923,100,100037,200,99916,100,100038,100,99914,100,100063,100,99906,100
2019-06-28 09:34:20.134493534,99988,534,99987,434,99995,100,99966,100,100003,100,99958,100,100017,100,99952,100,100018,100,99946,100,100023,100,99941,100,100030,100,99923,100,100037,200,99916,100,100038,100,99914,100,100063,100,99906,100
2019-06-28 09:34:29.999181588,99988,534,99987,434,99995,100,99966,100,100003,100,99958,100,100017,100,99952,100,100018,100,99946,100,100023,100,99941,100,100030,100,99923,100,100037,200,99916,100,100038,100,99914,100,100063,100,99906,100
2019-06-28 09:34:30.000000000,99988,534,99987,434,99995,100,99966,100,100003,100,99958,100,100017,100,99952,100,100018,100,99946,100,100023,100,99941,100,100030,100,99923,100,100037,200,99916,100,100038,100,99914,100,100063,100,99906,100
2019-06-28 09:34:40.000000000,99988,534,99987,434,99995,100,99966,100,100003,100,99958,100,100017,100,99952,100,100018,100,99946,100,100023,100,99941,100,100030,100,99923,100,100037,200,99916,100,100038,100,99914,100,100063,100,99906,100
2019-06-28 09:34:50.000000000,99988,267,99987,167,99995,167,99966,167,100003,167,99958,167,100017,167,99952,167,100018,167,99946,167,100023,100,99941,100,100030,100,99923,100,100037,200,99916,100,100038,100,99914,100,100063,100,99906,100
2019-06-28 09:35:00.000000000,99988,367,99987,267,99995,267,99966,267,100003,100,99958,100,100017,100,99952,100,100018,100,99946,100,100023,100,99941,100,100030,100,99923,100,100037,200,99916,100,100038,100,99914,100,100063,100,99906,100
2019-06-28 09:35:10.000000000,99988,314,99987,214,99995,210,99966,210,100003,210,99958,210,100017,100,99952,100,100018,100,99946,100,100023,100,99941,100,100030,100,99923,100,100037,200,99916,100,100038,100,99914,100,100063,100,99906,100
2019-06-28 09:35:19.089053356,99988,314,99987,214,99995,210,99966,210,100003,210,99958,210,100017,100,99952,100,100018,100,99946,100,100023,100,99941,100,100030,100,99923,100,100037,200,99916,100,100038,100,99914,100,100063,100,99906,100
2019-06-28 09:35:20.000000000,99988,267,99987,167,99995,167,99966,167,100003,167,99958,167,100017,167,99952,167,100018,167,99946,167,100023,100,99941,100,100030,100,99923,100,100037,200,99916,100,100038,100,99914,100,100063,100,99906,100
2019-06-28 09:35:22.181930695,99988,267,99987,67,99995,167,99966,167,100003,167,99958,167,100017,167,99952,167,100018,167,99946,167,100023,100,99941,100,100030,100,99923,100,100037,200,99916,100,100038,100,99914,100,100063,100,99906,100
2019-06-28 09:35:30.000000000,99988,367,99966,267,99995,267,99958,267,100003,100,99952,100,100017,100,99946,100,100018,100,99941,100,100023,100,99923,100,100030,100,99916,100,100037,200,99914,100,100038,100,99906,100,100063,100,99904,100
2019-06-28 09:35:31.462474497,99988,367,99966,267,99995,267,99958,267,100003,100,99952,100,100017,100,99946,100,100018,100,99941,100,100023,100,99923,100,100030,100,99916,100,100037,200,99914,100,100038,100,99906,100,100063,100,99887,100
2019-06-28 09:35:40.000000000,99988,534,99966,434,99995,100,99958,100,100003,100,99952,100,100017,100,99946,100,100018,100,99941,100,100023,100,99923,100,100030,100,99916,100,100037,200,99914,100,100038,100,99906,100,100063,100,99887,100
2019-06-28 09:35:50.000000000,99988,267,99966,167,99995,167,99958,167,100003,167,99952,167,100017,167,99946,167,100018,167,99941,167,100023,100,99923,100,100030,100,99916,100,100037,200,99914,100,100038,100,99906,100,100063,100,99887,100
2019-06-28 09:35:53.402269280,99988,267,99966,167,99995,167,99958,167,100003,167,99952,167,100017,167,99946,167,100018,67,99941,167,100023,100,99923,100,100030,100,99916,100,100037,200,99914,100,100038,100,99906,100,100063,100,99887,100
2019-06-28 09:35:54.259030155,99988,267,99966,67,99995,167,99958,167,100003,167,99952,167,100017,167,99946,167,100018,67,99941,167,100023,100,99923,100,100030,100,99916,100,100037,200,99914,100,100038,100,99906,100,100063,100,99887,100
2019-06-28 09:36:00.000000000,99988,267,99958,167,99995,167,99952,167,100003,167,99946,167,100017,167,99941,167,100023,167,99923,167,100030,100,99916,100,100037,200,99914,100,100038,100,99906,100,100063,100,99887,100,100072,100,99873,100
2019-06-28 09:36:10.000000000,99988,367,99958,267,99995,267,99952,267,100003,100,99946,100,100017,100,99941,100,100023,100,99923,100,100030,100,99916,100,100037,200,99914,100,100038,100,99906,100,100063,100,99887,100,100072,100,99873,100
2019-06-28 09:36:16.054628058,99987,100,99958,267,99988,367,99952,267,99995,267,99946,100,100003,100,99941,100,100017,100,99923,100,100023,100,99916,100,100030,100,99914,100,100037,200,99906,100,100038,100,99887,100,100063,100,99873,100
2019-06-28 09:36:16.231471511,99987,100,99958,267,99988,367,99952,267,99995,267,99946,100,100003,100,99941,100,100017,100,99923,100,100023,100,99916,100,100030,100,99914,100,100037,200,99906,100,100038,100,99887,100,100063,100,99873,100
2019-06-28 09:36:19.226585398,99988,367,99958,267,99995,267,99952,267,100003,100,99946,100,100017,100,99941,100,100023,100,99923,100,100030,100,99916,100,100037,200,99914,100,100038,100,99906,100,100063,100,99887,100,100072,100,99873,100
2019-06-28 09:36:20.000000000,99988,284,99958,184,99995,184,99952,184,100003,184,99946,184,100017,184,99941,184,100023,100,99923,100,100030,100,99916,100,100037,200,99914,100,100038,100,99906,100,100063,100,99887,100,100072,100,99873,100
2019-06-28 09:36:30.000000000,99988,284,99958,184,99995,184,99952,184,100003,184,99946,184,100017,184,99941,184,100023,100,99923,100,100030,100,99916,100,100037,200,99914,100,100038,100,99906,100,100063,100,99887,100,100072,100,99873,100
2019-06-28 09:36:40.000000000,99988,534,99958,434,99995,100,99952,100,100003,100,99946,100,100017,100,99941,100,100023,100,99923,100,100030,100,99916,100,100037,200,99914,100,100038,100,99906,100,100063,100,99887,100,100072,100,99873,100
2019-06-28 09:36:40.718108832,99988,534,99958,334,99995,100,99952,100,100003,100,99941,100,100017,100,99923,100,100023,100,99916,100,100030,100,99914,100,100037,200,99906,100,100038,100,99887,100,100063,100,99873,100,100072,100,99865,100
2019-06-28 09:36:50.000000000,99988,314,99952,214,99995,210,99941,210,100003,210,99923,210,100017,100,99916,100,100023,100,99914,100,100030,100,99906,100,100037,200,99887,100,100038,100,99873,100,100063,100,99865,100,100072,100,99845,100
2019-06-28 09:37:00.000000000,99988,314,99952,214,99995,210,99941,210,100003,210,99923,210,100017,100,99916,100,100023,100,99914,100,100030,100,99906,100,100037,200,99887,100,100038,100,99873,100,100063,100,99865,100,100072,100,99845,100
2019-06-28 09:37:10.000000000,99988,314,99952,214,99995,210,99941,210,100003,210,99923,210,100017,100,99916,100,100023,100,99914,100,100030,100,99906,100,100037,200,99887,100,100038,100,99873,100,100063,100,99865,100,100072,100,99845,100
2019-06-28 09:37:20.000000000,99988,314,99952,214,99995,210,99941,210,100003,210,99923,210,100017,100,99916,100,100023,100,99914,100,100030,100,99906,100,100037,200,99887,100,100038,100,99873,100,100063,100,99865,100,100072,100,99845,100
2019-06-28 09:37:30.000000000,99988,314,99952,214,99995,210,99941,210,100003,210,99923,210,100017,100,99916,100,100023,100,99914,100,100030,100,99906,100,100037,200,99887,100,100038,100,99873,100,100063,100,99865,100,100072,100,99845,100
2019-06-28 09:37:35.514852059,99988,214,99952,214,99995,210,99941,210,100003,210,99923,210,100017,100,99916,100,100023,100,99914,100,100030,100,99906,100,100037,200,99887,100,100038,100,99873,100,100063,100,99865,100,100072,100,99845,100
2019-06-28 09:37:40.000000000,99988,267,99952,267,99995,267,99941,267,100003,100,99923,100,100017,100,99916,100,100023,100,99914,100,100030,100,99906,100,100037,200,99887,100,100038,100,99873,100,100063,100,99865,100,100072,100,99845,100
2019-06-28 09:37:42.654044283,99988,267,99952,267,99995,267,99941,267,100003,100,99923,100,100017,100,99916,100,100020,100,99914,100,100023,100,99906,100,100030,100,99887,100,100037,200,99873,100,100038,100,99865,100,100063,100,99845,100
2019-06-28 09:37:44.328458235,99987,100,99952,267,99988,267,99941,267,99995,267,99923,100,100003,100,99916,100,100017,100,99914,100,100020,100,99906,100,100023,100,99887,100,100030,100,99873,100,100037,200,99865,100,100038,100,99845,100
2019-06-28 09:37:50.000000000,99987,214,99952,214,99988,210,99941,210,99995,210,99923,210,100003,100,99916,100,100017,100,99914,100,100020,100,99906,100,100023,100,99887,100,100030,100,99873,100,100037,200,99865,100,100038,100,99845,100
2019-06-28 09:38:00.000000000,99987,167,99952,167,99988,167,99941,167,99995,167,99923,167,100003,167,99916,167,100017,167,99914,167,100020,100,99906,100,100023,100,99887,100,100030,100,99873,100,100037,200,99865,100,100038,100,99845,100
2019-06-28 09:38:03.976425776,99987,167,99952,167,99988,67,99941,167,99995,167,99923,167,100003,167,99916,167,100017,167,99914,167,100020,100,99906,100,100023,100,99887,100,100030,100,99873,100,100037,200,99865,100,100038,100,99845,100
2019-06-28 09:38:07.185096854,99987,167,99952,167,99988,67,99941,167,99995,167,99923,167,100003,167,99916,167,100017,167,99914,167,100020,100,99906,100,100023,100,99887,100,100030,100,99873,100,100037,200,99865,100,100038,100,99845,100
2019-06-28 09:38:10.000000000,99987,267,99952,267,99995,267,99941,267,100003,100,99923,100,100017,100,99916,100,100020,100,99914,100,100023,100,99906,100,100030,100,99887,100,100037,200,99873,100,100038,100,99865,100,100063,100,99845,100
2019-06-28 09:38:20.000000000,99987,214,99952,214,99995,210,99941,210,100003,210,99923,210,100017,100,99916,100,100020,100,99914,100,100023,100,99906,100,100030,100,99887,100,100037,200,99873,100,100038,100,99865,100,100063,100,99845,100
2019-06-28 09:38:30.000000000,99987,267,99952,267,99995,267,99941,267,100003,100,99923,100,100017,100,99916,100,100020,100,99914,100,100023,100,99906,100,100030,100,99887,100,100037,200,99873,100,100038,100,99865,100,100063,100,99845,100
2019-06-28 09:38:31.017589674,99987,267,99952,167,99995,267,99941,267,100003,100,99923,100,100017,100,99916,100,100020,100,99914,100,100023,100,99906,100,100030,100,99887,100,100037,200,99873,100,100038,100,99865,100,100063,100,99845,100
2019-06-28 09:38:31.718102350,99987,267,99952,167,99995,267,99941,267,100003,100,99923,100,100016,100,99916,100,100017,100,99914,100,100020,100,99906,100,100023,100,99887,100,100030,100,99873,100,100037,200,99865,100,100038,100,99845,100
2019-06-28 09:38:40.000000000,99987,167,99941,167,99995,167,99923,167,100003,167,99916,167,100016,167,99914,167,100017,167,99906,167,100020,100,99887,100,100023,100,99873,100,100030,100,99865,100,100037,200,99845,100,100038,100,99834,100
2019-06-28 09:38:42.459742262,99987,167,99941,167,99995,167,99923,167,100003,167,99916,167,100016,167,99914,167,100017,167,99906,167,100020,100,99887,100,100023,100,99873,100,100030,100,99865,100,100037,200,99845,100,100038,100,99834,100
2019-06-28 09:38:50.000000000,99987,167,99941,167,99995,167,99923,167,100003,167,99916,167,100016,167,99914,167,100017,167,99906,167,100020,100,99887,100,100023,100,99873,100,100030,100,99865,100,100037,200,99845,100,100038,100,99834,100
2019-06-28 09:38:54.221049850,99987,167,99941,167,99995,167,99923,167,100003,167,99916,167,100016,167,99914,167,100017,167,99906,67,100020,100,99887,100,100023,100,99873,100,100030,100,99865,100,100037,200,99845,100,100038,100,99834,100
2019-06-28 09:38:54.366649768,99987,167,99941,67,99995,167,99923,167,100003,167,99916,167,100016,167,99914,167,100017,167,99906,67,100023,100,99887,100,100030,100,99873,100,100037,200,99865,100,100038,100,99845,100,100063,100,99834,100
2019-06-28 09:39:00.000000000,99987,434,99923,434,99995,100,99916,100,100003,100,99914,100,100016,100,99887,100,100017,100,99873,100,100023,100,99865,100,100030,100,99845,100,100037,200,99834,100,100038,100,99804,100,100063,100,99728,100
2019-06-28 09:39:00.124314540,99987,434,99923,434,99995,100,99916,100,100003,100,99914,100,100017,100,99887,100,100023,100,99873,100,100030,100,99865,100,100037,200,99845,100,100038,100,99834,100,100063,100,99804,100,100072,100,99801,100
2019-06-28 09:39:00.660882735,99952,100,99923,434,99987,434,99916,100,99995,100,99914,100,100003,100,99887,100,100017,100,99873,100,100023,100,99865,100,100030,100,99845,100,100037,200,99834,100,100038,100,99804,100,100063,100,99801,100
2019-06-28 09:39:07.188237459,99952,100,99923,434,99987,434,99916,100,99995,100,99887,100,100003,100,99873,100,100017,100,99865,100,100023,100,99845,100,100030,100,99834,100,100037,200,99804,100,100038,100,99801,100,100063,100,99758,100
2019-06-28 09:39:10.000000000,99952,434,99923,434,99987,100,99916,100,99995,100,99887,100,100003,100,99873,100,100017,100,99865,100,100023,100,99845,100,100030,100,99834,100,100037,200,99804,100,100038,100,99801,100,100063,100,99758,100
2019-06-28 09:39:20.000000000,99952,434,99923,434,99987,100,99916,100,99995,100,99887,100,100003,100,99873,100,100017,100,99865,100,100023,100,99845,100,100030,100,99834,100,100037,200,99804,100,100038,100,99801,100,100063,100,99758,100
2019-06-28 09:39:30.000000000,99952,267,99923,267,99987,267,99916,267,99995,100,99887,100,100003,100,99873,100,100017,100,99865,100,100023,100,99845,100,100030,100,99834,100,100037,200,99804,100,100038,100,99801,100,100063,100,99758,100
2019-06-28 09:39:30.571720943,99952,267,99923,267,99956,100,99916,267,99987,267,99887,100,99995,100,99873,100,100003,100,99865,100,100017,100,99845,100,100023,100,99834,100,100030,100,99804,100,100037,200,99801,100,100038,100,99758,100
2019-06-28 09:39:39.395354559,99952,267,99923,267,99956,100,99916,267,99987,267,99887,100,99995,100,99873,100,100003,100,99865,100,100017,100,99845,100,100023,100,99834,100,100030,100,99804,100,100037,200,99801,100,100038,100,99758,100
2019-06-28 09:39:40.000000000,99952,214,99923,214,99956,210,99916,210,99987,210,99887,210,99995,100,99873,100,100003,100,99865,100,100017,100,99845,100,100023,100,99834,100,100030,100,99804,100,100037,200,99801,100,100038,100,99758,100
2019-06-28 09:39:50.000000000,99952,167,99923,167,99956,167,99916,167,99987,167,99887,167,99995,167,99873,167,100003,167,99865,167,100017,100,99845,100,100023,100,99834,100,100030,100,99804,100,100037,200,99801,100,100038,100,99758,100
2019-06-28 09:40:00.000000000,99952,184,99923,184,99956,184,99916,184,99987,184,99887,184,99995,184,99873,184,100003,100,99865,100,100017,100,99845,100,100023,100,99834,100,100030,100,99804,100,100037,200,99801,100,100038,100,99758,100
2019-06-28 09:40:10.000000000,99952,167,99923,167,99956,167,99916,167,99987,167,99887,167,99995,167,99873,167,100003,167,99865,167,100017,100,99845,100,100023,100,99834,100,100030,100,99804,100,100037,200,99801,100,100038,100,99758,100
2019-06-28 09:40:20.000000000,99952,267,99923,267,99956,267,99916,267,99987,100,99887,100,99995,100,99873,100,100003,100,99865,100,100017,100,99845,100,100023,100,99834,100,100030,100,99804,100,100037,200,99801,100,100038,100,99758,100
2019-06-28 09:40:22.380699972,99952,267,99923,167,99956,267,99916,267,99987,100,99887,100,99995,100,99873,100,100003,100,99865,100,100017,100,99845,100,100023,100,99834,100,100030,100,99804,100,100037,200,99801,100,100038,100,99758,100
2019-06-28 09:40:30.000000000,99952,184,99916,184,99956,184,99887,184,99987,184,99873,184,99995,184,99865,184,100003,100,99845,100,100017,100,99834,100,100023,100,99804,100,100030,100,99801,100,100037,200,99758,100,100038,100,99745,100
2019-06-28 09:40:31.113318604,99952,184,99916,184,99956,184,99887,184,99987,184,99873,184,99995,184,99865,184,100003,100,99845,100,100017,100,99834,100,100023,100,99804,100,100030,100,99801,100,100037,200,99758,100,100038,100,99745,100
2019-06-28 09:40:31.603778999,99941,100,99916,184,99952,184,99887,184,99956,184,99873,184,99987,184,99865,184,99995,184,99845,100,100003,100,99834,100,100017,100,99804,100,100023,100,99801,100,100030,100,99758,100,100037,200,99745,100
2019-06-28 09:40:32.203302698,99941,100,99916,84,99952,184,99887,184,99956,184,99873,184,99987,184,99865,184,99995,184,99845,100,100003,100,99834,100,100017,100,99804,100,100023,100,99801,100,100030,100,99758,100,100037,200,99745,100
2019-06-28 09:40:40.000000000,99941,167,99887,167,99952,167,99873,167,99956,167,99865,167,99987,167,99845,167,99995,167,99834,167,100003,100,99804,100,100017,100,99801,100,100023,100,99758,100,100030,100,99745,100,100037,200,99728,100
2019-06-28 09:40:43.927949437,99941,167,99887,67,99952,167,99873,167,99956,167,99865,167,99987,167,99845,167,99995,167,99834,167,100003,100,99804,100,100017,100,99801,100,100023,100,99758,100,100030,100,99745,100,100037,200,99728,100
2019-06-28 09:40:50.000000000,99941,267,99873,267,99952,267,99865,267,99956,100,99845,100,99987,100,99834,100,99995,100,99804,100,100003,100,99801,100,100017,100,99758,100,100023,100,99745,100,100030,100,99728,100,100037,200,99712,100
2019-06-28 09:41:00.000000000,99941,434,99873,434,99952,100,99865,100,99956,100,99845,100,99987,100,99834,100,99995,100,99804,100,100003,100,99801,100,100017,100,99758,100,100023,100,99745,100,100030,100,99728,100,100037,200,99712,100
2019-06-28 09:41:09.128218053,99941,434,99873,434,99952,100,99865,100,99956,100,99845,100,99987,100,99834,100,99995,100,99804,100,100003,100,99801,100,100017,100,99758,100,100023,100,99745,100,100030,100,99728,100,100037,100,99712,100
2019-06-28 09:41:10.000000000,99941,167,99873,167,99952,167,99865,167,99956,167,99845,167,99987,167,99834,167,99995,167,99804,167,100003,100,99801,100,100017,100,99758,100,100023,100,99745,100,100030,100,99728,100,100037,100,99712,100
2019-06-28 09:41:20.000000000,99941,214,99873,214,99952,210,99865,210,99956,210,99845,210,99987,100,99834,100,99995,100,99804,100,100003,100,99801,100,100017,100,99758,100,100023,100,99745,100,100030,100,99728,100,100037,100,99712,100
2019-06-28 09:41:29.523875185,99941,214,99873,114,99952,210,99865,210,99956,210,99845,210,99987,100,99834,100,99995,100,99804,100,100003,100,99801,100,100017,100,99758,100,100023,100,99745,100,100030,100,99728,100,100037,100,99712,100
2019-06-28 09:41:30.000000000,99941,434,99865,434,99952,100,99845,100,99956,100,99834,100,99987,100,99804,100,99995,100,99801,100,100003,100,99758,100,100017,100,99745,100,100023,100,99728,100,100030,100,99712,100,100037,100,99572,100
2019-06-28 09:41:37.106131488,99941,434,99865,434,99952,100,99845,100,99956,100,99834,100,99987,100,99804,100,99995,100,99801,100,100003,100,99758,100,100017,100,99728,100,100023,100,99712,100,100030,100,99572,100,100037,100,99444,100
2019-06-28 09:41:40.000000000,99941,184,99865,184,99952,184,99845,184,99956,184,99834,184,99987,184,99804,184,99995,100,99801,100,100003,100,99758,100,100017,100,99728,100,100023,100,99712,100,100030,100,99572,100,100037,100,99444,100
2019-06-28 09:41:50.000000000,99941,184,99865,184,99952,184,99845,184,99956,184,99834,184,99987,184,99804,184,99995,100,99801,100,100003,100,99758,100,100017,100,99728,100,100023,100,99712,100,100030,100,99572,100,100037,100,99444,100
2019-06-28 09:41:55.931892625,99887,100,99865,184,99941,184,99845,184,99952,184,99834,184,99956,184,99804,184,99987,184,99801,100,99995,100,99758,100,100003,100,99728,100,100017,100,99712,100,100023,100,99572,100,100030,100,99444,100
2019-06-28 09:42:00.000000000,99887,214,99865,214,99941,210,99845,210,99952,210,99834,210,99956,100,99804,100,99987,100,99801,100,99995,100,99758,100,100003,100,99728,100,100017,100,99712,100,100023,100,99572,100,100030,100,99444,100
2019-06-28 09:42:10.000000000,99887,434,99865,434,99941,100,99845,100,99952,100,99834,100,99956,100,99804,100,99987,100,99801,100,99995,100,99758,100,100003,100,99728,100,100017,100,99712,100,100023,100,99572,100,100030,100,99444,100
2019-06-28 09:42:20.000000000,99887,167,99865,167,99941,167,99845,167,99952,167,99834,167,99956,167,99804,167,99987,167,99801,167,99995,100,99758,100,100003,100,99728,100,100017,100,99712,100,100023,100,99572,100,100030,100,99444,100
2019-06-28 09:42:29.653102849,99887,267,99865,167,99941,167,99845,167,99952,167,99834,167,99956,167,99804,167,99987,167,99801,167,99995,100,99758,100,100003,100,99728,100,100017,100,99712,100,100023,100,99572,100,100030,100,99444,100
2019-06-28 09:42:30.000000000,99887,314,99865,214,99941,210,99845,210,99952,210,99834,210,99956,100,99804,100,99987,100,99801,100,99995,100,99758,100,100003,100,99728,100,100017,100,99712,100,100023,100,99572,100,100030,100,99444,100
2019-06-28 09:42:36.082965988,99887,314,99865,114,99939,100,99845,210,99941,210,99834,210,99952,210,99804,100,99956,100,99801,100,99987,100,99758,100,99995,100,99728,100,100003,100,99712,100,100017,100,99572,100,100023,100,99444,100
2019-06-28 09:42:36.292327123,99887,314,99865,114,99939,100,99845,210,99941,210,99834,210,99952,210,99804,100,99956,100,99801,100,99987,100,99775,100,99995,100,99758,100,100003,100,99728,100,100017,100,99712,100,100023,100,99572,100
2019-06-28 09:42:40.000000000,99887,534,99845,434,99939,100,99834,100,99941,100,99804,100,99952,100,99801,100,99956,100,99775,100,99987,100,99758,100,99995,100,99728,100,100003,100,99712,100,100017,100,99572,100,100023,100,99444,100
2019-06-28 09:42:50.000000000,99887,284,99845,184,99939,184,99834,184,99941,184,99804,184,99952,184,99801,184,99956,100,99775,100,99987,100,99758,100,99995,100,99728,100,100003,100,99712,100,100017,100,99572,100,100023,100,99444,100
2019-06-28 09:43:00.000000000,99887,284,99845,184,99939,184,99834,184,99941,184,99804,184,99952,184,99801,184,99956,100,99775,100,99987,100,99758,100,99995,100,99728,100,100003,100,99712,100,100017,100,99572,100,100023,100,99444,100
2019-06-28 09:43:10.000000000,99887,267,99845,167,99939,167,99834,167,99941,167,99804,167,99952,167,99801,167,99956,167,99775,167,99987,100,99758,100,99995,100,99728,100,100003,100,99712,100,100017,100,99572,100,100023,100,99444,100
2019-06-28 09:43:15.436937556,99851,100,99845,167,99887,267,99834,167,99939,167,99804,167,99941,167,99801,167,99952,167,99775,167,99956,167,99758,100,99987,100,99728,100,99995,100,99712,100,100003,100,99572,100,100017,100,99444,100
2019-06-28 09:43:20.000000000,99851,434,99845,434,99887,200,99834,100,99939,100,99804,100,99941,100,99801,100,99952,100,99775,100,99956,100,99758,100,99987,100,99728,100,99995,100,99712,100,100003,100,99572,100,100017,100,99444,100
2019-06-28 09:43:30.000000000,99851,167,99845,167,99887,267,99834,167,99939,167,99804,167,99941,167,99801,167,99952,167,99775,167,99956,100,99758,100,99987,100,99728,100,99995,100,99712,100,100003,100,99572,100,100017,100,99444,100
2019-06-28 09:43:34.982040759,99851,167,99845,167,99887,167,99834,167,99939,167,99804,167,99941,167,99801,167,99952,167,99775,167,99956,100,99758,100,99987,100,99728,100,99995,100,99712,100,100003,100,99572,100,100017,100,99444,100
2019-06-28 09:43:35.653996785,99851,167,99845,67,99887,167,99834,167,99939,167,99804,167,99941,167,99801,167,99952,167,99775,167,99956,100,99758,100,99987,100,99728,100,99995,100,99712,100,100003,100,99572,100,100017,100,99444,100
2019-06-28 09:43:40.000000000,99851,167,99834,167,99887,167,99804,167,99939,167,99801,167,99941,167,99775,167,99952,167,99758,167,99956,100,99728,100,99987,100,99712,100,99995,100,99572,100,100003,100,99444,100,100017,100,99431,100
2019-06-28 09:43:45.501250660,99851,167,99834,167,99887,167,99804,167,99939,167,99801,167,99941,167,99775,167,99952,167,99758,167,99956,100,99728,100,99976,100,99712,100,99987,100,99572,100,99995,100,99444,100,100003,100,99431,100
2019-06-28 09:43:50.000000000,99851,184,99834,184,99887,184,99804,184,99939,184,99801,184,99941,184,99775,184,99952,100,99758,100,99956,100,99728,100,99976,100,99712,100,99987,100,99572,100,99995,100,99444,100,100003,100,99431,100
2019-06-28 09:43:50.961671266,99851,184,99834,184,99887,184,99825,100,99939,184,99804,184,99941,184,99801,184,99952,100,99775,184,99956,100,99728,100,99976,100,99712,100,99987,100,99572,100,99995,100,99444,100,100003,100,99431,100
2019-06-28 09:43:58.069451419,99851,184,99834,184,99887,184,99825,100,99939,184,99804,184,99941,184,99801,184,99952,100,99775,184,99956,100,99728,100,99970,100,99712,100,99976,100,99572,100,99987,100,99444,100,99995,100,99431,100
2019-06-28 09:44:00.000000000,99851,214,99834,214,99887,210,99825,210,99939,210,99804,210,99941,100,99801,100,99952,100,99775,100,99956,100,99728,100,99970,100,99712,100,99976,100,99572,100,99987,100,99444,100,99995,100,99431,100
2019-06-28 09:44:10.000000000,99851,214,99834,214,99887,210,99825,210,99939,210,99804,210,99941,100,99801,100,99952,100,99775,100,99956,100,99728,100,99970,100,99712,100,99976,100,99572,100,99987,100,99444,100,99995,100,99431,100
2019-06-28 09:44:20.000000000,99851,184,99834,184,99887,184,99825,184,99939,184,99804,184,99941,184,99801,184,99952,100,99775,100,99956,100,99728,100,99970,100,99712,100,99976,100,99572,100,99987,100,99444,100,99995,100,99431,100
2019-06-28 09:44:24.445124452,99851,184,99834,184,99887,184,99825,184,99939,184,99804,184,99941,184,99801,184,99952,100,99739,100,99956,100,99728,100,99970,100,99712,100,99976,100,99572,100,99987,100,99444,100,99995,100,99431,100
2019-06-28 09:44:28.764827254,99851,184,99834,184,99887,184,99825,184,99939,184,99804,184,99941,84,99801,184,99952,100,99739,100,99956,100,99728,100,99970,100,99712,100,99976,100,99572,100,99987,100,99444,100,99995,100,99431,100
2019-06-28 09:44:30.000000000,99851,167,99834,167,99887,167,99825,167,99939,167,99804,167,99952,167,99801,167,99956,167,99739,167,99970,100,99728,100,99976,100,99712,100,99987,100,99572,100,99995,100,99444,100,100003,100,99431,100
2019-06-28 09:44:40.000000000,99851,434,99834,434,99887,100,99825,100,99939,100,99804,100,99952,100,99801,100,99956,100,99739,100,99970,100,99728,100,99976,100,99712,100,99987,100,99572,100,99995,100,99444,100,100003,100,99431,100
2019-06-28 09:44:42.564719089,99851,434,99834,334,99887,100,99825,100,99939,100,99804,100,99952,100,99801,100,99956,100,99739,100,99970,100,99728,100,99976,100,99712,100,99987,100,99572,100,99995,100,99444,100,100003,100,99431,100
2019-06-28 09:44:50.000000000,99851,267,99825,267,99887,267,99804,267,99939,100,99801,100,99952,100,99739,100,99956,100,99728,100,99970,100,99712,100,99976,100,99572,100,99987,100,99444,100,99995,100,99431,100,100003,100,99336,100
2019-06-28 09:44:50.875502264,99851,267,99825,167,99887,267,99804,267,99939,100,99801,100,99952,100,99739,100,99956,100,99728,100,99970,100,99712,100,99976,100,99572,100,99987,100,99444,100,99995,100,99431,100,100003,100,99336,100
2019-06-28 09:44:55.583960438,99851,267,99825,167,99887,267,99804,267,99939,100,99801,100,99952,100,99739,100,99956,100,99728,100,99970,100,99712,100,99976,100,99572,100,99987,100,99444,100,99995,100,99431,100,100003,100,99336,100
2019-06-28 09:45:00.000000000,99851,434,99804,434,99887,100,99801,100,99939,100,99739,100,99952,100,99728,100,99956,100,99712,100,99970,100,99572,100,99976,100,99444,100,99987,100,99431,100,99995,100,99336,100,100003,100,99329,100
2019-06-28 09:45:10.000000000,99851,184,99804,184,99887,184,99801,184,99939,184,99739,184,99952,184,99728,184,99956,100,99712,100,99970,100,99572,100,99976,100,99444,100,99987,100,99431,100,99995,100,99336,100,100003,100,99329,100
2019-06-28 09:45:14.245506471,99851,184,99804,184,99887,184,99801,184,99939,184,99783,100,99952,184,99739,184,99956,100,99728,184,99970,100,99712,100,99976,100,99572,100,99987,100,99444,100,99995,100,99431,100,100003,100,99336,100
2019-06-28 09:45:20.000000000,99851,214,99804,214,99887,210,99801,210,99939,210,99783,210,99952,100,99739,100,99956,100,99728,100,99970,100,99712,100,99976,100,99572,100,99987,100,99444,100,99995,100,99431,100,100003,100,99336,100
2019-06-28 09:45:30.000000000,99851,167,99804,167,99887,167,99801,167,99939,167,99783,167,99952,167,99739,167,99956,167,99728,167,99970,100,99712,100,99976,100,99572,100,99987,100,99444,100,99995,100,99431,100,100003,100,99336,100
2019-06-28 09:45:32.990413609,99834,100,99804,167,99851,167,99801,167,99887,167,99783,167,99939,167,99739,167,99952,167,99728,167,99956,167,99712,100,99970,100,99572,100,99976,100,99444,100,99987,100,99431,100,99995,100,99336,100
2019-06-28 09:45:40.000000000,99834,184,99804,184,99851,184,99801,184,99887,184,99783,184,99939,184,99739,184,99952,100,99728,100,99956,100,99712,100,99970,100,99572,100,99976,100,99444,100,99987,100,99431,100,99995,100,99336,100
2019-06-28 09:45:50.000000000,99834,267,99804,267,99851,267,99801,267,99887,100,99783,100,99939,100,99739,100,99952,100,99728,100,99956,100,99712,100,99970,100,99572,100,99976,100,99444,100,99987,100,99431,100,99995,100,99336,100
2019-06-28 09:45:52.572591879,99834,267,99804,267,99851,267,99801,267,99887,100,99783,100,99939,100,99739,100,99952,100,99728,100,99956,100,99712,100,99970,100,99572,100,99976,100,99502,100,99987,100,99444,100,99995,100,99431,100
2019-06-28 09:45:55.637228018,99834,267,99804,267,99851,267,99801,267,99887,100,99783,100,99939,100,99739,100,99952,100,99728,100,99956,100,99712,100,99970,100,99572,100,99976,100,99509,100,99987,100,99502,100,99995,100,99444,100
2019-06-28 09:46:00.000000000,99834,184,99804,184,99851,184,99801,184,99887,184,99783,184,99939,184,99739,184,99952,100,99728,100,99956,100,99712,100,99970,100,99572,100,99976,100,99509,100,99987,100,99502,100,99995,100,99444,100
2019-06-28 09:46:10.000000000,99834,434,99804,434,99851,100,99801,100,99887,100,99783,100,99939,100,99739,100,99952,100,99728,100,99956,100,99712,100,99970,100,99572,100,99976,100,99509,100,99987,100,99502,100,99995,100,99444,100
2019-06-28 09:46:17.035699004,99834,434,99804,434,99851,100,99801,100,99887,100,99783,100,99939,100,99739,100,99952,100,99728,100,99956,100,99712,100,99970,100,99572,100,99976,100,99509,100,99987,100,99502,100,99995,100,99444,100
2019-06-28 09:46:19.593566956,99834,434,99804,434,99851,100,99801,100,99887,100,99783,100,99939,100,99739,100,99952,100,99728,100,99956,100,99712,100,99970,100,99572,100,99976,100,99509,100,99987,100,99502,100,99995,100,99444,100
2019-06-28 09:46:20.000000000,99834,267,99804,267,99851,267,99801,267,99887,100,99783,100,99939,100,99739,100,99952,100,99728,100,99956,100,99712,100,99970,100,99572,100,99976,100,99509,100,99987,100,99502,100,99995,100,99444,100
2019-06-28 09:46:30.000000000,99834,214,99804,214,99851,210,99801,210,99887,210,99783,210,99939,100,99739,100,99952,100,99728,100,99956,100,99712,100,99970,100,99572,100,99976,100,99509,100,99987,100,99502,100,99995,100,99444,100
2019-06-28 09:46:30.122055814,99834,214,99804,214,99851,210,99801,210,99887,210,99783,210,99939,100,99739,100,99952,100,99728,100,99956,100,99712,100,99970,100,99572,100,99976,100,99523,100,99987,100,99509,100,99995,100,99502,100
2019-06-28 09:46:40.000000000,99834,434,99804,434,99851,100,99801,100,99887,100,99783,100,99939,100,99739,100,99952,100,99728,100,99956,100,99712,100,99970,100,99572,100,99976,100,99523,100,99987,100,99509,100,99995,100,99502,100
2019-06-28 09:46:42.239170173,99834,434,99804,334,99851,100,99801,100,99887,100,99783,100,99939,100,99739,100,99952,100,99728,100,99956,100,99712,100,99970,100,99572,100,99976,100,99523,100,99987,100,99509,100,99995,100,99502,100
2019-06-28 09:46:50.000000000,99834,267,99801,267,99851,267,99783,267,99887,100,99739,100,99939,100,99728,100,99952,100,99712,100,99956,100,99572,100,99970,100,99523,100,99976,100,99509,100,99987,100,99502,100,99995,100,99444,100
2019-06-28 09:47:00.000000000,99834,434,99801,434,99851,100,99783,100,99887,100,99739,100,99939,100,99728,100,99952,100,99712,100,99956,100,99572,100,99970,100,99523,100,99976,100,99509,100,99987,100,99502,100,99995,100,99444,100
2019-06-28 09:47:10.000000000,99834,214,99801,214,99851,210,99783,210,99887,210,99739,210,99939,100,99728,100,99952,100,99712,100,99956,100,99572,100,99970,100,99523,100,99976,100,99509,100,99987,100,99502,100,99995,100,99444,100
2019-06-28 09:47:19.119887273,99834,214,99801,114,99851,210,99783,210,99887,210,99739,210,99952,100,99728,100,99956,100,99712,100,99970,100,99572,100,99976,100,99523,100,99987,100,99509,100,99995,100,99502,100,100003,100,99444,100
2019-06-28 09:47:20.000000000,99834,267,99783,267,99851,267,99739,267,99887,100,99728,100,99952,100,99712,100,99956,100,99572,100,99970,100,99523,100,99976,100,99509,100,99987,100,99502,100,99995,100,99444,100,100003,100,99431,100
2019-06-28 09:47:29.620757169,99834,267,99783,267,99851,267,99739,267,99887,100,99728,100,99956,100,99712,100,99970,100,99572,100,99976,100,99523,100,99987,100,99509,100,99995,100,99502,100,100003,100,99444,100,100017,100,99431,100
2019-06-28 09:47:30.000000000,99834,267,99783,267,99851,267,99739,267,99887,100,99728,100,99956,100,99712,100,99970,100,99572,100,99976,100,99523,100,99987,100,99509,100,99995,100,99502,100,100003,100,99444,100,100017,100,99431,100
2019-06-28 09:47:36.818209291,99834,267,99783,267,99851,267,99739,267,99887,100,99728,100,99956,100,99712,100,99970,100,99572,100,99976,100,99523,100,99987,100,99509,100,99995,100,99502,100,100003,100,99444,100,100017,100,99431,100
2019-06-28 09:47:40.000000000,99834,267,99783,267,99851,267,99739,267,99887,100,99728,100,99956,100,99712,100,99970,100,99572,100,99976,100,99523,100,99987,100,99509,100,99995,100,99502,100,100003,100,99444,100,100017,100,99431,100
2019-06-28 09:47:50.000000000,99834,184,99783,184,99851,184,99739,184,99887,184,99728,184,99956,184,99712,184,99970,100,99572,100,99976,100,99523,100,99987,100,99509,100,99995,100,99502,100,100003,100,99444,100,100017,100,99431,100
2019-06-28 09:48:00.000000000,99834,267,99783,267,99851,267,99739,267,99887,100,99728,100,99956,100,99712,100,99970,100,99572,100,99976,100,99523,100,99987,100,99509,100,99995,100,99502,100,100003,100,99444,100,100017,100,99431,100
2019-06-28 09:48:10.000000000,99834,167,99783,167,99851,167,99739,167,99887,167,99728,167,99956,167,99712,167,99970,167,99572,167,99976,100,99523,100,99987,100,99509,100,99995,100,99502,100,100003,100,99444,100,100017,100,99431,100
2019-06-28 09:48:15.334386222,99834,167,99783,167,99851,167,99739,167,99887,167,99728,167,99956,167,99712,167,99970,167,99572,167,99976,100,99523,100,99987,100,99509,100,99995,100,99502,100,100003,100,99444,100,100017,100,99431,100
2019-06-28 09:48:20.000000000,99834,214,99783,214,99851,210,99739,210,99887,210,99728,210,99956,100,99712,100,99970,100,99572,100,99976,100,99523,100,99987,100,99509,100,99995,100,99502,100,100003,100,99444,100,100017,100,99431,100
2019-06-28 09:48:23.108973130,99834,214,99783,114,99851,210,99739,210,99887,210,99728,110,99956,100,99712,100,99970,100,99572,100,99976,100,99523,100,99987,100,99509,100,99995,100,99502,100,100003,100,99444,100,100017,100,99431,100
2019-06-28 09:48:30.000000000,99834,214,99739,214,99851,210,99712,210,99887,210,99572,210,99956,100,99523,100,99970,100,99509,100,99976,100,99502,100,99987,100,99444,100,99995,100,99431,100,100003,100,99342,100,100017,100,99336,100
2019-06-28 09:48:40.000000000,99834,267,99739,267,99851,267,99712,267,99887,100,99572,100,99956,100,99523,100,99970,100,99509,100,99976,100,99502,100,99987,100,99444,100,99995,100,99431,100,100003,100,99342,100,100017,100,99336,100
2019-06-28 09:48:50.000000000,99834,434,99739,434,99851,100,99712,100,99887,100,99572,100,99956,100,99523,100,99970,100,99509,100,99976,100,99502,100,99987,100,99444,100,99995,100,99431,100,100003,100,99342,100,100017,100,99336,100
2019-06-28 09:48:53.220809128,99834,434,99739,334,99851,100,99712,100,99887,100,99572,100,99956,100,99523,100,99970,100,99509,100,99976,100,99502,100,99987,100,99444,100,99995,100,99431,100,100003,100,99342,100,100017,100,99336,100
2019-06-28 09:49:00.000000000,99834,167,99712,167,99851,167,99572,167,99887,167,99523,167,99956,167,99509,167,99970,167,99502,167,99976,100,99444,100,99987,100,99431,100,99995,100,99342,100,100003,100,99336,100,100017,100,99329,100
2019-06-28 09:49:01.708860490,99834,167,99712,167,99851,167,99572,167,99887,167,99523,167,99956,167,99509,167,99970,167,99502,167,99976,100,99444,100,99987,100,99431,100,99995,100,99342,100,100003,100,99336,100,100017,100,99329,100
2019-06-28 09:49:10.000000000,99834,184,99712,184,99851,184,99572,184,99887,184,99523,184,99956,184,99509,184,99970,100,99502,100,99976,100,99444,100,99987,100,99431,100,99995,100,99342,100,100003,100,99336,100,100017,100,99329,100
2019-06-28 09:49:20.000000000,99834,214,99712,214,99851,210,99572,210,99887,210,99523,210,99956,100,99509,100,99970,100,99502,100,99976,100,99444,100,99987,100,99431,100,99995,100,99342,100,100003,100,99336,100,100017,100,99329,100
2019-06-28 09:49:27.772935207,99834,214,99712,114,99851,210,99572,210,99887,210,99523,210,99956,100,99509,100,99970,100,99502,100,99976,100,99444,100,99987,100,99431,100,99995,100,99342,100,100003,100,99336,100,100017,100,99329,100
2019-06-28 09:49:30.000000000,99834,267,99572,267,99851,267,99523,267,99887,100,99509,100,99956,100,99502,100,99970,100,99444,100,99976,100,99431,100,99987,100,99342,100,99995,100,99336,100,100003,100,99329,100,100017,100,99260,100
2019-06-28 09:49:40.000000000,99834,267,99572,267,99851,267,99523,267,99887,100,99509,100,99956,100,99502,100,99970,100,99444,100,99976,100,99431,100,99987,100,99342,100,99995,100,99336,100,100003,100,99329,100,100017,100,99260,100
2019-06-28 09:49:43.493939648,99834,267,99572,167,99851,267,99523,267,99887,100,99509,100,99970,100,99502,100,99976,100,99444,100,99987,100,99431,100,99995,100,99342,100,100003,100,99336,100,100017,100,99329,100,100023,100,99260,100
2019-06-28 09:49:50.000000000,99834,167,99523,167,99851,167,99509,167,99887,167,99502,167,99970,167,99444,167,99976,167,99431,167,99987,100,99342,100,99995,100,99336,100,100003,100,99329,100,100017,100,99260,100,100023,100,99221,100
2019-06-28 09:49:58.893321866,99712,100,99523,167,99834,167,99509,167,99851,167,99502,167,99887,167,99444,167,99970,167,99431,167,99976,167,99342,100,99987,100,99336,100,99995,100,99329,100,100003,100,99260,100,100017,100,99221,100
2019-06-28 09:50:00.000000000,99712,434,99523,434,99834,100,99509,100,99851,100,99502,100,99887,100,99444,100,99970,100,99431,100,99976,100,99342,100,99987,100,99336,100,99995,100,99329,100,100003,100,99260,100,100017,100,99221,100
2019-06-28 09:50:10.000000000,99712,214,99523,214,99834,210,99509,210,99851,210,99502,210,99887,100,99444,100,99970,100,99431,100,99976,100,99342,100,99987,100,99336,100,99995,100,99329,100,100003,100,99260,100,100017,100,99221,100
2019-06-28 09:50:20.000000000,99712,434,99523,434,99834,100,99509,100,99851,100,99502,100,99887,100,99444,100,99970,100,99431,100,99976,100,99342,100,99987,100,99336,100,99995,100,99329,100,100003,100,99260,100,100017,100,99221,100
2019-06-28 09:50:21.830887744,99712,434,99523,334,99834,100,99509,100,99851,100,99502,100,99887,100,99444,100,99970,100,99431,100,99976,100,99342,100,99987,100,99336,100,99995,100,99329,100,100003,100,99260,100,100017,100,99221,100
2019-06-28 09:50:30.000000000,99712,434,99509,434,99834,100,99502,100,99851,100,99444,100,99887,100,99431,100,99970,100,99342,100,99976,100,99336,100,99987,100,99329,100,99995,100,99260,100,100003,100,99221,100,100017,100,98546,100
2019-06-28 09:50:40.000000000,99712,434,99509,434,99834,100,99502,100,99851,100,99444,100,99887,100,99431,100,99970,100,99342,100,99976,100,99336,100,99987,100,99329,100,99995,100,99260,100,100003,100,99221,100,100017,100,98546,100
2019-06-28 09:50:50.000000000,99712,184,99509,184,99834,184,99502,184,99851,184,99444,184,99887,184,99431,184,99970,100,99342,100,99976,100,99336,100,99987,100,99329,100,99995,100,99260,100,100003,100,99221,100,100017,100,98546,100
2019-06-28 09:51:00.000000000,99712,267,99509,267,99834,267,99502,267,99851,100,99444,100,99887,100,99431,100,99970,100,99342,100,99976,100,99336,100,99987,100,99329,100,99995,100,99260,100,100003,100,99221,100,100017,100,98546,100
2019-06-28 09:51:10.000000000,99712,167,99509,167,99834,167,99502,167,99851,167,99444,167,99887,167,99431,167,99970,167,99342,167,99976,100,99336,100,99987,100,99329,100,99995,100,99260,100,100003,100,99221,100,100017,100,98546,100
2019-06-28 09:51:12.094388367,99712,167,99509,167,99834,167,99502,167,99851,167,99444,167,99887,167,99431,167,99970,167,99342,167,99976,100,99336,100,99987,100,99329,100,99995,100,99260,100,100003,100,99221,100,100017,100,98797,100
2019-06-28 09:51:20.000000000,99712,434,99509,434,99834,100,99502,100,99851,100,99444,100,99887,100,99431,100,99970,100,99342,100,99976,100,99336,100,99987,100,99329,100,99995,100,99260,100,100003,100,99221,100,100017,100,98797,100
2019-06-28 09:51:30.000000000,99712,184,99509,184,99834,184,99502,184,99851,184,99444,184,99887,184,99431,184,99970,100,99342,100,99976,100,99336,100,99987,100,99329,100,99995,100,99260,100,100003,100,99221,100,100017,100,98797,100
2019-06-28 09:51:40.000000000,99712,184,99509,184,99834,184,99502,184,99851,184,99444,184,99887,184,99431,184,99970,100,99342,100,99976,100,99336,100,99987,100,99329,100,99995,100,99260,100,100003,100,99221,100,100017,100,98797,100
2019-06-28 09:51:40.221762244,99572,100,99509,184,99712,184,99502,184,99834,184,99444,184,99851,184,99431,184,99887,184,99342,100,99970,100,99336,100,99976,100,99329,100,99987,100,99260,100,99995,100,99221,100,100003,100,98797,100
2019-06-28 09:51:49.241734340,99572,100,99509,184,99712,184,99502,184,99834,184,99444,184,99851,184,99431,184,99887,184,99342,100,99970,100,99336,100,99976,100,99329,100,99987,100,99260,100,99995,100,99221,100,100003,100,98797,100
2019-06-28 09:51:50.000000000,99572,167,99509,167,99712,167,99502,167,99834,167,99444,167,99851,167,99431,167,99887,167,99342,167,99970,100,99336,100,99976,100,99329,100,99987,100,99260,100,99995,100,99221,100,100003,100,98797,100
2019-06-28 09:51:53.107694153,99572,167,99509,167,99712,167,99502,167,99834,167,99444,167,99851,167,99431,167,99887,167,99342,167,99970,100,99336,100,99976,100,99329,100,99987,100,99260,100,99995,100,99221,100,100003,100,98797,100
2019-06-28 09:52:00.000000000,99572,434,99509,434,99712,100,99502,100,99834,100,99444,100,99851,100,99431,100,99887,100,99342,100,99970,100,99336,100,99976,100,99329,100,99987,100,99260,100,99995,100,99221,100,100003,100,98797,100
2019-06-28 09:52:10.000000000,99572,214,99509,214,99712,210,99502,210,99834,210,99444,210,99851,100,99431,100,99887,100,99342,100,99970,100,99336,100,99976,100,99329,100,99987,100,99260,100,99995,100,99221,100,100003,100,98797,100
2019-06-28 09:52:20.000000000,99572,167,99509,167,99712,167,99502,167,99834,167,99444,167,99851,167,99431,167,99887,167,99342,167,99970,100,99336,100,99976,100,99329,100,99987,100,99260,100,99995,100,99221,100,100003,100,98797,100
2019-06-28 09:52:30.000000000,99572,184,99509,184,99712,184,99502,184,99834,184,99444,184,99851,184,99431,184,99887,100,99342,100,99970,100,99336,100,99976,100,99329,100,99987,100,99260,100,99995,100,99221,100,100003,100,98797,100
2019-06-28 09:52:36.122737969,99572,284,99509,184,99712,184,99502,184,99834,184,99444,184,99851,184,99431,184,99887,100,99342,100,99970,100,99336,100,99976,100,99329,100,99987,100,99260,100,99995,100,99221,100,100003,100,98797,100
2019-06-28 09:52:40.000000000,99572,284,99509,184,99712,184,99502,184,99834,184,99444,184,99851,184,99431,184,99887,100,99342,100,99970,100,99336,100,99976,100,99329,100,99987,100,99260,100,99995,100,99221,100,100003,100,98797,100
2019-06-28 09:52:40.114435926,99572,284,99509,84,99712,184,99502,184,99834,184,99444,184,99851,184,99431,184,99887,100,99342,100,99970,100,99336,100,99976,100,99329,100,99987,100,99260,100,99995,100,99221,100,100003,100,98797,100
2019-06-28 09:52:45.849342469,99572,284,99509,84,99712,184,99502,184,99834,184,99444,184,99851,184,99431,184,99887,100,99342,100,99970,100,99336,100,99976,100,99329,100,99987,100,99260,100,99995,100,99221,100,100003,100,98797,100
2019-06-28 09:52:50.000000000,99572,284,99502,184,99712,184,99444,184,99834,184,99431,184,99851,184,99342,184,99887,100,99336,100,99970,100,99329,100,99976,100,99260,100,99987,100,99221,100,99995,100,98797,100,100003,100,98546,100
2019-06-28 09:53:00.000000000,99572,267,99502,167,99712,167,99444,167,99834,167,99431,167,99851,167,99342,167,99887,167,99336,167,99970,100,99329,100,99976,100,99260,100,99987,100,99221,100,99995,100,98797,100,100003,100,98546,100
2019-06-28 09:53:10.000000000,99572,314,99502,214,99712,210,99444,210,99834,210,99431,210,99851,100,99342,100,99887,100,99336,100,99970,100,99329,100,99976,100,99260,100,99987,100,99221,100,99995,100,98797,100,100003,100,98546,100
2019-06-28 09:53:20.000000000,99572,284,99502,184,99712,184,99444,184,99834,184,99431,184,99851,184,99342,184,99887,100,99336,100,99970,100,99329,100,99976,100,99260,100,99987,100,99221,100,99995,100,98797,100,100003,100,98546,100
2019-06-28 09:53:30.000000000,99572,284,99502,184,99712,184,99444,184,99834,184,99431,184,99851,184,99342,184,99887,100,99336,100,99970,100,99329,100,99976,100,99260,100,99987,100,99221,100,99995,100,98797,100,100003,100,98546,100
2019-06-28 09:53:40.000000000,99572,267,99502,167,99712,167,99444,167,99834,167,99431,167,99851,167,99342,167,99887,167,99336,167,99970,100,99329,100,99976,100,99260,100,99987,100,99221,100,99995,100,98797,100,100003,100,98546,100
2019-06-28 09:53:50.000000000,99572,267,99502,167,99712,167,99444,167,99834,167,99431,167,99851,167,99342,167,99887,167,99336,167,99970,100,99329,100,99976,100,99260,100,99987,100,99221,100,99995,100,98797,100,100003,100,98546,100
2019-06-28 09:54:00.000000000,99572,367,99502,267,99712,267,99444,267,99834,100,99431,100,99851,100,99342,100,99887,100,99336,100,99970,100,99329,100,99976,100,99260,100,99987,100,99221,100,99995,100,98797,100,100003,100,98546,100
2019-06-28 09:54:10.000000000,99572,284,99502,184,99712,184,99444,184,99834,184,99431,184,99851,184,99342,184,99887,100,99336,100,99970,100,99329,100,99976,100,99260,100,99987,100,99221,100,99995,100,98797,100,100003,100,98546,100
2019-06-28 09:54:13.758914062,99572,284,99511,100,99712,184,99502,184,99834,184,99444,184,99851,84,99431,184,99887,100,99342,184,99970,100,99336,100,99976,100,99329,100,99987,100,99260,100,99995,100,99221,100,100003,100,98797,100
2019-06-28 09:54:20.000000000,99572,367,99511,267,99712,267,99502,267,99834,100,99444,100,99887,100,99431,100,99970,100,99342,100,99976,100,99336,100,99987,100,99329,100,99995,100,99260,100,100003,100,99221,100,100017,100,98797,100
2019-06-28 09:54:23.627928926,99572,367,99524,100,99712,267,99511,267,99834,100,99502,267,99887,100,99444,100,99970,100,99431,100,99976,100,99342,100,99987,100,99336,100,99995,100,99329,100,100003,100,99260,100,100017,100,99221,100
2019-06-28 09:54:25.577952009,99572,367,99524,200,99712,267,99511,267,99834,100,99502,267,99887,100,99444,100,99970,100,99431,100,99976,100,99342,100,99987,100,99336,100,99995,100,99329,100,100003,100,99260,100,100017,100,99221,100
2019-06-28 09:54:30.000000000,99572,284,99524,284,99712,184,99511,184,99834,184,99502,184,99887,184,99444,184,99970,100,99431,100,99976,100,99342,100,99987,100,99336,100,99995,100,99329,100,100003,100,99260,100,100017,100,99221,100
2019-06-28 09:54:40.000000000,99572,534,99524,534,99712,100,99511,100,99834,100,99502,100,99887,100,99444,100,99970,100,99431,100,99976,100,99342,100,99987,100,99336,100,99995,100,99329,100,100003,100,99260,100,100017,100,99221,100
2019-06-28 09:54:50.000000000,99572,267,99524,267,99712,167,99511,167,99834,167,99502,167,99887,167,99444,167,99970,167,99431,167,99976,100,99342,100,99987,100,99336,100,99995,100,99329,100,100003,100,99260,100,100017,100,99221,100
2019-06-28 09:54:55.476525209,99572,167,99524,267,99712,167,99511,167,99834,167,99502,167,99887,167,99444,167,99970,167,99431,167,99976,100,99342,100,99987,100,99336,100,99995,100,99329,100,100003,100,99260,100,100017,100,99221,100
2019-06-28 09:55:00.000000000,99572,184,99524,284,99712,184,99511,184,99834,184,99502,184,99887,184,99444,184,99970,100,99431,100,99976,100,99342,100,99987,100,99336,100,99995,100,99329,100,100003,100,99260,100,100017,100,99221,100
2019-06-28 09:55:01.808727146,99572,84,99524,284,99712,184,99511,184,99834,184,99502,184,99887,184,99444,184,99970,100,99431,100,99976,100,99342,100,99987,100,99336,100,99995,100,99329,100,100003,100,99260,100,100017,100,99221,100
2019-06-28 09:55:10.000000000,99712,267,99524,367,99834,267,99511,267,99887,100,99502,100,99970,100,99444,100,99976,100,99431,100,99987,100,99342,100,99995,100,99336,100,100003,100,99329,100,100017,100,99260,100,100023,100,99221,100
2019-06-28 09:55:20.000000000,99712,184,99524,284,99834,184,99511,184,99887,184,99502,184,99970,184,99444,184,99976,100,99431,100,99987,100,99342,100,99995,100,99336,100,100003,100,99329,100,100017,100,99260,100,100023,100,99221,100
2019-06-28 09:55:30.000000000,99712,434,99524,534,99834,100,99511,100,99887,100,99502,100,99970,100,99444,100,99976,100,99431,100,99987,100,99342,100,99995,100,99336,100,100003,100,99329,100,100017,100,99260,100,100023,100,99221,100
2019-06-28 09:55:33.051702680,99712,434,99524,534,99834,100,99511,100,99887,100,99502,100,99970,100,99444,100,99976,100,99431,100,99987,100,99342,100,99995,100,99336,100,100003,100,99329,100,100017,100,99260,100,100023,100,99221,100
2019-06-28 09:55:40.000000000,99712,167,99524,267,99834,167,99511,167,99887,167,99502,167,99970,167,99444,167,99976,167,99431,167,99987,100,99342,100,99995,100,99336,100,100003,100,99329,100,100017,100,99260,100,100023,100,99221,100
2019-06-28 09:55:40.792473615,99712,167,99572,100,99834,167,99524,267,99887,67,99511,167,99970,167,99502,167,99976,167,99444,167,99987,100,99431,167,99995,100,99342,100,100003,100,99336,100,100017,100,99329,100,100023,100,99260,100
2019-06-28 09:55:47.440532407,99712,67,99572,100,99834,167,99524,267,99887,67,99511,167,99970,167,99502,167,99976,167,99444,167,99987,100,99431,167,99995,100,99342,100,100003,100,99336,100,100017,100,99329,100,100023,100,99260,100
2019-06-28 09:55:50.000000000,99834,267,99572,267,99970,267,99524,367,99976,100,99511,100,99987,100,99502,100,99995,100,99444,100,100003,100,99431,100,100017,100,99342,100,100023,100,99336,100,100037,100,99329,100,100038,100,99260,100
2019-06-28 09:55:59.154935734,99834,267,99572,267,99970,267,99524,367,99975,100,99511,100,99976,100,99502,100,99987,100,99444,100,99995,100,99431,100,100003,100,99342,100,100017,100,99336,100,100023,100,99329,100,100037,100,99260,100
2019-06-28 09:56:00.000000000,99834,167,99572,167,99970,167,99524,267,99975,167,99511,167,99976,167,99502,167,99987,167,99444,167,99995,100,99431,100,100003,100,99342,100,100017,100,99336,100,100023,100,99329,100,100037,100,99260,100
2019-06-28 09:56:03.043899533,99834,167,99572,167,99970,167,99524,267,99975,167,99511,167,99976,167,99502,167,99987,167,99444,167,99995,100,99431,100,100003,100,99342,100,100017,100,99336,100,100037,100,99329,100,100038,100,99260,100
2019-06-28 09:56:10.000000000,99834,167,99572,167,99970,167,99524,267,99975,167,99511,167,99976,167,99502,167,99987,167,99444,167,99995,100,99431,100,100003,100,99342,100,100017,100,99336,100,100037,100,99329,100,100038,100,99260,100
2019-06-28 09:56:20.000000000,99834,184,99572,184,99970,184,99524,284,99975,184,99511,184,99976,184,99502,184,99987,100,99444,100,99995,100,99431,100,100003,100,99342,100,100017,100,99336,100,100037,100,99329,100,100038,100,99260,100
2019-06-28 09:56:29.112367866,99834,84,99572,184,99970,184,99524,284,99975,184,99511,184,99976,184,99502,184,99987,100,99444,100,99995,100,99342,100,100003,100,99336,100,100017,100,99329,100,100037,100,99260,100,100038,100,99221,100
2019-06-28 09:56:30.000000000,99970,184,99572,184,99975,184,99524,284,99976,184,99511,184,99987,184,99502,184,99995,100,99444,100,100003,100,99342,100,100017,100,99336,100,100037,100,99329,100,100038,100,99260,100,100076,100,99221,100
2019-06-28 09:56:40.000000000,99970,267,99572,267,99975,267,99524,367,99976,100,99511,100,99987,100,99502,100,99995,100,99444,100,100003,100,99342,100,100017,100,99336,100,100037,100,99329,100,100038,100,99260,100,100076,100,99221,100
2019-06-28 09:56:50.000000000,99970,214,99572,214,99975,210,99524,310,99976,210,99511,210,99987,100,99502,100,99995,100,99444,100,100003,100,99342,100,100017,100,99336,100,100037,100,99329,100,100038,100,99260,100,100076,100,99221,100
2019-06-28 09:57:00.000000000,99970,267,99572,267,99975,267,99524,367,99976,100,99511,100,99987,100,99502,100,99995,100,99444,100,100003,100,99342,100,100017,100,99336,100,100037,100,99329,100,100038,100,99260,100,100076,100,99221,100
2019-06-28 09:57:02.184628696,99970,167,99572,267,99975,267,99524,367,99976,100,99511,100,99987,100,99502,100,99995,100,99444,100,100003,100,99342,100,100017,100,99336,100,100037,100,99329,100,100038,100,99260,100,100076,100,98797,100
2019-06-28 09:57:05.255500283,99970,67,99572,267,99975,267,99524,367,99976,100,99511,100,99987,100,99502,100,99995,100,99444,100,100003,100,99342,100,100017,100,99336,100,100037,100,99329,100,100038,100,99260,100,100076,100,98797,100
2019-06-28 09:57:10.000000000,99975,184,99572,184,99976,184,99524,284,99987,184,99511,184,99995,184,99502,184,100003,100,99444,100,100017,100,99342,100,100037,100,99336,100,100038,100,99329,100,100076,100,99260,100,100098,100,98797,100
2019-06-28 09:57:20.000000000,99975,214,99572,214,99976,210,99524,310,99987,210,99511,210,99995,100,99502,100,100003,100,99444,100,100017,100,99342,100,100037,100,99336,100,100038,100,99329,100,100076,100,99260,100,100098,100,98797,100
2019-06-28 09:57:30.000000000,99975,184,99572,184,99976,184,99524,284,99987,184,99511,184,99995,184,99502,184,100003,100,99444,100,100017,100,99342,100,100037,100,99336,100,100038,100,99329,100,100076,100,99260,100,100098,100,98797,100
2019-06-28 09:57:38.455535045,99902,100,99572,184,99975,184,99524,284,99976,184,99511,184,99987,184,99502,184,99995,184,99444,100,100003,100,99342,100,100017,100,99336,100,100037,100,99329,100,100038,100,99260,100,100076,100,98797,100
2019-06-28 09:57:40.000000000,99902,184,99572,184,99975,184,99524,284,99976,184,99511,184,99987,184,99502,184,99995,100,99444,100,100003,100,99342,100,100017,100,99336,100,100037,100,99329,100,100038,100,99260,100,100076,100,98797,100
2019-06-28 09:57:50.000000000,99902,184,99572,184,99975,184,99524,284,99976,184,99511,184,99987,184,99502,184,99995,100,99444,100,100003,100,99342,100,100017,100,99336,100,100037,100,99329,100,100038,100,99260,100,100076,100,98797,100
2019-06-28 09:57:56.330522075,99764,100,99572,184,99902,184,99524,284,99975,184,99511,184,99976,184,99502,184,99987,184,99444,100,99995,100,99342,100,100003,100,99336,100,100017,100,99329,100,100037,100,99260,100,100038,100,98797,100
2019-06-28 09:58:00.000000000,99764,267,99572,267,99902,267,99524,367,99975,100,99511,100,99976,100,99502,100,99987,100,99444,100,99995,100,99342,100,100003,100,99336,100,100017,100,99329,100,100037,100,99260,100,100038,100,98797,100
2019-06-28 09:58:08.012034211,99764,167,99572,267,99902,267,99524,367,99975,100,99511,100,99976,100,99502,100,99987,100,99444,100,99995,100,99342,100,100003,100,99336,100,100017,100,99329,100,100037,100,99260,100,100038,100,98797,100
2019-06-28 09:58:10.000000000,99902,434,99572,434,99975,100,99524,200,99976,100,99511,100,99987,100,99502,100,99995,100,99444,100,100003,100,99342,100,100017,100,99336,100,100037,100,99329,100,100038,100,99260,100,100076,100,98797,100
2019-06-28 09:58:11.538074316,99902,334,99572,434,99975,100,99524,200,99976,100,99511,100,99987,100,99502,100,99995,100,99444,100,100003,100,99342,100,100017,100,99336,100,100037,100,99329,100,100038,100,99260,100,100076,100,98797,100
2019-06-28 09:58:19.152145600,99902,334,99572,434,99963,100,99524,200,99975,100,99511,100,99976,100,99502,100,99987,100,99444,100,99995,100,99342,100,100003,100,99336,100,100017,100,99329,100,100037,100,99260,100,100038,100,98797,100
2019-06-28 09:58:20.000000000,99963,184,99572,184,99975,184,99524,284,99976,184,99511,184,99987,184,99502,184,99995,100,99444,100,100003,100,99342,100,100017,100,99336,100,100037,100,99329,100,100038,100,99260,100,100076,100,98797,100
2019-06-28 09:58:25.051486483,99963,184,99949,100,99975,184,99572,184,99976,84,99524,284,99987,184,99511,184,99995,100,99502,184,100003,100,99444,100,100017,100,99342,100,100037,100,99336,100,100038,100,99329,100,100076,100,99260,100
2019-06-28 09:58:29.696085887,99963,184,99949,100,99975,184,99572,184,99976,84,99524,284,99987,184,99511,184,99995,100,99502,184,100003,100,99444,100,100017,100,99342,100,100037,100,99336,100,100038,100,99329,100,100076,100,99260,100
2019-06-28 09:58:30.000000000,99963,184,99949,184,99975,184,99572,184,99987,184,99524,284,99995,184,99511,184,100003,100,99502,100,100017,100,99444,100,100037,100,99342,100,100038,100,99336,100,100076,100,99329,100,100098,100,99260,100
2019-06-28 09:58:40.000000000,99963,267,99949,267,99975,267,99572,267,99987,100,99524,200,99995,100,99511,100,100003,100,99502,100,100017,100,99444,100,100037,100,99342,100,100038,100,99336,100,100076,100,99329,100,100098,100,99260,100
2019-06-28 09:58:41.670807735,99963,267,99949,267,99975,267,99572,167,99987,100,99524,200,99995,100,99511,100,100003,100,99502,100,100017,100,99444,100,100037,100,99342,100,100038,100,99336,100,100076,100,99329,100,100098,100,99260,100
2019-06-28 09:58:50.000000000,99963,267,99949,267,99975,267,99524,367,99987,100,99511,100,99995,100,99502,100,100003,100,99444,100,100017,100,99342,100,100037,100,99336,100,100038,100,99329,100,100076,100,99260,100,100098,100,98797,100
2019-06-28 09:58:59.093599684,99963,267,99949,267,99975,267,99904,100,99987,100,99524,367,99995,100,99511,100,100003,100,99502,100,100017,100,99444,100,100037,100,99342,100,100038,100,99336,100,100076,100,99329,100,100098,100,99260,100
2019-06-28 09:59:00.000000000,99963,434,99949,434,99975,100,99904,100,99987,100,99524,200,99995,100,99511,100,100003,100,99502,100,100017,100,99444,100,100037,100,99342,100,100038,100,99336,100,100076,100,99329,100,100098,100,99260,100
2019-06-28 09:59:09.571351191,99963,434,99949,434,99975,100,99907,100,99987,100,99904,100,99995,100,99524,200,100003,100,99511,100,100017,100,99502,100,100037,100,99444,100,100038,100,99342,100,100076,100,99336,100,100098,100,99329,100
2019-06-28 09:59:10.000000000,99963,214,99949,214,99975,210,99907,210,99987,210,99904,210,99995,100,99524,200,100003,100,99511,100,100017,100,99502,100,100037,100,99444,100,100038,100,99342,100,100076,100,99336,100,100098,100,99329,100
2019-06-28 09:59:20.000000000,99963,214,99949,214,99975,210,99907,210,99987,210,99904,210,99995,100,99524,200,100003,100,99511,100,100017,100,99502,100,100037,100,99444,100,100038,100,99342,100,100076,100,99336,100,100098,100,99329,100
2019-06-28 09:59:30.000000000,99963,167,99949,167,99975,167,99907,167,99987,167,99904,167,99995,167,99524,267,100003,167,99511,167,100017,100,99502,100,100037,100,99444,100,100038,100,99342,100,100076,100,99336,100,100098,100,99329,100
2019-06-28 09:59:30.388470684,99963,167,99949,167,99975,167,99907,167,99987,167,99904,167,99995,167,99524,267,100003,167,99511,167,100017,100,99502,100,100037,100,99444,100,100038,100,99342,100,100076,100,99336,100,100098,100,99329,100
2019-06-28 09:59:40.000000000,99963,267,99949,267,99975,267,99907,267,99987,100,99904,100,99995,100,99524,200,100003,100,99511,100,100017,100,99502,100,100037,100,99444,100,100038,100,99342,100,100076,100,99336,100,100098,100,99329,100
2019-06-28 09:59:50.000000000,99963,434,99949,434,99975,100,99907,100,99987,100,99904,100,99995,100,99524,200,100003,100,99511,100,100017,100,99502,100,100037,100,99444,100,100038,100,99342,100,100076,100,99336,100,100098,100,99329,100
2019-06-28 09:59:54.917929924,99963,334,99949,434,99975,100,99904,100,99987,100,99524,200,99995,100,99511,100,100003,100,99502,100,100017,100,99444,100,100037,100,99342,100,100038,100,99336,100,100076,100,99329,100,100098,100,99260,100
2019-06-28 10:00:00.000000000,99975,267,99949,267,99987,267,99904,267,99995,100,99524,200,100003,100,99511,100,100017,100,99502,100,100037,100,99444,100,100038,100,99342,100,100076,100,99336,100,100098,100,99329,100,100121,100,99260,100
2019-06-28 10:00:10.000000000,99975,267,99949,267,99987,267,99904,267,99995,100,99524,200,100003,100,99511,100,100017,100,99502,100,100037,100,99444,100,100038,100,99342,100,100076,100,99336,100,100098,100,99329,100,100121,100,99260,100
2019-06-28 10:00:20.000000000,99975,184,99949,184,99987,184,99904,184,99995,184,99524,284,100003,184,99511,184,100017,100,99502,100,100037,100,99444,100,100038,100,99342,100,100076,100,99336,100,100098,100,99329,100,100121,100,99260,100
2019-06-28 10:00:30.000000000,99975,214,99949,214,99987,210,99904,210,99995,210,99524,310,100003,100,99511,100,100017,100,99502,100,100037,100,99444,100,100038,100,99342,100,100076,100,99336,100,100098,100,99329,100,100121,100,99260,100
2019-06-28 10:00:38.184142389,99975,214,99949,214,99987,210,99904,210,99995,210,99524,310,100003,100,99511,100,100017,100,99502,100,100037,100,99444,100,100038,100,99342,100,100076,100,99336,100,100098,100,99329,100,100121,100,99260,100
2019-06-28 10:00:40.000000000,99975,267,99949,267,99987,267,99904,267,99995,100,99524,200,100003,100,99511,100,100017,100,99502,100,100037,100,99444,100,100038,100,99342,100,100076,100,99336,100,100098,100,99329,100,100121,100,99260,100
2019-06-28 10:00:40.783000778,99975,267,99950,100,99987,267,99949,267,99995,100,99904,267,100003,100,99524,200,100017,100,99511,100,100037,100,99502,100,100038,100,99444,100,100076,100,99342,100,100098,100,99336,100,100121,100,99329,100
2019-06-28 10:00:48.997654221,99975,267,99950,100,99987,267,99949,267,99995,100,99904,267,100003,100,99524,200,100017,100,99511,100,100037,100,99502,100,100038,100,99444,100,100076,100,99342,100,100098,100,99336,100,100121,100,99329,100
2019-06-28 10:00:50.000000000,99975,214,99950,214,99987,210,99949,210,99995,210,99904,210,100003,100,99524,200,100017,100,99511,100,100037,100,99502,100,100038,100,99444,100,100076,100,99342,100,100098,100,99336,100,100121,100,99329,100
2019-06-28 10:01:00.000000000,99975,267,99950,267,99987,267,99949,267,99995,100,99904,100,100003,100,99524,200,100017,100,99511,100,100037,100,99502,100,100038,100,99444,100,100076,100,99342,100,100098,100,99336,100,100121,100,99329,100
2019-06-28 10:01:10.000000000,99975,267,99950,267,99987,267,99949,267,99995,100,99904,100,100003,100,99524,200,100017,100,99511,100,100037,100,99502,100,100038,100,99444,100,100076,100,99342,100,100098,100,99336,100,100121,100,99329,100
2019-06-28 10:01:17.375190854,99975,267,99950,267,99987,267,99949,267,99995,100,99904,100,100017,100,99524,200,100037,100,99511,100,100038,100,99502,100,100076,100,99444,100,100098,100,99342,100,100121,100,99336,100,100163,100,99329,100
2019-06-28 10:01:20.000000000,99975,267,99950,267,99987,267,99949,267,99995,100,99904,100,100017,100,99524,200,100037,100,99511,100,100038,100,99502,100,100076,100,99444,100,100098,100,99342,100,100121,100,99336,100,100163,100,99329,100
2019-06-28 10:01:30.000000000,99975,214,99950,214,99987,210,99949,210,99995,210,99904,210,100017,100,99524,200,100037,100,99511,100,100038,100,99502,100,100076,100,99444,100,100098,100,99342,100,100121,100,99336,100,100163,100,99329,100
2019-06-28 10:01:40.000000000,99975,184,99950,184,99987,184,99949,184,99995,184,99904,184,100017,184,99524,284,100037,100,99511,100,100038,100,99502,100,100076,100,99444,100,100098,100,99342,100,100121,100,99336,100,100163,100,99329,100
2019-06-28 10:01:50.000000000,99975,214,99950,214,99987,210,99949,210,99995,210,99904,210,100017,100,99524,200,100037,100,99511,100,100038,100,99502,100,100076,100,99444,100,100098,100,99342,100,100121,100,99336,100,100163,100,99329,100
2019-06-28 10:02:00.000000000,99975,184,99950,184,99987,184,99949,184,99995,184,99904,184,100017,184,99524,284,100037,100,99511,100,100038,100,99502,100,100076,100,99444,100,100098,100,99342,100,100121,100,99336,100,100163,100,99329,100
2019-06-28 10:02:09.079617875,99975,184,99950,184,99987,184,99949,84,99995,184,99904,184,100017,184,99524,284,100037,100,99511,100,100038,100,99502,100,100076,100,99444,100,100098,100,99342,100,100121,100,99336,100,100145,100,99329,100
2019-06-28 10:02:10.000000000,99975,214,99950,214,99987,210,99904,210,99995,210,99524,310,100017,100,99511,100,100037,100,99502,100,100038,100,99444,100,100076,100,99342,100,100098,100,99336,100,100121,100,99329,100,100145,100,99260,100
2019-06-28 10:02:11.729782498,99975,214,99950,314,99987,210,99904,210,99995,210,99524,310,100017,100,99511,100,100037,100,99502,100,100038,100,99444,100,100076,100,99342,100,100098,100,99336,100,100121,100,99329,100,100145,100,99260,100
2019-06-28 10:02:19.934983732,99975,214,99950,314,99987,210,99904,210,99995,210,99524,310,100017,100,99511,100,100037,100,99502,100,100038,100,99444,100,100076,100,99342,100,100098,100,99336,100,100121,100,99329,100,100145,100,99260,100
2019-06-28 10:02:20.000000000,99975,434,99950,534,99987,100,99904,100,99995,100,99524,200,100017,100,99511,100,100037,100,99502,100,100038,100,99444,100,100076,100,99342,100,100098,100,99336,100,100121,100,99329,100,100145,100,99260,100
2019-06-28 10:02:29.202445039,99975,434,99950,434,99987,100,99904,100,99995,100,99524,200,100017,100,99511,100,100037,100,99502,100,100038,100,99444,100,100076,100,99342,100,100098,100,99336,100,100121,100,99329,100,100145,100,99260,100
2019-06-28 10:02:30.000000000,99975,167,99950,167,99987,167,99904,167,99995,167,99524,267,100017,167,99511,167,100037,167,99502,167,100038,100,99444,100,100076,100,99342,100,100098,100,99336,100,100121,100,99329,100,100145,100,99260,100
2019-06-28 10:02:30.027446493,99975,167,99950,267,99987,167,99904,167,99995,167,99524,267,100017,167,99511,167,100037,167,99502,167,100038,100,99444,100,100076,100,99342,100,100098,100,99336,100,100121,100,99329,100,100145,100,99260,100
2019-06-28 10:02:32.127185486,99975,167,99950,267,99987,167,99904,167,99995,167,99524,267,100017,67,99511,167,100037,167,99502,167,100038,100,99444,100,100076,100,99342,100,100098,100,99336,100,100121,100,99329,100,100145,100,99260,100
2019-06-28 10:02:40.000000000,99975,214,99950,314,99987,210,99904,210,99995,210,99524,310,100037,100,99511,100,100038,100,99502,100,100076,100,99444,100,100098,100,99342,100,100121,100,99336,100,100145,100,99329,100,100156,100,99260,100
2019-06-28 10:02:50.000000000,99975,434,99950,534,99987,100,99904,100,99995,100,99524,200,100037,100,99511,100,100038,100,99502,100,100076,100,99444,100,100098,100,99342,100,100121,100,99336,100,100145,100,99329,100,100156,100,99260,100
2019-06-28 10:02:50.770178758,99975,334,99950,534,99987,100,99904,100,99995,100,99524,200,100037,100,99511,100,100038,100,99502,100,100076,100,99444,100,100098,100,99342,100,100121,100,99336,100,100145,100,99329,100,100156,100,99260,100
2019-06-28 10:02:51.821362032,99975,334,99950,534,99987,100,99904,100,99995,100,99524,200,100037,100,99511,100,100038,100,99502,100,100076,100,99444,100,100098,100,99342,100,100121,100,99336,100,100128,100,99329,100,100145,100,99260,100
2019-06-28 10:03:00.000000000,99987,214,99950,314,99995,210,99904,210,100037,210,99524,310,100038,100,99511,100,100076,100,99502,100,100098,100,99444,100,100121,100,99342,100,100128,100,99336,100,100145,100,99329,100,100156,100,99260,100
2019-06-28 10:03:06.495854892,99987,214,99950,314,99995,210,99904,210,100037,210,99524,310,100038,100,99511,100,100076,100,99502,100,100098,100,99444,100,100121,100,99342,100,100128,100,99336,100,100145,100,99329,100,100156,100,99260,100
2019-06-28 10:03:10.000000000,99987,267,99950,367,99995,267,99904,267,100037,100,99524,200,100038,100,99511,100,100076,100,99502,100,100098,100,99444,100,100121,100,99342,100,100128,100,99336,100,100145,100,99329,100,100156,100,99260,100
2019-06-28 10:03:18.205623740,99987,167,99950,367,99995,267,99904,267,100037,100,99524,200,100038,100,99511,100,100076,100,99502,100,100098,100,99444,100,100121,100,99342,100,100128,100,99336,100,100145,100,99329,100,100156,100,99260,100
2019-06-28 10:03:20.000000000,99995,214,99950,314,100037,210,99904,210,100038,210,99524,310,100076,100,99511,100,100098,100,99502,100,100121,100,99444,100,100128,100,99342,100,100145,100,99336,100,100156,100,99329,100,100163,100,99260,100
2019-06-28 10:03:30.000000000,99995,214,99950,314,100037,210,99904,210,100038,210,99524,310,100076,100,99511,100,100098,100,99502,100,100121,100,99444,100,100128,100,99342,100,100145,100,99336,100,100156,100,99329,100,100163,100,99260,100
2019-06-28 10:03:35.618636217,99995,214,99975,100,100037,210,99950,314,100038,210,99904,210,100076,100,99524,210,100098,100,99511,100,100121,100,99502,100,100128,100,99444,100,100145,100,99342,100,100156,100,99336,100,100163,100,99329,100
2019-06-28 10:03:39.534850684,99995,114,99975,100,100037,210,99950,314,100038,210,99904,210,100076,100,99524,210,100098,100,99511,100,100121,100,99502,100,100128,100,99444,100,100145,100,99342,100,100156,100,99336,100,100163,100,99329,100
2019-06-28 10:03:40.000000000,100037,167,99975,167,100038,167,99950,267,100076,167,99904,167,100098,167,99524,167,100121,167,99511,167,100128,100,99502,100,100145,100,99444,100,100156,100,99342,100,100163,100,99336,100,100164,100,99329,100
2019-06-28 10:03:43.998214167,100037,167,99987,100,100038,167,99975,167,100076,167,99950,267,100098,167,99904,167,100121,167,99524,67,100128,100,99511,167,100145,100,99502,100,100156,100,99444,100,100163,100,99342,100,100164,100,99336,100
2019-06-28 10:03:50.000000000,100037,167,99987,167,100038,167,99975,167,100076,167,99950,267,100098,167,99904,167,100121,167,99511,167,100128,100,99502,100,100145,100,99444,100,100156,100,99342,100,100163,100,99336,100,100164,100,99329,100
2019-06-28 10:04:00.000000000,100037,214,99987,214,100038,210,99975,210,100076,210,99950,310,100098,100,99904,100,100121,100,99511,100,100128,100,99502,100,100145,100,99444,100,100156,100,99342,100,100163,100,99336,100,100164,100,99329,100
2019-06-28 10:04:00.160724526,100037,114,99987,214,100038,210,99975,210,100076,210,99950,310,100098,100,99904,100,100121,100,99511,100,100128,100,99502,100,100145,100,99444,100,100156,100,99342,100,100163,100,99336,100,100164,100,99329,100
2019-06-28 10:04:03.613260278,100037,14,99987,214,100038,210,99975,210,100076,210,99950,310,100098,100,99904,100,100121,100,99511,100,100128,100,99502,100,100145,100,99444,100,100156,100,99342,100,100163,100,99336,100,100164,100,99329,100
2019-06-28 10:04:10.000000000,100038,184,99987,184,100076,184,99975,184,100098,184,99950,284,100121,184,99904,184,100128,100,99511,100,100145,100,99502,100,100156,100,99444,100,100163,100,99342,100,100164,100,99336,100,100191,100,99329,100
2019-06-28 10:04:20.000000000,100038,214,99987,214,100076,210,99975,210,100098,210,99950,310,100121,100,99904,100,100128,100,99511,100,100145,100,99502,100,100156,100,99444,100,100163,100,99342,100,100164,100,99336,100,100191,100,99329,100
2019-06-28 10:04:30.000000000,100038,267,99987,267,100076,267,99975,267,100098,100,99950,200,100121,100,99904,100,100128,100,99511,100,100145,100,99502,100,100156,100,99444,100,100163,100,99342,100,100164,100,99336,100,100191,100,99329,100
2019-06-28 10:04:32.164929851,100038,167,99987,267,100076,267,99975,267,100098,100,99950,200,100121,100,99904,100,100128,100,99511,100,100145,100,99502,100,100156,100,99444,100,100163,100,99342,100,100164,100,99336,100,100191,100,99329,100
2019-06-28 10:04:40.000000000,100076,434,99987,434,100098,100,99975,100,100121,100,99950,200,100128,100,99904,100,100145,100,99511,100,100156,100,99502,100,100163,100,99444,100,100164,100,99342,100,100191,100,99336,100,100214,100,99329,100
2019-06-28 10:04:50.000000000,100076,167,99987,167,100098,167,99975,167,100121,167,99950,267,100128,167,99904,167,100145,167,99511,167,100156,100,99502,100,100163,100,99444,100,100164,100,99342,100,100191,100,99336,100,100214,100,99329,100
2019-06-28 10:04:56.348804219,100076,67,99987,167,100098,167,99975,167,100121,167,99950,267,100128,167,99904,167,100145,167,99511,167,100156,100,99502,100,100163,100,99444,100,100164,100,99342,100,100191,100,99336,100,100214,100,99329,100
2019-06-28 10:04:59.997103332,100098,167,100076,33,100121,167,99987,167,100128,167,99975,167,100145,167,99950,267,100156,100,99904,167,100163,100,99511,167,100164,100,99502,100,100191,100,99444,100,100214,100,99342,100,100358,100,99336,100
2019-06-28 10:05:00.000000000,100098,184,100076,117,100121,184,99987,184,100128,184,99975,184,100145,184,99950,284,100156,100,99904,100,100163,100,99511,100,100164,100,99502,100,100191,100,99444,100,100214,100,99342,100,100358,100,99336,100
2019-06-28 10:05:10.000000000,100098,434,100076,367,100121,100,99987,100,100128,100,99975,100,100145,100,99950,200,100156,100,99904,100,100163,100,99511,100,100164,100,99502,100,100191,100,99444,100,100214,100,99342,100,100358,100,99336,100
2019-06-28 10:05:20.000000000,100098,167,100076,100,100121,167,99987,167,100128,167,99975,167,100145,167,99950,267,100156,167,99904,167,100163,100,99511,100,100164,100,99502,100,100191,100,99444,100,100214,100,99342,100,100358,100,99336,100
2019-06-28 10:05:23.445209794,100098,167,100076,100,100121,167,99987,167,100128,167,99975,167,100145,167,99950,267,100156,167,99904,167,100163,100,99511,100,100164,100,99502,100,100191,100,99444,100,100214,100,99342,100,100358,100,99336,100
2019-06-28 10:05:29.951444695,100098,167,100076,100,100121,167,99987,67,100128,167,99975,167,100145,167,99950,267,100156,167,99904,167,100163,100,99511,100,100164,100,99502,100,100191,100,99444,100,100214,100,99342,100,100358,100,99336,100
2019-06-28 10:05:30.000000000,100098,434,100076,367,100121,100,99975,100,100128,100,99950,200,100145,100,99904,100,100156,100,99511,100,100163,100,99502,100,100164,100,99444,100,100191,100,99342,100,100214,100,99336,100,100358,100,99329,100
2019-06-28 10:05:37.011926251,100098,334,100076,367,100121,100,99975,100,100128,100,99950,200,100145,100,99904,100,100156,100,99511,100,100163,100,99502,100,100164,100,99444,100,100191,100,99342,100,100214,100,99336,100,100358,100,99329,100
2019-06-28 10:05:40.000000000,100121,434,100076,367,100128,100,99975,100,100145,100,99950,200,100156,100,99904,100,100163,100,99511,100,100164,100,99502,100,100191,100,99444,100,100214,100,99342,100,100358,100,99336,100,100677,100,99329,100
2019-06-28 10:05:47.970528834,100121,334,100076,367,100128,100,99975,100,100145,100,99950,200,100156,100,99904,100,100163,100,99511,100,100164,100,99502,100,100191,100,99444,100,100214,100,99342,100,100358,100,99336,100,100677,100,99329,100
2019-06-28 10:05:50.000000000,100128,267,100076,200,100145,267,99975,267,100156,100,99950,200,100163,100,99904,100,100164,100,99511,100,100191,100,99502,100,100214,100,99444,100,100358,100,99342,100,100677,100,99336,100,,,99329,100
2019-06-28 10:06:00.000000000,100128,167,100076,100,100145,167,99975,167,100156,167,99950,267,100163,167,99904,167,100164,167,99511,167,100191,100,99502,100,100214,100,99444,100,100358,100,99342,100,100677,100,99336,100,,,99329,100
2019-06-28 10:06:06.458294893,100128,67,100076,100,100145,167,99975,167,100156,167,99950,267,100163,167,99904,167,100164,167,99511,167,100191,100,99502,100,100214,100,99444,100,100677,100,99342,100,,,99336,100,,,99329,100
2019-06-28 10:06:10.000000000,100145,184,100076,117,100156,184,99975,184,100163,184,99950,284,100164,184,99904,184,100191,100,99511,100,100214,100,99502,100,100677,100,99444,100,,,99342,100,,,99336,100,,,99329,100
2019-06-28 10:06:19.616126073,100145,184,100121,100,100156,184,100076,117,100163,184,99975,184,100164,184,99950,284,100191,100,99904,184,100214,100,99511,100,100677,100,99502,100,,,99444,100,,,99342,100,,,99336,100
2019-06-28 10:06:20.000000000,100145,267,100121,267,100156,267,100076,200,100163,100,99975,100,100164,100,99950,200,100191,100,99904,100,100214,100,99511,100,100677,100,99502,100,,,99444,100,,,99342,100,,,99336,100
2019-06-28 10:06:30.000000000,100145,214,100121,214,100156,210,100076,143,100163,210,99975,210,100164,100,99950,200,100191,100,99904,100,100214,100,99511,100,100677,100,99502,100,,,99444,100,,,99342,100,,,99336,100
2019-06-28 10:06:34.371620600,100145,214,100121,314,100156,210,100076,143,100163,210,99975,210,100164,100,99950,100,100191,100,99904,100,100214,100,99511,100,100677,100,99502,100,,,99444,100,,,99342,100,,,99336,100
2019-06-28 10:06:40.000000000,100145,184,100121,284,100156,184,100076,117,100163,184,99975,184,100164,184,99950,184,100191,100,99904,100,100214,100,99511,100,100677,100,99502,100,,,99444,100,,,99342,100,,,99336,100
2019-06-28 10:06:44.196812163,100145,184,100121,284,100156,184,100076,117,100163,184,99975,184,100164,184,99950,184,100191,100,99904,100,100214,100,99511,100,100401,100,99502,100,100677,100,99444,100,,,99342,100,,,99336,100
2019-06-28 10:06:46.641344109,100145,184,100121,284,100156,184,100076,117,100163,184,99975,184,100164,184,99950,184,100191,100,99904,100,100214,100,99511,100,100286,100,99502,100,100401,100,99444,100,100677,100,99342,100,,,99336,100
2019-06-28 10:06:50.000000000,100145,167,100121,267,100156,167,100076,100,100163,167,99975,167,100164,167,99950,167,100191,167,99904,167,100214,100,99511,100,100286,100,99502,100,100401,100,99444,100,100677,100,99342,100,,,99336,100
2019-06-28 10:06:57.667917999,100145,167,100121,267,100156,167,100076,100,100163,167,99975,167,100164,167,99950,167,100191,167,99904,167,100214,100,99511,100,100286,100,99502,100,100340,100,99444,100,100401,100,99342,100,100677,100,99336,100
2019-06-28 10:07:00.000000000,100145,184,100121,284,100156,184,100076,117,100163,184,99975,184,100164,184,99950,184,100191,100,99904,100,100214,100,99511,100,100286,100,99502,100,100340,100,99444,100,100401,100,99342,100,100677,100,99336,100
2019-06-28 10:07:10.000000000,100145,434,100121,534,100156,100,100076,33,100163,100,99975,100,100164,100,99950,100,100191,100,99904,100,100214,100,99511,100,100286,100,99502,100,100340,100,99444,100,100401,100,99342,100,100677,100,99336,100
2019-06-28 10:07:11.760682382,100145,434,100121,534,100156,100,100076,33,100163,100,99975,100,100164,100,99950,100,100182,100,99511,100,100191,100,99502,100,100214,100,99444,100,100286,100,99342,100,100340,100,99336,100,100401,100,99329,100
2019-06-28 10:07:20.000000000,100145,184,100121,284,100156,184,100076,117,100163,184,99975,184,100164,184,99950,184,100182,100,99511,100,100191,100,99502,100,100214,100,99444,100,100286,100,99342,100,100340,100,99336,100,100401,100,99329,100
2019-06-28 10:07:26.279418239,100145,184,100121,284,100156,184,100076,117,100163,184,99975,184,100164,184,99950,184,100182,100,99511,100,100191,100,99502,100,100214,100,99444,100,100286,100,99342,100,100340,100,99336,100,100401,100,99329,100
2019-06-28 10:07:30.000000000,100145,267,100121,367,100156,267,100076,200,100163,100,99975,100,100164,100,99950,100,100182,100,99511,100,100191,100,99502,100,100214,100,99444,100,100286,100,99342,100,100340,100,99336,100,100401,100,99329,100
2019-06-28 10:07:40.000000000,100145,434,100121,534,100156,100,100076,33,100163,100,99975,100,100164,100,99950,100,100182,100,99511,100,100191,100,99502,100,100214,100,99444,100,100286,100,99342,100,100340,100,99336,100,100401,100,99329,100
2019-06-28 10:07:50.000000000,100145,167,100121,267,100156,167,100076,100,100163,167,99975,167,100164,167,99950,167,100182,167,99511,167,100191,100,99502,100,100214,100,99444,100,100286,100,99342,100,100340,100,99336,100,100401,100,99329,100
2019-06-28 10:08:00.000000000,100145,267,100121,367,100156,267,100076,200,100163,100,99975,100,100164,100,99950,100,100182,100,99511,100,100191,100,99502,100,100214,100,99444,100,100286,100,99342,100,100340,100,99336,100,100401,100,99329,100
