,ask_price_1,ask_size_1,bid_price_1,bid_size_1,ask_price_2,ask_size_2,bid_price_2,bid_size_2,ask_price_3,ask_size_3,bid_price_3,bid_size_3,ask_price_4,ask_size_4,bid_price_4,bid_size_4,ask_price_5,ask_size_5,bid_price_5,bid_size_5,ask_price_6,ask_size_6,bid_price_6,bid_size_6,ask_price_7,ask_size_7,bid_price_7,bid_size_7,ask_price_8,ask_size_8,bid_price_8,bid_size_8,ask_price_9,ask_size_9,bid_price_9,bid_size_9,ask_price_10,ask_size_10,bid_price_10,bid_size_10
2019-06-28 09:30:00.000000000,,,99976,100,,,,,,,,,,,,,,,,,,,,,,,,,,,,,,,,,,,,
2019-06-28 09:30:00.000000001,100056,100,99976,100,,,99940,100,,,,,,,,,,,,,,,,,,,,,,,,,,,,,,,,
2019-06-28 09:30:00.000000009,100056,100,99976,100,,,99940,100,,,99919,100,,,,,,,,,,,,,,,,,,,,,,,,,,,,
2019-06-28 09:30:00.000000010,,,99976,100,,,99940,100,,,99919,100,,,,,,,,,,,,,,,,,,,,,,,,,,,,
2019-06-28 09:30:00.000000013,100056,100,99976,100,,,99974,100,,,99940,100,,,99919,100,,,,,,,,,,,,,,,,,,,,,,,,
2019-06-28 09:30:00.000000015,100047,100,99976,100,100056,200,99974,100,,,99940,100,,,99919,100,,,,,,,,,,,,,,,,,,,,,,,,
2019-06-28 09:30:00.000000018,100047,100,99995,100,100056,300,99976,100,,,99974,100,,,99940,100,,,99919,100,,,,,,,,,,,,,,,,,,,,
2019-06-28 09:30:00.000000019,100047,100,99995,100,100056,300,99976,100,100108,100,99974,100,,,99968,100,,,99940,100,,,99919,100,,,,,,,,,,,,,,,,
2019-06-28 09:30:00.000000020,100047,100,99995,100,100053,100,99976,100,100056,300,99974,100,100108,100,99968,100,,,99940,100,,,99919,100,,,,,,,,,,,,,,,,
2019-06-28 09:30:00.000000022,100047,100,100003,100,100053,100,99995,100,100056,300,99976,100,100108,100,99974,100,,,99968,100,,,99940,100,,,99919,100,,,,,,,,,,,,
2019-06-28 09:30:00.000000029,100047,100,100003,100,100053,100,99995,100,100056,400,99976,100,100108,100,99974,100,,,99968,100,,,99940,100,,,99919,100,,,,,,,,,,,,
2019-06-28 09:30:00.000000030,100047,100,100005,100,100053,100,100003,100,100056,400,99995,100,100108,100,99976,100,,,99974,100,,,99968,100,,,99940,100,,,99923,100,,,99919,100,,,,
2019-06-28 09:30:00.000000032,100047,100,100005,100,100053,100,100003,100,100056,500,99995,100,100108,100,99976,100,,,99974,100,,,99968,100,,,99940,100,,,99923,100,,,99919,100,,,,
2019-06-28 09:30:00.000000036,100047,100,100003,100,100053,100,99995,100,100056,500,99976,100,100108,100,99974,100,,,99968,100,,,99940,100,,,99923,100,,,99919,100,,,,,,,,
2019-06-28 09:30:00.000000037,100047,100,100003,100,100053,100,99995,100,100056,500,99976,100,100080,100,99974,100,100108,100,99968,100,,,99940,100,,,99923,100,,,99919,100,,,,,,,,
2019-06-28 09:30:00.000000041,100035,100,100003,100,100047,100,99995,100,100053,100,99976,100,100056,500,99974,100,100080,100,99968,100,100108,100,99940,100,,,99923,100,,,99919,100,,,,,,,,
2019-06-28 09:30:00.000000045,100035,100,100003,100,100047,100,99995,100,100053,100,99976,100,100056,500,99974,100,100080,100,99968,100,100108,100,99940,100,100109,100,99923,100,,,99919,100,,,,,,,,
2019-06-28 09:30:00.000000046,100035,100,100003,200,100047,100,99995,100,100053,100,99976,100,100056,500,99974,100,100080,100,99968,100,100108,100,99940,100,100109,100,99923,100,,,99919,100,,,,,,,,
2019-06-28 09:30:00.000000048,100035,100,100003,200,100047,100,99995,100,100053,100,99976,100,100056,500,99974,100,100080,100,99968,100,100108,100,99940,100,100109,100,99923,100,,,99919,100,,,99902,100,,,,
2019-06-28 09:30:00.000000049,100035,100,100003,200,100047,100,99995,100,100053,100,99976,100,100056,500,99974,100,100080,100,99968,100,100108,100,99940,100,100109,100,99923,100,100145,100,99919,100,,,99902,100,,,,
2019-06-28 09:30:00.000000050,100035,100,100030,100,100047,100,100003,200,100053,100,99995,100,100056,500,99983,100,100080,100,99976,100,100108,100,99974,100,100109,100,99968,100,100145,100,99941,100,,,99940,100,,,99923,100
2019-06-28 09:30:00.000000053,100035,100,100030,100,100047,100,100005,100,100053,100,100003,200,100056,500,99995,100,100080,100,99983,100,100108,100,99976,100,100109,100,99974,100,100145,100,99968,100,,,99941,100,,,99940,100
2019-06-28 09:30:00.000000055,100035,100,100030,100,100047,100,100005,200,100053,100,100003,200,100056,500,99995,100,100080,100,99983,100,100108,100,99976,100,100109,100,99974,100,100145,100,99968,100,,,99949,100,,,99941,100
2019-06-28 09:30:00.000000056,100035,100,100030,100,100047,100,100005,200,100053,100,100003,200,100055,100,99995,100,100056,500,99983,100,100080,100,99976,100,100108,100,99974,100,100109,100,99968,100,100145,100,99949,100,,,99941,100
2019-06-28 09:30:00.000000058,100035,100,100005,200,100047,100,100003,200,100053,100,99995,100,100055,100,99983,100,100056,500,99976,100,100080,100,99974,100,100108,100,99968,100,100109,100,99949,100,100145,100,99941,100,,,99940,100
2019-06-28 09:30:00.000000059,100022,100,100005,200,100035,100,100003,200,100047,100,99995,100,100053,100,99983,100,100055,100,99976,100,100056,500,99974,100,100080,100,99968,100,100108,100,99949,100,100109,100,99941,100,100145,100,99940,100
2019-06-28 09:30:00.000000062,100022,100,100005,200,100030,100,100003,200,100035,100,99995,100,100047,100,99983,100,100053,100,99976,100,100055,100,99974,100,100056,500,99968,100,100080,100,99954,100,100108,100,99949,100,100109,100,99941,100
2019-06-28 09:30:00.000000063,100022,100,100005,200,100030,200,100004,100,100035,100,100003,200,100047,100,99995,100,100053,100,99983,100,100055,100,99976,100,100056,500,99974,100,100080,100,99968,100,100108,100,99954,100,100109,100,99949,100
2019-06-28 09:30:00.000000065,100006,100,100005,200,100021,100,100004,100,100022,100,100003,200,100030,200,99995,100,100035,100,99983,100,100047,100,99976,100,100053,100,99974,100,100055,100,99968,100,100056,500,99954,100,100080,100,99949,100
2019-06-28 09:30:00.000000067,100006,100,100005,200,100021,100,100004,100,100022,100,100003,200,100030,200,99995,100,100035,100,99983,100,100047,100,99976,100,100053,100,99974,100,100055,100,99968,100,100056,500,99954,100,100080,100,99949,100
2019-06-28 09:30:00.000000069,100006,100,100005,200,100021,100,100004,100,100022,100,100003,200,100030,200,99995,100,100035,100,99983,100,100047,100,99976,100,100053,100,99974,100,100055,100,99968,100,100056,500,99954,100,100080,100,99949,100
2019-06-28 09:30:00.000000070,100006,100,100005,200,100021,100,100004,100,100022,100,100003,200,100030,200,99995,100,100035,100,99983,100,100047,100,99976,100,100053,100,99974,100,100055,100,99968,100,100056,500,99954,100,100080,100,99949,100
2019-06-28 09:30:00.000000071,100006,100,100005,200,100021,100,100004,100,100022,100,100003,200,100030,200,99995,100,100035,100,99983,100,100047,100,99976,100,100053,100,99974,100,100055,100,99968,100,100056,500,99954,100,100069,100,99949,100
2019-06-28 09:30:00.000000079,100021,100,100005,200,100022,100,100004,100,100030,200,100003,200,100035,100,99995,100,100047,100,99983,100,100053,100,99976,100,100055,100,99974,100,100056,500,99968,100,100069,100,99954,100,100080,100,99949,100
2019-06-28 09:30:00.000000080,100021,100,100005,200,100022,100,100004,100,100030,200,100003,200,100035,100,99995,100,100047,100,99983,100,100053,100,99976,100,100055,100,99974,100,100056,500,99968,100,100069,100,99954,100,100080,100,99949,100
2019-06-28 09:30:00.000000081,100021,100,100005,100,100022,100,100004,100,100030,200,100003,200,100035,100,99995,100,100047,100,99983,100,100053,100,99976,100,100055,100,99974,100,100056,500,99968,100,100069,100,99954,100,100080,100,99949,100
2019-06-28 09:30:00.000000082,100021,100,100005,100,100022,100,100004,100,100030,200,100003,200,100035,100,99995,100,100047,100,99983,100,100053,100,99976,100,100055,100,99974,100,100056,500,99968,100,100069,100,99954,100,100080,100,99949,100
2019-06-28 09:30:00.000000086,100021,100,100005,100,100022,100,100004,100,100030,200,100003,200,100035,100,99995,100,100047,100,99983,100,100053,100,99976,100,100055,100,99974,100,100056,500,99968,100,100062,100,99954,100,100069,100,99949,100
2019-06-28 09:30:00.000000088,100006,100,100005,100,100021,100,100004,100,100022,100,100003,200,100030,200,99995,100,100035,100,99983,100,100047,100,99976,100,100053,100,99974,100,100055,100,99968,100,100056,500,99954,100,100062,100,99949,100
2019-06-28 09:30:00.000000089,100006,100,100005,100,100021,100,100004,100,100022,100,100003,200,100030,200,99995,100,100035,100,99983,100,100047,100,99976,100,100053,100,99974,100,100055,100,99968,100,100056,500,99954,100,100062,100,99949,100
2019-06-28 09:30:00.000000091,100006,100,100005,100,100021,100,100004,100,100022,100,100003,200,100030,200,99995,100,100035,100,99983,100,100047,100,99976,100,100053,100,99974,100,100055,100,99968,100,100056,500,99954,100,100062,100,99949,100
2019-06-28 09:30:00.000000092,100006,100,100005,100,100021,100,100004,100,100022,100,100003,200,100030,200,99999,100,100035,100,99995,100,100047,100,99983,100,100053,100,99976,100,100055,100,99974,100,100056,500,99968,100,100062,100,99954,100
2019-06-28 09:30:00.000000094,100006,100,100005,100,100021,100,100004,100,100022,100,100003,200,100030,200,99999,100,100035,100,99995,100,100047,100,99983,100,100053,200,99976,100,100055,100,99974,100,100056,500,99968,100,100062,100,99954,100
2019-06-28 09:30:00.000000095,100021,100,100005,100,100022,100,100004,100,100030,200,100003,200,100035,100,99999,100,100047,100,99995,100,100053,200,99983,100,100055,100,99976,100,100056,500,99974,100,100062,100,99968,100,100069,100,99954,100
2019-06-28 09:30:00.000000096,100021,100,100005,100,100022,100,100004,100,100030,200,100003,200,100035,100,99999,100,100047,100,99995,100,100053,200,99983,100,100055,100,99976,100,100056,500,99974,100,100062,100,99968,100,100069,100,99954,100
2019-06-28 09:30:00.000000098,100021,100,100005,100,100022,100,100004,100,100025,100,100003,200,100030,200,99999,100,100035,100,99995,100,100047,100,99983,100,100053,200,99976,100,100055,100,99974,100,100056,500,99968,100,100062,100,99954,100
2019-06-28 09:30:00.000000099,100021,100,100005,100,100022,100,100004,100,100025,100,100003,200,100030,200,99999,100,100035,100,99995,100,100047,100,99983,100,100053,200,99976,100,100055,100,99974,100,100056,500,99968,100,100062,100,99961,100
2019-06-28 09:30:10.000000000,100021,212,100005,212,100022,209,100004,209,100025,209,100003,309,100030,200,99999,100,100035,100,99995,100,100047,100,99983,100,100053,200,99976,100,100055,100,99974,100,100056,500,99968,100,100062,100,99961,100
2019-06-28 09:30:11.249474980,100021,212,100005,212,100022,209,100004,209,100025,209,100003,309,100030,200,99999,100,100035,100,99995,100,100047,100,99983,100,100053,200,99976,100,100055,100,99974,100,100056,500,99968,100,100062,100,99961,100
2019-06-28 09:30:20.000000000,100021,265,100005,265,100022,265,100004,265,100025,100,100003,200,100030,200,99999,100,100035,100,99995,100,100047,100,99983,100,100053,200,99976,100,100055,100,99974,100,100056,500,99968,100,100062,100,99961,100
2019-06-28 09:30:24.174286005,100021,265,100005,265,100022,265,100004,265,100025,100,100003,200,100030,200,99999,100,100035,100,99995,100,100047,100,99976,100,100053,200,99974,100,100055,100,99968,100,100056,500,99961,100,100062,100,99954,100
2019-06-28 09:30:30.000000000,100021,182,100005,182,100022,182,100004,182,100025,182,100003,282,100030,282,99999,182,100035,100,99995,100,100047,100,99976,100,100053,200,99974,100,100055,100,99968,100,100056,500,99961,100,100062,100,99954,100
2019-06-28 09:30:36.510935052,100021,182,100005,182,100022,182,100004,182,100025,182,100003,282,100030,282,99999,182,100035,100,99995,200,100047,100,99976,100,100053,200,99974,100,100055,100,99968,100,100056,500,99961,100,100062,100,99954,100
2019-06-28 09:30:40.000000000,100021,430,100005,430,100022,100,100004,100,100025,100,100003,200,100030,200,99999,100,100035,100,99995,200,100047,100,99976,100,100053,200,99974,100,100055,100,99968,100,100056,500,99961,100,100062,100,99954,100
2019-06-28 09:30:50.000000000,100021,430,100005,430,100022,100,100004,100,100025,100,100003,200,100030,200,99999,100,100035,100,99995,200,100047,100,99976,100,100053,200,99974,100,100055,100,99968,100,100056,500,99961,100,100062,100,99954,100
2019-06-28 09:31:00.000000000,100021,430,100005,430,100022,100,100004,100,100025,100,100003,200,100030,200,99999,100,100035,100,99995,200,100047,100,99976,100,100053,200,99974,100,100055,100,99968,100,100056,500,99961,100,100062,100,99954,100
2019-06-28 09:31:06.974676604,100021,330,100005,430,100022,100,100004,100,100025,100,100003,200,100030,200,99999,100,100035,100,99995,200,100047,100,99976,100,100053,200,99974,100,100055,100,99968,100,100056,500,99961,100,100062,100,99954,100
2019-06-28 09:31:10.000000000,100022,430,100005,430,100025,100,100004,100,100030,200,100003,200,100035,100,99999,100,100047,100,99995,200,100053,200,99976,100,100055,100,99974,100,100056,500,99968,100,100062,100,99961,100,100080,100,99954,100
2019-06-28 09:31:20.000000000,100022,265,100005,265,100025,265,100004,265,100030,200,100003,200,100035,100,99999,100,100047,100,99995,200,100053,200,99976,100,100055,100,99974,100,100056,500,99968,100,100062,100,99961,100,100080,100,99954,100
2019-06-28 09:31:27.864735822,100022,265,100005,265,100025,165,100004,265,100030,200,100003,200,100035,100,99999,100,100047,100,99995,200,100053,200,99976,100,100055,100,99974,100,100056,500,99968,100,100062,100,99961,100,100080,100,99954,100
2019-06-28 09:31:30.000000000,100022,430,100005,430,100030,200,100004,100,100035,100,100003,200,100047,100,99999,100,100053,200,99995,200,100055,100,99976,100,100056,500,99974,100,100062,100,99968,100,100080,100,99961,100,100104,100,99954,100
2019-06-28 09:31:40.000000000,100022,166,100005,166,100030,266,100004,166,100035,166,100003,266,100047,166,99999,166,100053,266,99995,266,100055,100,99976,100,100056,500,99974,100,100062,100,99968,100,100080,100,99961,100,100104,100,99954,100
2019-06-28 09:31:50.000000000,100022,212,100005,212,100030,309,100004,209,100035,209,100003,309,100047,100,99999,100,100053,200,99995,200,100055,100,99976,100,100056,500,99974,100,100062,100,99968,100,100080,100,99961,100,100104,100,99954,100
2019-06-28 09:31:53.106444636,100022,212,100005,212,100030,309,100004,209,100035,209,100003,309,100047,100,99999,100,100053,200,99995,200,100055,100,99976,100,100056,500,99974,100,100062,100,99968,100,100080,100,99961,100,100104,100,99954,100
2019-06-28 09:32:00.000000000,100022,182,100005,182,100030,282,100004,182,100035,182,100003,282,100047,182,99999,182,100053,200,99995,200,100055,100,99976,100,100056,500,99974,100,100062,100,99968,100,100080,100,99961,100,100104,100,99954,100
2019-06-28 09:32:10.000000000,100022,182,100005,182,100030,282,100004,182,100035,182,100003,282,100047,182,99999,182,100053,200,99995,200,100055,100,99976,100,100056,500,99974,100,100062,100,99968,100,100080,100,99961,100,100104,100,99954,100
2019-06-28 09:32:13.619779430,100022,182,100005,182,100030,282,100004,182,100035,182,100003,282,100047,182,99999,182,100053,200,99995,200,100055,100,99976,100,100056,500,99974,100,100062,100,99968,100,100080,100,99961,100,100104,100,99954,100
2019-06-28 09:32:19.611132989,100022,182,100005,182,100030,282,100004,182,100035,182,100003,282,100047,182,99999,182,100053,200,99995,200,100055,100,99976,100,100056,500,99974,100,100062,100,99968,100,100080,100,99961,100,100104,100,99954,100
2019-06-28 09:32:20.000000000,100022,430,100005,430,100030,200,100004,100,100035,100,100003,200,100047,100,99999,100,100053,200,99995,200,100055,100,99976,100,100056,500,99974,100,100062,100,99968,100,100080,100,99961,100,100104,100,99954,100
2019-06-28 09:32:24.400919097,100022,430,100005,430,100030,200,100004,100,100035,100,100003,200,100047,100,99999,100,100053,200,99995,200,100055,100,99976,100,100056,500,99974,100,100062,100,99961,100,100080,100,99954,100,100104,100,99949,100
2019-06-28 09:32:30.000000000,100022,430,100005,430,100030,200,100004,100,100035,100,100003,200,100047,100,99999,100,100053,200,99995,200,100055,100,99976,100,100056,500,99974,100,100062,100,99961,100,100080,100,99954,100,100104,100,99949,100
2019-06-28 09:32:40.000000000,100022,430,100005,430,100030,200,100004,100,100035,100,100003,200,100047,100,99999,100,100053,200,99995,200,100055,100,99976,100,100056,500,99974,100,100062,100,99961,100,100080,100,99954,100,100104,100,99949,100
2019-06-28 09:32:50.000000000,100022,430,100005,430,100030,200,100004,100,100035,100,100003,200,100047,100,99999,100,100053,200,99995,200,100055,100,99976,100,100056,500,99974,100,100062,100,99961,100,100080,100,99954,100,100104,100,99949,100
2019-06-28 09:32:51.913091065,100022,430,100005,430,100030,200,100004,100,100035,100,100003,200,100047,100,99999,100,100053,200,99995,200,100055,100,99976,100,100056,400,99974,100,100062,100,99961,100,100080,100,99954,100,100104,100,99949,100
2019-06-28 09:33:00.000000000,100022,212,100005,212,100030,309,100004,209,100035,209,100003,309,100047,100,99999,100,100053,200,99995,200,100055,100,99976,100,100056,400,99974,100,100062,100,99961,100,100080,100,99954,100,100104,100,99949,100
2019-06-28 09:33:10.000000000,100022,166,100005,166,100030,266,100004,166,100035,166,100003,266,100047,166,99999,166,100053,266,99995,266,100055,100,99976,100,100056,400,99974,100,100062,100,99961,100,100080,100,99954,100,100104,100,99949,100
2019-06-28 09:33:14.266600242,100022,166,100005,166,100030,266,100004,166,100035,166,100003,266,100047,166,99999,166,100053,266,99995,266,100055,100,99976,100,100056,400,99974,100,100062,100,99961,100,100080,100,99954,100,100104,100,99949,100
2019-06-28 09:33:17.534157971,100022,166,100006,100,100030,266,100005,166,100035,166,100004,166,100047,166,100003,266,100053,266,99999,166,100055,100,99995,266,100056,400,99976,100,100062,100,99974,100,100080,100,99961,100,100104,100,99954,100
2019-06-28 09:33:20.000000000,100022,182,100006,182,100030,282,100005,182,100035,182,100004,182,100047,182,100003,282,100053,200,99999,100,100055,100,99995,200,100056,400,99976,100,100062,100,99974,100,100080,100,99961,100,100104,100,99954,100
2019-06-28 09:33:25.376005488,100022,82,100006,182,100030,282,100005,182,100035,182,100004,182,100047,182,100003,282,100053,200,99995,200,100055,100,99976,100,100056,400,99974,100,100062,100,99961,100,100080,100,99954,100,100104,100,99949,100
2019-06-28 09:33:30.000000000,100030,312,100006,212,100035,209,100005,209,100047,209,100004,209,100053,200,100003,200,100055,100,99995,200,100056,400,99976,100,100062,100,99974,100,100080,100,99961,100,100104,100,99954,100,100107,100,99949,100
2019-06-28 09:33:40.000000000,100030,312,100006,212,100035,209,100005,209,100047,209,100004,209,100053,200,100003,200,100055,100,99995,200,100056,400,99976,100,100062,100,99974,100,100080,100,99961,100,100104,100,99954,100,100107,100,99949,100
2019-06-28 09:33:50.000000000,100030,282,100006,182,100035,182,100005,182,100047,182,100004,182,100053,282,100003,282,100055,100,99995,200,100056,400,99976,100,100062,100,99974,100,100080,100,99961,100,100104,100,99954,100,100107,100,99949,100
2019-06-28 09:34:00.000000000,100030,266,100006,166,100035,166,100005,166,100047,166,100004,166,100053,266,100003,266,100055,166,99995,266,100056,400,99976,100,100062,100,99974,100,100080,100,99961,100,100104,100,99954,100,100107,100,99949,100
2019-06-28 09:34:01.621139819,100030,266,100006,166,100035,166,100005,166,100047,166,100004,166,100053,266,100003,266,100055,166,99995,266,100056,400,99976,100,100062,100,99961,100,100080,100,99954,100,100104,100,99949,100,100107,100,99941,100
2019-06-28 09:34:10.000000000,100030,530,100006,430,100035,100,100005,100,100047,100,100004,100,100053,200,100003,200,100055,100,99995,200,100056,400,99976,100,100062,100,99961,100,100080,100,99954,100,100104,100,99949,100,100107,100,99941,100
2019-06-28 09:34:12.117247107,100030,530,100006,430,100035,100,100005,100,100047,100,100004,100,100053,200,100003,200,100055,100,99995,200,100056,400,99976,100,100062,100,99961,100,100080,100,99954,100,100104,100,99949,100,100107,100,99941,100
2019-06-28 09:34:20.000000000,100030,365,100006,265,100035,265,100005,265,100047,100,100004,100,100053,200,100003,200,100055,100,99995,200,100056,400,99976,100,100062,100,99961,100,100080,100,99954,100,100104,100,99949,100,100107,100,99941,100
2019-06-28 09:34:30.000000000,100030,312,100006,212,100035,209,100005,209,100047,209,100004,209,100053,200,100003,200,100055,100,99995,200,100056,400,99976,100,100062,100,99961,100,100080,100,99954,100,100104,100,99949,100,100107,100,99941,100
2019-06-28 09:34:40.000000000,100030,282,100006,182,100035,182,100005,182,100047,182,100004,182,100053,282,100003,282,100055,100,99995,200,100056,400,99976,100,100062,100,99961,100,100080,100,99954,100,100104,100,99949,100,100107,100,99941,100
2019-06-28 09:34:50.000000000,100030,365,100006,265,100035,265,100005,265,100047,100,100004,100,100053,200,100003,200,100055,100,99995,200,100056,400,99976,100,100062,100,99961,100,100080,100,99954,100,100104,100,99949,100,100107,100,99941,100
2019-06-28 09:34:59.849665167,100020,100,100006,165,100030,365,100005,265,100035,265,100004,100,100047,100,100003,200,100053,200,99995,200,100055,100,99976,100,100056,400,99961,100,100062,100,99954,100,100080,100,99949,100,100104,100,99941,100
2019-06-28 09:35:00.000000000,100020,182,100005,182,100030,282,100004,182,100035,182,100003,282,100047,182,99995,282,100053,200,99976,100,100055,100,99961,100,100056,400,99954,100,100062,100,99949,100,100080,100,99941,100,100104,100,99940,100
2019-06-28 09:35:03.231071700,100020,282,100005,182,100030,282,100004,182,100035,182,100003,282,100047,182,99995,282,100053,200,99976,100,100055,100,99961,100,100056,400,99954,100,100062,100,99949,100,100080,100,99941,100,100104,100,99940,100
2019-06-28 09:35:10.000000000,100020,312,100005,212,100030,309,100004,209,100035,209,100003,309,100047,100,99995,200,100053,200,99976,100,100055,100,99961,100,100056,400,99954,100,100062,100,99949,100,100080,100,99941,100,100104,100,99940,100
2019-06-28 09:35:11.674353118,100020,412,100005,212,100030,309,100004,209,100035,209,100003,309,100047,100,99995,200,100053,200,99976,100,100055,100,99961,100,100056,400,99954,100,100062,100,99949,100,100080,100,99941,100,100104,100,99940,100
2019-06-28 09:35:20.000000000,100020,630,100005,430,100030,200,100004,100,100035,100,100003,200,100047,100,99995,200,100053,200,99976,100,100055,100,99961,100,100056,400,99954,100,100062,100,99949,100,100080,100,99941,100,100104,100,99940,100
2019-06-28 09:35:30.000000000,100020,412,100005,212,100030,309,100004,209,100035,209,100003,309,100047,100,99995,200,100053,200,99976,100,100055,100,99961,100,100056,400,99954,100,100062,100,99949,100,100080,100,99941,100,100104,100,99940,100
2019-06-28 09:35:35.612067161,100020,412,100005,112,100030,309,100004,209,100035,209,100003,309,100047,100,99995,200,100053,200,99976,100,100055,100,99961,100,100056,400,99954,100,100062,100,99949,100,100104,100,99941,100,100107,100,99940,100
2019-06-28 09:35:40.000000000,100020,465,100004,265,100030,365,100003,365,100035,100,99995,200,100047,100,99976,100,100053,200,99961,100,100055,100,99954,100,100056,400,99949,100,100062,100,99941,100,100104,100,99940,100,100107,100,99937,100
2019-06-28 09:35:43.566685290,100019,100,100004,265,100020,465,100003,365,100030,265,99995,200,100035,100,99976,100,100047,100,99961,100,100053,200,99954,100,100055,100,99949,100,100056,400,99941,100,100062,100,99940,100,100104,100,99937,100
2019-06-28 09:35:48.879645976,100019,100,100004,265,100020,465,100003,365,100030,265,99995,200,100035,100,99976,100,100047,100,99961,100,100053,200,99954,100,100055,100,99949,100,100056,400,99941,100,100062,100,99940,100,100104,100,99937,100
2019-06-28 09:35:50.000000000,100019,166,100004,166,100020,366,100003,266,100030,166,99995,266,100035,166,99976,166,100047,166,99961,166,100053,200,99954,100,100055,100,99949,100,100056,400,99941,100,100062,100,99940,100,100104,100,99937,100
2019-06-28 09:35:54.443351902,100019,166,100004,66,100020,366,100003,266,100030,166,99995,266,100035,166,99976,166,100047,166,99961,166,100053,200,99954,100,100055,100,99949,100,100056,400,99941,100,100062,100,99940,100,100104,100,99937,100
2019-06-28 09:35:55.475774608,100019,166,100004,66,100020,366,100003,266,100030,166,99995,266,100035,166,99976,166,100047,166,99961,166,100053,200,99954,100,100055,100,99949,100,100056,400,99941,100,100062,100,99940,100,100104,100,99937,100
2019-06-28 09:35:59.729651971,100006,100,100004,66,100019,166,100003,266,100020,366,99995,266,100030,166,99976,166,100035,166,99961,166,100047,166,99954,100,100053,200,99949,100,100055,100,99941,100,100056,400,99940,100,100062,100,99937,100
2019-06-28 09:36:00.000000000,100006,212,100003,312,100019,209,99995,309,100020,409,99976,209,100030,100,99961,100,100035,100,99954,100,100047,100,99949,100,100053,200,99941,100,100055,100,99940,100,100056,400,99937,100,100062,100,99935,200
2019-06-28 09:36:03.896265488,100006,212,100003,312,100019,209,99995,309,100020,409,99976,209,100030,100,99961,100,100035,100,99954,100,100047,100,99949,100,100053,200,99941,100,100055,100,99940,100,100056,400,99937,100,100062,100,99935,200
2019-06-28 09:36:04.416191463,100006,212,100003,312,100019,209,99995,309,100020,409,99976,209,100030,100,99961,100,100035,100,99954,100,100047,100,99949,100,100053,200,99941,100,100055,100,99940,100,100056,400,99937,100,100062,100,99935,200
2019-06-28 09:36:10.000000000,100006,182,100003,282,100019,182,99995,282,100020,382,99976,182,100030,182,99961,182,100035,100,99954,100,100047,100,99949,100,100053,200,99941,100,100055,100,99940,100,100056,400,99937,100,100062,100,99935,200
2019-06-28 09:36:10.570115248,100006,182,100003,282,100019,182,99995,282,100020,382,99976,182,100030,182,99961,182,100035,100,99954,100,100047,100,99949,100,100053,200,99941,100,100055,100,99940,100,100056,400,99937,100,100062,100,99935,200
2019-06-28 09:36:20.000000000,100006,166,100003,266,100019,166,99995,266,100020,366,99976,166,100030,166,99961,166,100035,166,99954,166,100047,100,99949,100,100053,200,99941,100,100055,100,99940,100,100056,400,99937,100,100062,100,99935,200
2019-06-28 09:36:30.000000000,100006,182,100003,282,100019,182,99995,282,100020,382,99976,182,100030,182,99961,182,100035,100,99954,100,100047,100,99949,100,100053,200,99941,100,100055,100,99940,100,100056,400,99937,100,100062,100,99935,200
2019-06-28 09:36:39.849918720,100006,282,100003,282,100019,182,99995,282,100020,382,99976,182,100030,182,99961,182,100035,100,99954,100,100047,100,99949,100,100053,200,99941,100,100055,100,99940,100,100056,400,99937,100,100062,100,99935,200
2019-06-28 09:36:40.000000000,100006,282,100003,282,100019,182,99995,282,100020,382,99976,182,100030,182,99961,182,100035,100,99954,100,100047,100,99949,100,100053,200,99941,100,100055,100,99940,100,100056,400,99937,100,100062,100,99935,200
2019-06-28 09:36:50.000000000,100006,365,100003,365,100019,265,99995,365,100020,300,99976,100,100030,100,99961,100,100035,100,99954,100,100047,100,99949,100,100053,200,99941,100,100055,100,99940,100,100056,400,99937,100,100062,100,99935,200
2019-06-28 09:37:00.000000000,100006,365,100003,365,100019,265,99995,365,100020,300,99976,100,100030,100,99961,100,100035,100,99954,100,100047,100,99949,100,100053,200,99941,100,100055,100,99940,100,100056,400,99937,100,100062,100,99935,200
2019-06-28 09:37:03.508599776,100006,365,100003,365,100019,265,99995,365,100020,300,99976,100,100030,100,99961,100,100035,100,99954,100,100047,100,99949,100,100053,200,99941,100,100055,100,99940,100,100056,400,99937,100,100062,100,99935,200
2019-06-28 09:37:05.674860144,100006,365,100003,365,100019,265,99995,365,100020,300,99976,100,100030,100,99961,100,100035,100,99954,100,100039,100,99949,100,100047,100,99941,100,100053,200,99940,100,100055,100,99937,100,100056,400,99935,200
2019-06-28 09:37:10.000000000,100006,266,100003,266,100019,166,99995,266,100020,366,99976,166,100030,166,99961,166,100035,166,99954,166,100039,100,99949,100,100047,100,99941,100,100053,200,99940,100,100055,100,99937,100,100056,400,99935,200
2019-06-28 09:37:20.000000000,100006,365,100003,365,100019,265,99995,365,100020,300,99976,100,100030,100,99961,100,100035,100,99954,100,100039,100,99949,100,100047,100,99941,100,100053,200,99940,100,100055,100,99937,100,100056,400,99935,200
2019-06-28 09:37:30.000000000,100006,266,100003,266,100019,166,99995,266,100020,366,99976,166,100030,166,99961,166,100035,166,99954,166,100039,100,99949,100,100047,100,99941,100,100053,200,99940,100,100055,100,99937,100,100056,400,99935,200
2019-06-28 09:37:31.143126285,100006,166,100003,266,100019,166,99995,266,100020,366,99976,166,100030,166,99961,166,100035,166,99954,166,100039,100,99949,100,100047,100,99941,100,100053,200,99940,100,100055,100,99937,100,100056,400,99935,200
2019-06-28 09:37:40.000000000,100006,212,100003,312,100019,209,99995,309,100020,409,99976,209,100030,100,99961,100,100035,100,99954,100,100039,100,99949,100,100047,100,99941,100,100053,200,99940,100,100055,100,99937,100,100056,400,99935,200
2019-06-28 09:37:50.000000000,100006,166,100003,266,100019,166,99995,266,100020,366,99976,166,100030,166,99961,166,100035,166,99954,166,100039,100,99949,100,100047,100,99941,100,100053,200,99940,100,100055,100,99937,100,100056,400,99935,200
2019-06-28 09:38:00.000000000,100006,166,100003,266,100019,166,99995,266,100020,366,99976,166,100030,166,99961,166,100035,166,99954,166,100039,100,99949,100,100047,100,99941,100,100053,200,99940,100,100055,100,99937,100,100056,400,99935,200
2019-06-28 09:38:02.567923198,100006,166,100003,266,100019,166,99995,266,100020,366,99976,166,100030,166,99961,166,100035,166,99954,166,100039,100,99952,100,100047,100,99949,100,100053,200,99941,100,100055,100,99940,100,100056,400,99937,100
2019-06-28 09:38:10.000000000,100006,430,100003,530,100019,100,99995,200,100020,300,99976,100,100030,100,99961,100,100035,100,99954,100,100039,100,99952,100,100047,100,99949,100,100053,200,99941,100,100055,100,99940,100,100056,400,99937,100
2019-06-28 09:38:20.000000000,100006,182,100003,282,100019,182,99995,282,100020,382,99976,182,100030,182,99961,182,100035,100,99954,100,100039,100,99952,100,100047,100,99949,100,100053,200,99941,100,100055,100,99940,100,100056,400,99937,100
2019-06-28 09:38:30.000000000,100006,265,100003,365,100019,265,99995,365,100020,300,99976,100,100030,100,99961,100,100035,100,99954,100,100039,100,99952,100,100047,100,99949,100,100053,200,99941,100,100055,100,99940,100,100056,400,99937,100
2019-06-28 09:38:30.524279058,100005,100,100003,365,100006,265,99995,365,100019,265,99976,100,100020,200,99961,100,100030,100,99954,100,100035,100,99952,100,100039,100,99949,100,100047,100,99941,100,100053,200,99940,100,100055,100,99937,100
2019-06-28 09:38:36.835295346,100005,100,100003,365,100006,265,99995,365,100019,265,99976,100,100020,200,99961,100,100030,100,99954,100,100035,100,99952,100,100039,100,99949,100,100047,100,99941,100,100053,200,99940,100,100055,100,99937,100
2019-06-28 09:38:38.049311309,100005,100,100003,265,100006,265,99995,365,100019,265,99976,100,100020,200,99961,100,100030,100,99954,100,100035,100,99952,100,100039,100,99949,100,100047,100,99941,100,100053,200,99940,100,100055,100,99937,100
2019-06-28 09:38:40.000000000,100005,166,100003,166,100006,166,99995,266,100019,166,99976,166,100020,266,99961,166,100030,166,99954,166,100035,100,99952,100,100039,100,99949,100,100047,100,99941,100,100053,200,99940,100,100055,100,99937,100
2019-06-28 09:38:43.639753315,100005,166,100003,166,100006,166,99995,266,100019,166,99976,166,100020,266,99961,166,100030,166,99954,166,100035,100,99952,100,100039,100,99949,100,100047,100,99941,100,100053,200,99940,100,100055,100,99937,100
2019-06-28 09:38:50.000000000,100005,182,100003,182,100006,182,99995,282,100019,182,99976,182,100020,282,99961,182,100030,100,99954,100,100035,100,99952,100,100039,100,99949,100,100047,100,99941,100,100053,200,99940,100,100055,100,99937,100
2019-06-28 09:39:00.000000000,100005,182,100003,182,100006,182,99995,282,100019,182,99976,182,100020,282,99961,182,100030,100,99954,100,100035,100,99952,100,100039,100,99949,100,100047,100,99941,100,100053,200,99940,100,100055,100,99937,100
2019-06-28 09:39:02.511705453,100005,182,100003,182,100006,182,99995,282,100019,182,99976,182,100020,182,99961,182,100030,100,99954,100,100035,100,99952,100,100039,100,99949,100,100047,100,99941,100,100053,200,99940,100,100055,100,99937,100
2019-06-28 09:39:10.000000000,100005,265,100003,265,100006,265,99995,365,100019,100,99976,100,100020,100,99961,100,100030,100,99954,100,100035,100,99952,100,100039,100,99949,100,100047,100,99941,100,100053,200,99940,100,100055,100,99937,100
2019-06-28 09:39:20.000000000,100005,212,100003,212,100006,209,99995,309,100019,209,99976,209,100020,100,99961,100,100030,100,99954,100,100035,100,99952,100,100039,100,99949,100,100047,100,99941,100,100053,200,99940,100,100055,100,99937,100
2019-06-28 09:39:30.000000000,100005,212,100003,212,100006,209,99995,309,100019,209,99976,209,100020,100,99961,100,100030,100,99954,100,100035,100,99952,100,100039,100,99949,100,100047,100,99941,100,100053,200,99940,100,100055,100,99937,100
2019-06-28 09:39:34.369164396,100004,100,100003,212,100005,212,99995,309,100006,209,99976,209,100019,209,99961,100,100020,100,99954,100,100030,100,99952,100,100035,100,99949,100,100039,100,99941,100,100047,100,99940,100,100053,200,99937,100
2019-06-28 09:39:40.000000000,100004,430,100003,430,100005,100,99995,200,100006,100,99976,100,100019,100,99961,100,100020,100,99954,100,100030,100,99952,100,100035,100,99949,100,100039,100,99941,100,100047,100,99940,100,100053,200,99937,100
2019-06-28 09:39:47.342014282,100004,430,100003,430,100005,100,99995,200,100006,100,99976,100,100019,100,99961,100,100020,100,99954,100,100030,100,99952,100,100035,100,99949,100,100039,100,99941,100,100047,100,99940,100,100053,200,99937,100
2019-06-28 09:39:47.764774414,100004,430,100003,330,100005,100,99995,200,100006,100,99976,100,100019,100,99961,100,100020,100,99954,100,100030,100,99952,100,100035,100,99949,100,100039,100,99941,100,100047,100,99940,100,100053,200,99937,100
2019-06-28 09:39:50.000000000,100004,166,99995,266,100005,166,99976,166,100006,166,99961,166,100019,166,99954,166,100020,166,99952,166,100030,100,99949,100,100035,100,99941,100,100039,100,99940,100,100047,100,99937,100,100053,200,99935,100
2019-06-28 09:39:51.317703536,100004,166,99995,166,100005,166,99976,166,100006,166,99961,166,100019,166,99954,166,100020,166,99952,166,100030,100,99949,100,100035,100,99941,100,100039,100,99940,100,100047,100,99937,100,100053,200,99935,100
2019-06-28 09:40:00.000000000,100004,212,99995,212,100005,209,99976,209,100006,209,99961,209,100019,100,99954,100,100020,100,99952,100,100030,100,99949,100,100035,100,99941,100,100039,100,99940,100,100047,100,99937,100,100053,200,99935,100
2019-06-28 09:40:00.528499541,100003,100,99995,212,100004,212,99976,209,100005,209,99961,209,100006,209,99954,100,100019,100,99952,100,100020,100,99949,100,100030,100,99941,100,100035,100,99940,100,100039,100,99937,100,100047,100,99935,100
2019-06-28 09:40:05.563689854,100003,100,99995,212,100004,212,99976,209,100005,209,99961,209,100006,209,99954,100,100019,100,99952,100,100020,100,99949,100,100030,100,99941,100,100035,100,99940,100,100039,100,99937,100,100047,100,99935,100
2019-06-28 09:40:10.000000000,100003,430,99995,430,100004,100,99976,100,100005,100,99961,100,100006,100,99954,100,100019,100,99952,100,100020,100,99949,100,100030,100,99941,100,100035,100,99940,100,100039,100,99937,100,100047,100,99935,100
2019-06-28 09:40:20.000000000,100003,212,99995,212,100004,209,99976,209,100005,209,99961,209,100006,100,99954,100,100019,100,99952,100,100020,100,99949,100,100030,100,99941,100,100035,100,99940,100,100039,100,99937,100,100047,100,99935,100
2019-06-28 09:40:30.000000000,100003,166,99995,166,100004,166,99976,166,100005,166,99961,166,100006,166,99954,166,100019,166,99952,166,100020,100,99949,100,100030,100,99941,100,100035,100,99940,100,100039,100,99937,100,100047,100,99935,100
2019-06-28 09:40:40.000000000,100003,182,99995,182,100004,182,99976,182,100005,182,99961,182,100006,182,99954,182,100019,100,99952,100,100020,100,99949,100,100030,100,99941,100,100035,100,99940,100,100039,100,99937,100,100047,100,99935,100
2019-06-28 09:40:50.000000000,100003,166,99995,166,100004,166,99976,166,100005,166,99961,166,100006,166,99954,166,100019,166,99952,166,100020,100,99949,100,100030,100,99941,100,100035,100,99940,100,100039,100,99937,100,100047,100,99935,100
2019-06-28 09:41:00.000000000,100003,182,99995,182,100004,182,99976,182,100005,182,99961,182,100006,182,99954,182,100019,100,99952,100,100020,100,99949,100,100030,100,99941,100,100035,100,99940,100,100039,100,99937,100,100047,100,99935,100
2019-06-28 09:41:10.000000000,100003,265,99995,265,100004,265,99976,265,100005,100,99961,100,100006,100,99954,100,100019,100,99952,100,100020,100,99949,100,100030,100,99941,100,100035,100,99940,100,100039,100,99937,100,100047,100,99935,100
2019-06-28 09:41:15.349500616,100003,165,99995,265,100004,265,99976,265,100005,100,99961,100,100006,100,99954,100,100019,100,99952,100,100020,100,99949,100,100030,100,99941,100,100035,100,99940,100,100039,100,99937,100,100047,100,99935,100
2019-06-28 09:41:17.272500301,100003,165,99995,265,100004,265,99976,265,100005,100,99961,100,100006,100,99954,100,100019,100,99952,100,100020,100,99949,100,100030,100,99941,100,100035,100,99940,100,100039,100,99937,100,100047,100,99935,100
2019-06-28 09:41:20.000000000,100004,430,99995,430,100005,100,99976,100,100006,100,99961,100,100019,100,99954,100,100020,100,99952,100,100030,100,99949,100,100035,100,99941,100,100039,100,99940,100,100047,100,99937,100,100053,200,99935,100
2019-06-28 09:41:30.000000000,100004,166,99995,166,100005,166,99976,166,100006,166,99961,166,100019,166,99954,166,100020,166,99952,166,100030,100,99949,100,100035,100,99941,100,100039,100,99940,100,100047,100,99937,100,100053,200,99935,100
2019-06-28 09:41:40.000000000,100004,212,99995,212,100005,209,99976,209,100006,209,99961,209,100019,100,99954,100,100020,100,99952,100,100030,100,99949,100,100035,100,99941,100,100039,100,99940,100,100047,100,99937,100,100053,200,99935,100
2019-06-28 09:41:42.850733095,100004,212,99995,212,100005,209,99976,209,100006,209,99961,209,100019,100,99954,100,100020,100,99952,100,100030,100,99941,100,100035,100,99940,100,100039,100,99937,100,100047,100,99935,100,100053,200,99916,100
2019-06-28 09:41:50.000000000,100004,430,99995,430,100005,100,99976,100,100006,100,99961,100,100019,100,99954,100,100020,100,99952,100,100030,100,99941,100,100035,100,99940,100,100039,100,99937,100,100047,100,99935,100,100053,200,99916,100
2019-06-28 09:41:57.725818170,100004,430,99995,430,100005,100,99976,100,100006,100,99961,100,100019,100,99954,100,100020,100,99952,100,100035,100,99941,100,100039,100,99940,100,100047,100,99937,100,100053,200,99935,100,100056,200,99916,100
2019-06-28 09:42:00.000000000,100004,182,99995,182,100005,182,99976,182,100006,182,99961,182,100019,182,99954,182,100020,100,99952,100,100035,100,99941,100,100039,100,99940,100,100047,100,99937,100,100053,200,99935,100,100056,200,99916,100
2019-06-28 09:42:10.000000000,100004,265,99995,265,100005,265,99976,265,100006,100,99961,100,100019,100,99954,100,100020,100,99952,100,100035,100,99941,100,100039,100,99940,100,100047,100,99937,100,100053,200,99935,100,100056,200,99916,100
2019-06-28 09:42:10.378800633,100004,265,99995,165,100005,265,99976,265,100006,100,99961,100,100019,100,99954,100,100020,100,99952,100,100035,100,99941,100,100039,100,99940,100,100047,100,99937,100,100053,200,99935,100,100056,200,99916,100
2019-06-28 09:42:19.398870385,100002,100,99995,165,100004,265,99976,265,100005,265,99961,100,100006,100,99954,100,100019,100,99952,100,100020,100,99941,100,100035,100,99940,100,100039,100,99937,100,100047,100,99935,100,100053,200,99916,100
2019-06-28 09:42:20.000000000,100002,265,99976,265,100004,265,99961,265,100005,100,99954,100,100006,100,99952,100,100019,100,99941,100,100020,100,99940,100,100035,100,99937,100,100039,100,99935,100,100047,100,99916,100,100053,200,99902,100
2019-06-28 09:42:24.749398538,100002,265,99976,265,100004,265,99961,265,100005,100,99954,100,100006,100,99952,100,100019,100,99941,100,100020,100,99940,100,100035,100,99937,100,100039,100,99935,100,100047,100,99916,100,100053,100,99902,100
2019-06-28 09:42:25.657185806,100002,365,99976,265,100004,265,99961,265,100005,100,99954,100,100006,100,99952,100,100019,100,99941,100,100020,100,99940,100,100035,100,99937,100,100039,100,99935,100,100047,100,99916,100,100053,100,99902,100
2019-06-28 09:42:30.000000000,100002,312,99976,212,100004,209,99961,209,100005,209,99954,209,100006,100,99952,100,100019,100,99941,100,100020,100,99940,100,100035,100,99937,100,100039,100,99935,100,100047,100,99916,100,100053,100,99902,100
2019-06-28 09:42:30.544703454,100002,312,99976,212,100004,209,99961,209,100005,209,99954,209,100006,100,99952,100,100019,100,99941,100,100035,100,99940,100,100039,100,99937,100,100047,100,99935,100,100053,100,99916,100,100056,200,99902,100
2019-06-28 09:42:40.000000000,100002,282,99976,182,100004,182,99961,182,100005,182,99954,182,100006,182,99952,182,100019,100,99941,100,100035,100,99940,100,100039,100,99937,100,100047,100,99935,100,100053,100,99916,100,100056,200,99902,100
2019-06-28 09:42:50.000000000,100002,530,99976,430,100004,100,99961,100,100005,100,99954,100,100006,100,99952,100,100019,100,99941,100,100035,100,99940,100,100039,100,99937,100,100047,100,99935,100,100053,100,99916,100,100056,200,99902,100
2019-06-28 09:43:00.000000000,100002,312,99976,212,100004,209,99961,209,100005,209,99954,209,100006,100,99952,100,100019,100,99941,100,100035,100,99940,100,100039,100,99937,100,100047,100,99935,100,100053,100,99916,100,100056,200,99902,100
2019-06-28 09:43:02.758518992,100002,312,99976,112,100004,209,99961,209,100005,209,99954,209,100006,100,99941,100,100019,100,99940,100,100035,100,99937,100,100039,100,99935,100,100047,100,99916,100,100053,100,99902,100,100056,200,99836,100
2019-06-28 09:43:10.000000000,100002,530,99961,430,100004,100,99954,100,100005,100,99941,100,100006,100,99940,100,100019,100,99937,100,100035,100,99935,100,100039,100,99916,100,100047,100,99902,100,100053,100,99836,100,100056,200,99806,100
2019-06-28 09:43:20.000000000,100002,266,99961,166,100004,166,99954,166,100005,166,99941,166,100006,166,99940,166,100019,166,99937,166,100035,100,99935,100,100039,100,99916,100,100047,100,99902,100,100053,100,99836,100,100056,200,99806,100
2019-06-28 09:43:30.000000000,100002,365,99961,265,100004,265,99954,265,100005,100,99941,100,100006,100,99940,100,100019,100,99937,100,100035,100,99935,100,100039,100,99916,100,100047,100,99902,100,100053,100,99836,100,100056,200,99806,100
2019-06-28 09:43:32.474590532,100002,365,99961,265,100004,265,99954,265,100005,100,99941,100,100006,100,99940,100,100019,100,99937,100,100035,100,99935,100,100039,100,99916,100,100047,100,99902,100,100053,100,99836,100,100056,200,99806,100
2019-06-28 09:43:34.185937364,100002,365,99961,165,100004,265,99954,265,100005,100,99941,100,100006,100,99937,100,100019,100,99935,100,100035,100,99916,100,100039,100,99902,100,100047,100,99836,100,100053,100,99806,100,100056,200,99664,100
2019-06-28 09:43:40.000000000,100002,365,99954,265,100004,265,99941,265,100005,100,99937,100,100006,100,99935,100,100019,100,99916,100,100035,100,99902,100,100039,100,99836,100,100047,100,99806,100,100053,100,99664,100,100056,200,99647,100
2019-06-28 09:43:50.000000000,100002,365,99954,265,100004,265,99941,265,100005,100,99937,100,100006,100,99935,100,100019,100,99916,100,100035,100,99902,100,100039,100,99836,100,100047,100,99806,100,100053,100,99664,100,100056,200,99647,100
2019-06-28 09:43:50.086342750,100002,365,99954,265,100004,265,99941,265,100005,100,99937,100,100006,100,99935,100,100019,100,99916,100,100039,100,99902,100,100047,100,99836,100,100053,100,99806,100,100056,200,99664,100,100062,100,99647,100
2019-06-28 09:43:59.618881849,100002,365,99954,265,100004,265,99941,265,100005,100,99937,100,100006,100,99935,100,100019,100,99916,100,100039,100,99902,100,100047,100,99836,100,100053,100,99806,100,100056,200,99664,100,100062,100,99647,100
2019-06-28 09:44:00.000000000,100002,312,99954,212,100004,209,99941,209,100005,209,99937,209,100006,100,99935,100,100019,100,99916,100,100039,100,99902,100,100047,100,99836,100,100053,100,99806,100,100056,200,99664,100,100062,100,99647,100
2019-06-28 09:44:02.347189430,100002,312,99954,112,100004,209,99941,209,100005,209,99937,209,100006,100,99935,100,100019,100,99916,100,100039,100,99902,100,100047,100,99836,100,100053,100,99806,100,100056,200,99664,100,100062,100,99647,100
2019-06-28 09:44:10.000000000,100002,530,99941,430,100004,100,99937,100,100005,100,99935,100,100006,100,99916,100,100019,100,99902,100,100039,100,99836,100,100047,100,99806,100,100053,100,99664,100,100056,200,99647,100,100062,100,99630,100
2019-06-28 09:44:20.000000000,100002,365,99941,265,100004,265,99937,265,100005,100,99935,100,100006,100,99916,100,100019,100,99902,100,100039,100,99836,100,100047,100,99806,100,100053,100,99664,100,100056,200,99647,100,100062,100,99630,100
2019-06-28 09:44:29.318588711,100002,365,99941,165,100004,265,99937,265,100005,100,99935,100,100006,100,99916,100,100019,100,99902,100,100039,100,99836,100,100047,100,99806,100,100053,100,99664,100,100056,200,99647,100,100062,100,99630,100
2019-06-28 09:44:30.000000000,100002,266,99937,166,100004,166,99935,166,100005,166,99916,166,100006,166,99902,166,100019,166,99836,166,100039,100,99806,100,100047,100,99664,100,100053,100,99647,100,100056,200,99630,100,100062,100,99543,100
2019-06-28 09:44:36.673850020,100002,266,99937,166,100004,166,99935,166,100005,166,99916,166,100006,166,99902,166,100019,166,99836,166,100039,100,99806,100,100047,100,99664,100,100053,100,99647,100,100056,200,99630,100,100062,100,99543,100
2019-06-28 09:44:40.000000000,100002,530,99937,430,100004,100,99935,100,100005,100,99916,100,100006,100,99902,100,100019,100,99836,100,100039,100,99806,100,100047,100,99664,100,100053,100,99647,100,100056,200,99630,100,100062,100,99543,100
2019-06-28 09:44:50.000000000,100002,530,99937,430,100004,100,99935,100,100005,100,99916,100,100006,100,99902,100,100019,100,99836,100,100039,100,99806,100,100047,100,99664,100,100053,100,99647,100,100056,200,99630,100,100062,100,99543,100
2019-06-28 09:45:00.000000000,100002,530,99937,430,100004,100,99935,100,100005,100,99916,100,100006,100,99902,100,100019,100,99836,100,100039,100,99806,100,100047,100,99664,100,100053,100,99647,100,100056,200,99630,100,100062,100,99543,100
2019-06-28 09:45:04.026782297,100002,530,99937,330,100004,100,99935,100,100005,100,99916,100,100006,100,99902,100,100019,100,99836,100,100039,100,99806,100,100047,100,99664,100,100053,100,99647,100,100056,200,99630,100,100062,100,99543,100
2019-06-28 09:45:10.000000000,100002,282,99935,182,100004,182,99916,182,100005,182,99902,182,100006,182,99836,182,100019,100,99806,100,100039,100,99664,100,100047,100,99647,100,100053,100,99630,100,100056,200,99543,100,100062,100,99409,100
2019-06-28 09:45:15.192165323,99941,100,99935,182,100002,282,99916,182,100004,182,99902,182,100005,182,99836,182,100006,182,99806,100,100019,100,99664,100,100039,100,99647,100,100047,100,99630,100,100053,100,99543,100,100056,200,99409,100
2019-06-28 09:45:20.000000000,99941,166,99935,166,100002,266,99916,166,100004,166,99902,166,100005,166,99836,166,100006,166,99806,166,100019,100,99664,100,100039,100,99647,100,100047,100,99630,100,100053,100,99543,100,100056,200,99409,100
2019-06-28 09:45:20.344927545,99941,166,99935,166,100002,266,99916,166,100004,166,99902,166,100005,166,99836,166,100006,166,99806,166,100019,100,99664,100,100039,100,99647,100,100047,100,99630,100,100053,100,99543,100,100056,200,99409,100
2019-06-28 09:45:21.402764838,99941,166,99935,66,100002,266,99916,166,100004,166,99902,166,100005,166,99836,166,100006,166,99806,166,100019,100,99664,100,100039,100,99647,100,100047,100,99630,100,100053,100,99543,100,100056,200,99409,100
2019-06-28 09:45:30.000000000,99941,265,99916,265,100002,365,99902,265,100004,100,99836,100,100005,100,99806,100,100006,100,99664,100,100019,100,99647,100,100039,100,99630,100,100047,100,99543,100,100053,100,99409,100,100056,200,99214,100
2019-06-28 09:45:40.000000000,99941,430,99916,430,100002,200,99902,100,100004,100,99836,100,100005,100,99806,100,100006,100,99664,100,100019,100,99647,100,100039,100,99630,100,100047,100,99543,100,100053,100,99409,100,100056,200,99214,100
2019-06-28 09:45:40.804325150,99937,100,99916,430,99941,430,99902,100,100002,200,99836,100,100004,100,99806,100,100005,100,99664,100,100019,100,99647,100,100039,100,99630,100,100047,100,99543,100,100053,100,99409,100,100056,200,99214,100
2019-06-28 09:45:43.309232201,99937,100,99916,330,99941,430,99902,100,100002,200,99836,100,100004,100,99806,100,100005,100,99664,100,100019,100,99647,100,100039,100,99630,100,100047,100,99543,100,100053,100,99462,100,100056,200,99409,100
2019-06-28 09:45:50.000000000,99937,212,99902,212,99941,209,99836,209,100002,309,99806,209,100004,100,99664,100,100005,100,99647,100,100019,100,99630,100,100039,100,99543,100,100047,100,99462,100,100053,100,99409,100,100056,200,99214,100
2019-06-28 09:46:00.000000000,99937,212,99902,212,99941,209,99836,209,100002,309,99806,209,100004,100,99664,100,100005,100,99647,100,100019,100,99630,100,100039,100,99543,100,100047,100,99462,100,100053,100,99409,100,100056,200,99214,100
2019-06-28 09:46:00.712654138,99937,312,99902,212,99941,209,99836,209,100002,209,99806,209,100004,100,99664,100,100005,100,99647,100,100019,100,99630,100,100039,100,99543,100,100047,100,99462,100,100053,100,99409,100,100056,200,99214,100
2019-06-28 09:46:01.038653742,99937,312,99902,212,99941,209,99836,209,100002,209,99806,209,100004,100,99664,100,100005,100,99647,100,100019,100,99630,100,100039,100,99543,100,100053,100,99496,100,100056,200,99462,100,100062,100,99409,100
2019-06-28 09:46:03.659054174,99937,412,99902,212,99941,209,99836,209,100002,209,99806,209,100004,100,99664,100,100005,100,99647,100,100019,100,99630,100,100039,100,99543,100,100053,100,99496,100,100056,200,99462,100,100062,100,99409,100
2019-06-28 09:46:04.119359066,99937,412,99902,112,99941,209,99836,209,100002,209,99806,209,100004,100,99664,100,100005,100,99647,100,100019,100,99630,100,100039,100,99543,100,100053,100,99496,100,100056,200,99462,100,100062,100,99409,100
2019-06-28 09:46:10.000000000,99937,412,99836,212,99941,209,99806,209,100002,209,99664,209,100004,100,99647,100,100005,100,99630,100,100019,100,99543,100,100039,100,99496,100,100053,100,99462,100,100056,200,99409,100,100062,100,99214,100
2019-06-28 09:46:12.262375990,99937,412,99836,12,99941,209,99806,209,100002,209,99664,209,100004,100,99647,100,100005,100,99630,100,100019,100,99543,100,100039,100,99496,100,100053,100,99462,100,100056,200,99409,100,100062,100,99214,100
2019-06-28 09:46:20.000000000,99937,366,99806,166,99941,166,99664,166,100002,166,99647,166,100004,166,99630,166,100005,166,99543,166,100019,100,99496,100,100039,100,99462,100,100053,100,99409,100,100056,200,99214,100,100062,100,99155,100
2019-06-28 09:46:30.000000000,99937,630,99806,430,99941,100,99664,100,100002,100,99647,100,100004,100,99630,100,100005,100,99543,100,100019,100,99496,100,100039,100,99462,100,100053,100,99409,100,100056,200,99214,100,100062,100,99155,100
2019-06-28 09:46:40.000000000,99937,366,99806,166,99941,166,99664,166,100002,166,99647,166,100004,166,99630,166,100005,166,99543,166,100019,100,99496,100,100039,100,99462,100,100053,100,99409,100,100056,200,99214,100,100062,100,99155,100
2019-06-28 09:46:50.000000000,99937,412,99806,212,99941,209,99664,209,100002,209,99647,209,100004,100,99630,100,100005,100,99543,100,100019,100,99496,100,100039,100,99462,100,100053,100,99409,100,100056,200,99214,100,100062,100,99155,100
2019-06-28 09:47:00.000000000,99937,630,99806,430,99941,100,99664,100,100002,100,99647,100,100004,100,99630,100,100005,100,99543,100,100019,100,99496,100,100039,100,99462,100,100053,100,99409,100,100056,200,99214,100,100062,100,99155,100
2019-06-28 09:47:10.000000000,99937,366,99806,166,99941,166,99664,166,100002,166,99647,166,100004,166,99630,166,100005,166,99543,166,100019,100,99496,100,100039,100,99462,100,100053,100,99409,100,100056,200,99214,100,100062,100,99155,100
2019-06-28 09:47:13.693219884,99937,366,99806,166,99941,166,99664,166,100002,166,99647,166,100004,166,99630,166,100005,166,99543,166,100019,100,99462,100,100039,100,99409,100,100053,100,99218,100,100056,200,99214,100,100062,100,99155,100
2019-06-28 09:47:20.000000000,99937,366,99806,166,99941,166,99664,166,100002,166,99647,166,100004,166,99630,166,100005,166,99543,166,100019,100,99462,100,100039,100,99409,100,100053,100,99218,100,100056,200,99214,100,100062,100,99155,100
2019-06-28 09:47:23.426321637,99937,366,99806,66,99941,166,99664,166,100002,166,99647,166,100004,166,99630,166,100005,166,99543,166,100019,100,99462,100,100039,100,99409,100,100053,100,99218,100,100056,200,99214,100,100062,100,99155,100
2019-06-28 09:47:30.000000000,99937,382,99664,182,99941,182,99647,182,100002,182,99630,182,100004,182,99543,182,100005,100,99462,100,100019,100,99409,100,100039,100,99218,100,100053,100,99214,100,100056,200,99155,100,100062,100,98966,100
2019-06-28 09:47:40.000000000,99937,382,99664,182,99941,182,99647,182,100002,182,99630,182,100004,182,99543,182,100005,100,99462,100,100019,100,99409,100,100039,100,99218,100,100053,100,99214,100,100056,200,99155,100,100062,100,98966,100
2019-06-28 09:47:50.000000000,99937,465,99664,265,99941,265,99647,265,100002,100,99630,100,100004,100,99543,100,100005,100,99462,100,100019,100,99409,100,100039,100,99218,100,100053,100,99214,100,100056,200,99155,100,100062,100,98966,100
2019-06-28 09:48:00.000000000,99937,366,99664,166,99941,166,99647,166,100002,166,99630,166,100004,166,99543,166,100005,166,99462,166,100019,100,99409,100,100039,100,99218,100,100053,100,99214,100,100056,200,99155,100,100062,100,98966,100
2019-06-28 09:48:09.269391003,99937,366,99664,166,99941,166,99647,166,100002,166,99630,166,100004,166,99543,166,100005,166,99504,100,100019,100,99462,166,100039,100,99409,100,100053,100,99218,100,100056,200,99214,100,100062,100,99155,100
2019-06-28 09:48:10.000000000,99937,412,99664,212,99941,209,99647,209,100002,209,99630,209,100004,100,99543,100,100005,100,99504,100,100019,100,99462,100,100039,100,99409,100,100053,100,99218,100,100056,200,99214,100,100062,100,99155,100
2019-06-28 09:48:11.967848040,99937,412,99664,212,99941,209,99647,209,100002,209,99630,209,100004,100,99543,100,100005,100,99504,100,100019,100,99462,100,100039,100,99409,100,100053,100,99345,100,100056,200,99218,100,100062,100,99214,100
2019-06-28 09:48:20.000000000,99937,382,99664,182,99941,182,99647,182,100002,182,99630,182,100004,182,99543,182,100005,100,99504,100,100019,100,99462,100,100039,100,99409,100,100053,100,99345,100,100056,200,99218,100,100062,100,99214,100
2019-06-28 09:48:20.116206737,99937,382,99664,82,99941,182,99647,182,100002,182,99630,182,100004,182,99543,182,100005,100,99504,100,100019,100,99462,100,100039,100,99409,100,100056,200,99345,100,100062,100,99218,100,100108,100,99214,100
2019-06-28 09:48:20.688375823,99718,100,99664,82,99937,382,99647,182,99941,182,99630,182,100002,182,99543,182,100004,182,99504,100,100005,100,99462,100,100019,100,99409,100,100039,100,99345,100,100056,200,99218,100,100062,100,99214,100
2019-06-28 09:48:25.295675460,99718,100,99664,82,99937,382,99647,182,99941,182,99630,182,100002,82,99543,182,100004,182,99504,100,100005,100,99462,100,100019,100,99409,100,100039,100,99345,100,100056,200,99218,100,100062,100,99214,100
2019-06-28 09:48:30.000000000,99718,166,99647,166,99937,366,99630,166,99941,166,99543,166,100004,166,99504,166,100005,166,99462,166,100019,100,99409,100,100039,100,99345,100,100056,200,99218,100,100062,100,99214,100,100108,100,99155,100
2019-06-28 09:48:40.000000000,99718,430,99647,430,99937,300,99630,100,99941,100,99543,100,100004,100,99504,100,100005,100,99462,100,100019,100,99409,100,100039,100,99345,100,100056,200,99218,100,100062,100,99214,100,100108,100,99155,100
2019-06-28 09:48:40.564967251,99718,430,99647,430,99937,300,99630,100,99941,100,99552,100,100004,100,99543,100,100005,100,99504,100,100019,100,99462,100,100039,100,99409,100,100056,200,99345,100,100062,100,99218,100,100108,100,99214,100
2019-06-28 09:48:41.569402181,99718,430,99665,100,99937,300,99647,430,99941,100,99630,100,100004,100,99552,100,100005,100,99543,100,100019,100,99504,100,100039,100,99462,100,100056,100,99409,100,100062,100,99345,100,100108,100,99218,100
2019-06-28 09:48:50.000000000,99718,430,99665,430,99937,300,99647,100,99941,100,99630,100,100004,100,99552,100,100005,100,99543,100,100019,100,99504,100,100039,100,99462,100,100056,100,99409,100,100062,100,99345,100,100108,100,99218,100
2019-06-28 09:48:58.720255178,99718,430,99665,430,99806,100,99647,100,99937,300,99630,100,99941,100,99552,100,100005,100,99543,100,100019,100,99504,100,100039,100,99462,100,100056,100,99409,100,100062,100,99345,100,100108,100,99218,100
2019-06-28 09:49:00.000000000,99718,166,99665,166,99806,166,99647,166,99937,366,99630,166,99941,166,99552,166,100005,166,99543,166,100019,100,99504,100,100039,100,99462,100,100056,100,99409,100,100062,100,99345,100,100108,100,99218,100
2019-06-28 09:49:10.000000000,99718,265,99665,265,99806,265,99647,265,99937,300,99630,100,99941,100,99552,100,100005,100,99543,100,100019,100,99504,100,100039,100,99462,100,100056,100,99409,100,100062,100,99345,100,100108,100,99218,100
2019-06-28 09:49:20.000000000,99718,212,99665,212,99806,209,99647,209,99937,409,99630,209,99941,100,99552,100,100005,100,99543,100,100019,100,99504,100,100039,100,99462,100,100056,100,99409,100,100062,100,99345,100,100108,100,99218,100
2019-06-28 09:49:30.000000000,99718,430,99665,430,99806,100,99647,100,99937,300,99630,100,99941,100,99552,100,100005,100,99543,100,100019,100,99504,100,100039,100,99462,100,100056,100,99409,100,100062,100,99345,100,100108,100,99218,100
2019-06-28 09:49:40.000000000,99718,166,99665,166,99806,166,99647,166,99937,366,99630,166,99941,166,99552,166,100005,166,99543,166,100019,100,99504,100,100039,100,99462,100,100056,100,99409,100,100062,100,99345,100,100108,100,99218,100
2019-06-28 09:49:41.472773313,99718,166,99665,166,99806,166,99647,166,99937,366,99630,166,99941,166,99552,166,100005,166,99543,166,100019,100,99462,100,100039,100,99409,100,100056,100,99345,100,100062,100,99218,100,100108,100,99214,100
2019-06-28 09:49:43.219256981,99718,166,99665,166,99806,166,99647,166,99937,366,99630,166,99941,166,99552,166,100005,166,99543,166,100019,100,99462,100,100039,100,99409,100,100056,100,99345,100,100062,100,99218,100,100108,100,99214,100
2019-06-28 09:49:48.220058752,99718,166,99665,66,99806,166,99647,166,99937,366,99630,166,99941,166,99552,166,100005,166,99543,166,100019,100,99462,100,100039,100,99409,100,100056,100,99345,100,100062,100,99218,100,100108,100,99214,100
2019-06-28 09:49:50.000000000,99718,212,99647,212,99806,209,99630,209,99937,409,99552,209,99941,100,99543,100,100005,100,99462,100,100019,100,99409,100,100039,100,99345,100,100056,100,99218,100,100062,100,99214,100,100108,100,99155,100
2019-06-28 09:50:00.000000000,99718,166,99647,166,99806,166,99630,166,99937,366,99552,166,99941,166,99543,166,100005,166,99462,166,100019,100,99409,100,100039,100,99345,100,100056,100,99218,100,100062,100,99214,100,100108,100,99155,100
2019-06-28 09:50:10.000000000,99718,166,99647,166,99806,166,99630,166,99937,366,99552,166,99941,166,99543,166,100005,166,99462,166,100019,100,99409,100,100039,100,99345,100,100056,100,99218,100,100062,100,99214,100,100108,100,99155,100
2019-06-28 09:50:14.686805440,99718,166,99647,66,99806,166,99630,166,99937,366,99552,166,99941,166,99543,166,100005,166,99462,166,100019,100,99409,100,100039,100,99345,100,100056,100,99218,100,100062,100,99214,100,100108,100,99155,100
2019-06-28 09:50:20.000000000,99718,265,99630,265,99806,265,99552,265,99937,300,99543,100,99941,100,99462,100,100005,100,99409,100,100019,100,99345,100,100039,100,99218,100,100056,100,99214,100,100062,100,99155,100,100108,100,99095,100
2019-06-28 09:50:20.895543922,99718,265,99630,265,99806,265,99552,265,99937,300,99543,100,99941,100,99462,100,100005,100,99409,100,100019,100,99394,100,100039,100,99345,100,100056,100,99218,100,100062,100,99214,100,100108,100,99155,100
2019-06-28 09:50:30.000000000,99718,166,99630,166,99806,166,99552,166,99937,366,99543,166,99941,166,99462,166,100005,166,99409,166,100019,100,99394,100,100039,100,99345,100,100056,100,99218,100,100062,100,99214,100,100108,100,99155,100
2019-06-28 09:50:40.000000000,99718,182,99630,182,99806,182,99552,182,99937,382,99543,182,99941,182,99462,182,100005,100,99409,100,100019,100,99394,100,100039,100,99345,100,100056,100,99218,100,100062,100,99214,100,100108,100,99155,100
2019-06-28 09:50:50.000000000,99718,212,99630,212,99806,209,99552,209,99937,409,99543,209,99941,100,99462,100,100005,100,99409,100,100019,100,99394,100,100039,100,99345,100,100056,100,99218,100,100062,100,99214,100,100108,100,99155,100
2019-06-28 09:51:00.000000000,99718,430,99630,430,99806,100,99552,100,99937,300,99543,100,99941,100,99462,100,100005,100,99409,100,100019,100,99394,100,100039,100,99345,100,100056,100,99218,100,100062,100,99214,100,100108,100,99155,100
2019-06-28 09:51:10.000000000,99718,265,99630,265,99806,265,99552,265,99937,300,99543,100,99941,100,99462,100,100005,100,99409,100,100019,100,99394,100,100039,100,99345,100,100056,100,99218,100,100062,100,99214,100,100108,100,99155,100
2019-06-28 09:51:20.000000000,99718,212,99630,212,99806,209,99552,209,99937,409,99543,209,99941,100,99462,100,100005,100,99409,100,100019,100,99394,100,100039,100,99345,100,100056,100,99218,100,100062,100,99214,100,100108,100,99155,100
2019-06-28 09:51:28.943564070,99718,212,99630,212,99806,209,99552,209,99937,409,99543,109,99941,100,99462,100,100005,100,99409,100,100019,100,99394,100,100039,100,99345,100,100056,100,99218,100,100062,100,99214,100,100108,100,99155,100
2019-06-28 09:51:30.000000000,99718,430,99630,430,99806,100,99552,100,99937,300,99462,100,99941,100,99409,100,100005,100,99394,100,100019,100,99345,100,100039,100,99218,100,100056,100,99214,100,100062,100,99155,100,100108,100,99117,100
2019-06-28 09:51:40.000000000,99718,166,99630,166,99806,166,99552,166,99937,366,99462,166,99941,166,99409,166,100005,166,99394,166,100019,100,99345,100,100039,100,99218,100,100056,100,99214,100,100062,100,99155,100,100108,100,99117,100
2019-06-28 09:51:50.000000000,99718,182,99630,182,99806,182,99552,182,99937,382,99462,182,99941,182,99409,182,100005,100,99394,100,100019,100,99345,100,100039,100,99218,100,100056,100,99214,100,100062,100,99155,100,100108,100,99117,100
2019-06-28 09:51:54.446838263,99718,182,99630,182,99806,182,99552,182,99937,382,99462,182,99941,182,99409,182,100005,100,99394,100,100019,100,99345,100,100039,100,99218,100,100056,100,99214,100,100062,100,99155,100,100108,100,99117,100
2019-06-28 09:51:55.247253100,99718,182,99630,182,99806,82,99552,182,99937,382,99462,182,99941,182,99409,182,100005,100,99394,100,100019,100,99345,100,100039,100,99218,100,100056,100,99214,100,100062,100,99155,100,100108,100,99117,100
2019-06-28 09:52:00.000000000,99718,212,99630,212,99937,409,99552,209,99941,209,99462,209,100005,100,99409,100,100019,100,99394,100,100039,100,99345,100,100056,100,99218,100,100062,100,99214,100,100108,100,99155,100,100109,100,99117,100
2019-06-28 09:52:10.000000000,99718,265,99630,265,99937,465,99552,265,99941,100,99462,100,100005,100,99409,100,100019,100,99394,100,100039,100,99345,100,100056,100,99218,100,100062,100,99214,100,100108,100,99155,100,100109,100,99117,100
2019-06-28 09:52:20.000000000,99718,265,99630,265,99937,465,99552,265,99941,100,99462,100,100005,100,99409,100,100019,100,99394,100,100039,100,99345,100,100056,100,99218,100,100062,100,99214,100,100108,100,99155,100,100109,100,99117,100
2019-06-28 09:52:30.000000000,99718,212,99630,212,99937,409,99552,209,99941,209,99462,209,100005,100,99409,100,100019,100,99394,100,100039,100,99345,100,100056,100,99218,100,100062,100,99214,100,100108,100,99155,100,100109,100,99117,100
2019-06-28 09:52:31.563623410,99718,112,99630,112,99937,409,99552,209,99941,209,99462,209,100005,100,99409,100,100019,100,99394,100,100039,100,99345,100,100056,100,99218,100,100062,100,99214,100,100108,100,99155,100,100109,100,99117,100
2019-06-28 09:52:33.464511263,99718,112,99630,12,99937,409,99552,209,99941,209,99462,209,100005,100,99409,100,100019,100,99394,100,100039,100,99345,100,100056,100,99218,100,100062,100,99214,100,100108,100,99117,100,100109,100,99095,100
2019-06-28 09:52:39.018492398,99718,112,99630,12,99937,409,99552,209,99941,209,99462,209,100005,100,99409,100,100019,100,99394,100,100039,100,99345,100,100056,100,99218,100,100108,100,99214,100,100109,100,99117,100,100130,100,99095,100
2019-06-28 09:52:39.355556106,99718,112,99630,12,99937,409,99552,209,99941,209,99462,209,100005,100,99409,100,100019,100,99394,100,100039,100,99345,100,100056,100,99218,100,100108,100,99214,100,100109,100,99117,100,100130,100,99095,100
2019-06-28 09:52:40.000000000,99937,366,99552,166,99941,166,99462,166,100005,166,99409,166,100019,166,99394,166,100039,166,99345,166,100056,100,99218,100,100108,100,99214,100,100109,100,99117,100,100130,100,99095,100,100212,100,98966,100
2019-06-28 09:52:50.000000000,99937,465,99552,265,99941,265,99462,265,100005,100,99409,100,100019,100,99394,100,100039,100,99345,100,100056,100,99218,100,100108,100,99214,100,100109,100,99117,100,100130,100,99095,100,100212,100,98966,100
2019-06-28 09:53:00.000000000,99937,382,99552,182,99941,182,99462,182,100005,182,99409,182,100019,182,99394,182,100039,100,99345,100,100056,100,99218,100,100108,100,99214,100,100109,100,99117,100,100130,100,99095,100,100212,100,98966,100
2019-06-28 09:53:00.689376976,99937,382,99552,182,99941,182,99462,182,100005,182,99409,182,100019,182,99394,182,100039,100,99345,100,100056,100,99218,100,100108,100,99214,100,100109,100,99117,100,100130,100,99095,100,100212,100,98966,100
2019-06-28 09:53:08.605703980,99937,382,99552,82,99941,182,99462,182,100005,182,99409,182,100019,182,99394,182,100039,100,99345,100,100056,100,99218,100,100108,100,99214,100,100109,100,99117,100,100130,100,99095,100,100212,100,98630,100
2019-06-28 09:53:10.000000000,99937,465,99462,265,99941,265,99409,265,100005,100,99394,100,100019,100,99345,100,100039,100,99218,100,100056,100,99214,100,100108,100,99117,100,100109,100,99095,100,100130,100,98630,100,100212,100,98601,100
2019-06-28 09:53:20.000000000,99937,366,99462,166,99941,166,99409,166,100005,166,99394,166,100019,166,99345,166,100039,166,99218,166,100056,100,99214,100,100108,100,99117,100,100109,100,99095,100,100130,100,98630,100,100212,100,98601,100
2019-06-28 09:53:22.053521042,99630,100,99462,166,99937,366,99409,166,99941,166,99394,166,100005,166,99345,166,100019,166,99218,166,100039,166,99214,100,100056,100,99117,100,100108,100,99095,100,100109,100,98630,100,100130,100,98601,100
2019-06-28 09:53:30.000000000,99630,430,99462,430,99937,300,99409,100,99941,100,99394,100,100005,100,99345,100,100019,100,99218,100,100039,100,99214,100,100056,100,99117,100,100108,100,99095,100,100109,100,98630,100,100130,100,98601,100
2019-06-28 09:53:33.800019203,99630,430,99462,330,99937,300,99409,100,99941,100,99394,100,100005,100,99345,100,100019,100,99218,100,100039,100,99214,100,100056,100,99117,100,100108,100,99095,100,100109,100,98630,100,100130,100,98601,100
2019-06-28 09:53:40.000000000,99630,430,99409,430,99937,300,99394,100,99941,100,99345,100,100005,100,99218,100,100019,100,99214,100,100039,100,99117,100,100056,100,99095,100,100108,100,98630,100,100109,100,98601,100,100130,100,98555,100
2019-06-28 09:53:50.000000000,99630,212,99409,212,99937,409,99394,209,99941,209,99345,209,100005,100,99218,100,100019,100,99214,100,100039,100,99117,100,100056,100,99095,100,100108,100,98630,100,100109,100,98601,100,100130,100,98555,100
2019-06-28 09:53:55.527395816,99552,100,99409,212,99630,212,99394,209,99937,409,99345,209,99941,209,99218,100,100005,100,99214,100,100019,100,99117,100,100039,100,99095,100,100108,100,98630,100,100109,100,98601,100,100130,100,98555,100
2019-06-28 09:54:00.000000000,99552,430,99409,430,99630,100,99394,100,99937,300,99345,100,99941,100,99218,100,100005,100,99214,100,100019,100,99117,100,100039,100,99095,100,100108,100,98630,100,100109,100,98601,100,100130,100,98555,100
2019-06-28 09:54:10.000000000,99552,182,99409,182,99630,182,99394,182,99937,382,99345,182,99941,182,99218,182,100005,100,99214,100,100019,100,99117,100,100039,100,99095,100,100108,100,98630,100,100109,100,98601,100,100130,100,98555,100
2019-06-28 09:54:16.298632501,99552,182,99409,182,99630,182,99394,182,99937,382,99345,182,99941,182,99218,182,100005,100,99214,100,100019,100,99125,100,100039,100,99117,100,100108,100,99095,100,100109,100,98601,100,100130,100,98555,100
2019-06-28 09:54:19.744061906,99552,182,99409,82,99630,182,99394,182,99937,382,99345,182,99941,182,99218,182,100005,100,99214,100,100019,100,99125,100,100039,100,99117,100,100108,100,99095,100,100109,100,98601,100,100130,100,98555,100
2019-06-28 09:54:20.000000000,99552,212,99394,212,99630,209,99345,209,99937,409,99218,209,99941,100,99214,100,100005,100,99125,100,100019,100,99117,100,100039,100,99095,100,100108,100,98601,100,100109,100,98555,100,100130,100,98517,100
2019-06-28 09:54:24.586434103,99552,212,99394,112,99630,209,99345,209,99937,409,99218,209,99941,100,99214,100,100005,100,99125,100,100019,100,99117,100,100039,100,99095,100,100108,100,98601,100,100109,100,98555,100,100130,100,98517,100
2019-06-28 09:54:30.000000000,99552,166,99345,166,99630,166,99218,166,99937,366,99214,166,99941,166,99125,166,100005,166,99117,166,100019,100,99095,100,100039,100,98601,100,100108,100,98555,100,100109,100,98517,100,100130,100,,
2019-06-28 09:54:33.143657200,99552,166,99345,166,99630,166,99218,166,99937,366,99214,166,99941,166,99187,100,100005,166,99125,166,100019,100,99117,166,100108,100,99095,100,100109,100,98601,100,100130,100,98555,100,100212,100,98517,100
2019-06-28 09:54:38.897583748,99552,166,99345,166,99630,166,99282,100,99937,366,99218,166,99941,166,99214,166,100005,166,99187,100,100019,100,99125,166,100108,100,99117,166,100109,100,99095,100,100130,100,98601,100,100212,100,98555,100
2019-06-28 09:54:40.000000000,99552,430,99345,430,99630,100,99282,100,99937,300,99218,100,99941,100,99214,100,100005,100,99187,100,100019,100,99125,100,100108,100,99117,100,100109,100,99095,100,100130,100,98601,100,100212,100,98555,100
2019-06-28 09:54:40.705946425,99552,430,99395,100,99630,100,99345,430,99937,300,99282,100,99941,100,99218,100,100005,100,99214,100,100019,100,99187,100,100108,100,99125,100,100109,100,99117,100,100130,100,99095,100,100212,100,98601,100
2019-06-28 09:54:42.739984324,99552,430,99410,100,99630,100,99345,430,99937,300,99282,100,99941,100,99218,100,100005,100,99214,100,100019,100,99187,100,100108,100,99125,100,100109,100,99117,100,100130,100,99095,100,100212,100,98601,100
2019-06-28 09:54:50.000000000,99552,166,99410,166,99630,166,99345,166,99937,366,99282,166,99941,166,99218,166,100005,166,99214,166,100019,100,99187,100,100108,100,99125,100,100109,100,99117,100,100130,100,99095,100,100212,100,98601,100
2019-06-28 09:54:51.348288417,99552,166,99410,66,99630,166,99345,166,99937,366,99282,166,99941,166,99218,166,100005,166,99214,166,100019,100,99187,100,100108,100,99125,100,100109,100,99117,100,100130,100,99095,100,100212,100,98601,100
2019-06-28 09:54:54.645165672,99552,166,99442,100,99630,166,99410,66,99937,366,99345,166,99941,166,99282,166,100005,166,99218,166,100019,100,99214,166,100108,100,99187,100,100109,100,99125,100,100130,100,99117,100,100212,100,99095,100
2019-06-28 09:55:00.000000000,99552,166,99442,166,99630,166,99345,166,99937,366,99282,166,99941,166,99218,166,100005,166,99214,166,100019,100,99187,100,100108,100,99125,100,100109,100,99117,100,100130,100,99095,100,100212,100,98601,100
2019-06-28 09:55:07.272093661,99552,166,99442,166,99630,166,99411,100,99937,366,99345,166,99941,166,99282,166,100005,166,99218,166,100019,100,99214,166,100108,100,99187,100,100109,100,99125,100,100130,100,99117,100,100212,100,99095,100
2019-06-28 09:55:10.000000000,99552,166,99442,166,99630,166,99411,166,99937,366,99345,166,99941,166,99282,166,100005,166,99218,166,100019,100,99214,100,100108,100,99187,100,100109,100,99125,100,100130,100,99117,100,100212,100,99095,100
2019-06-28 09:55:19.078377779,99552,166,99442,166,99630,166,99411,166,99937,366,99345,166,99941,166,99282,166,100005,166,99251,100,100019,100,99218,166,100108,100,99187,100,100109,100,99125,100,100130,100,99117,100,100212,100,99095,100
2019-06-28 09:55:20.000000000,99552,166,99442,166,99630,166,99411,166,99937,366,99345,166,99941,166,99282,166,100005,166,99251,166,100019,100,99218,100,100108,100,99187,100,100109,100,99125,100,100130,100,99117,100,100212,100,99095,100
2019-06-28 09:55:30.000000000,99552,265,99442,265,99630,265,99411,265,99937,300,99345,100,99941,100,99282,100,100005,100,99251,100,100019,100,99218,100,100108,100,99187,100,100109,100,99125,100,100130,100,99117,100,100212,100,99095,100
2019-06-28 09:55:36.710193150,99552,265,99442,265,99630,265,99411,265,99719,100,99345,100,99937,300,99282,100,99941,100,99251,100,100005,100,99218,100,100019,100,99187,100,100108,100,99125,100,100109,100,99117,100,100130,100,99095,100
2019-06-28 09:55:40.000000000,99552,265,99442,265,99630,265,99411,265,99719,100,99345,100,99937,300,99282,100,99941,100,99251,100,100005,100,99218,100,100019,100,99187,100,100108,100,99125,100,100109,100,99117,100,100130,100,99095,100
2019-06-28 09:55:50.000000000,99552,430,99442,430,99630,100,99411,100,99719,100,99345,100,99937,300,99282,100,99941,100,99251,100,100005,100,99218,100,100019,100,99187,100,100108,100,99125,100,100109,100,99117,100,100130,100,99095,100
2019-06-28 09:55:57.232827057,99552,430,99442,430,99630,100,99411,200,99719,100,99345,100,99937,300,99282,100,100005,100,99251,100,100019,100,99218,100,100108,100,99187,100,100109,100,99125,100,100130,100,99117,100,100221,100,99095,100
2019-06-28 09:56:00.000000000,99552,166,99442,166,99630,166,99411,266,99719,166,99345,166,99937,366,99282,166,100005,166,99251,166,100019,100,99218,100,100108,100,99187,100,100109,100,99125,100,100130,100,99117,100,100221,100,99095,100
2019-06-28 09:56:10.000000000,99552,430,99442,430,99630,100,99411,200,99719,100,99345,100,99937,300,99282,100,100005,100,99251,100,100019,100,99218,100,100108,100,99187,100,100109,100,99125,100,100130,100,99117,100,100221,100,99095,100
2019-06-28 09:56:12.114305163,99552,430,99442,430,99630,100,99411,200,99719,100,99396,100,99937,300,99345,100,100005,100,99282,100,100019,100,99251,100,100108,100,99218,100,100109,100,99187,100,100130,100,99125,100,100221,100,99117,100
2019-06-28 09:56:20.000000000,99552,212,99442,212,99630,209,99411,309,99719,209,99396,209,99937,300,99345,100,100005,100,99282,100,100019,100,99251,100,100108,100,99218,100,100109,100,99187,100,100130,100,99125,100,100221,100,99117,100
2019-06-28 09:56:30.000000000,99552,212,99442,212,99630,209,99411,309,99719,209,99396,209,99937,300,99345,100,100005,100,99282,100,100019,100,99251,100,100108,100,99218,100,100109,100,99187,100,100130,100,99125,100,100221,100,99117,100
2019-06-28 09:56:40.000000000,99552,212,99442,212,99630,209,99411,309,99719,209,99396,209,99937,300,99345,100,100005,100,99282,100,100019,100,99251,100,100108,100,99218,100,100109,100,99187,100,100130,100,99125,100,100221,100,99117,100
2019-06-28 09:56:48.718813765,99552,112,99442,212,99630,209,99411,309,99719,209,99396,209,99937,300,99345,100,100005,100,99282,100,100019,100,99251,100,100108,100,99218,100,100109,100,99187,100,100130,100,99125,100,100221,100,99117,100
2019-06-28 09:56:49.716007346,99552,12,99442,212,99630,209,99411,309,99719,209,99396,209,99937,300,99345,100,100005,100,99282,100,100019,100,99251,100,100108,100,99218,100,100109,100,99187,100,100130,100,99125,100,100221,100,99117,100
2019-06-28 09:56:50.000000000,99630,430,99442,430,99719,100,99411,200,99937,300,99396,100,100005,100,99345,100,100019,100,99282,100,100108,100,99251,100,100109,100,99218,100,100130,100,99187,100,100221,100,99125,100,100265,100,99117,100
2019-06-28 09:57:00.000000000,99630,430,99442,430,99719,100,99411,200,99937,300,99396,100,100005,100,99345,100,100019,100,99282,100,100108,100,99251,100,100109,100,99218,100,100130,100,99187,100,100221,100,99125,100,100265,100,99117,100
2019-06-28 09:57:03.252735961,99630,430,99552,100,99719,100,99442,430,99937,300,99411,200,100005,100,99396,100,100019,100,99345,100,100108,100,99282,100,100109,100,99251,100,100130,100,99218,100,100221,100,99187,100,100265,100,99125,100
2019-06-28 09:57:09.617461192,99630,430,99552,100,99719,100,99442,430,99937,300,99430,100,100005,100,99411,200,100019,100,99396,100,100108,100,99345,100,100109,100,99282,100,100130,100,99251,100,100221,100,99218,100,100265,100,99187,100
2019-06-28 09:57:10.000000000,99630,265,99552,265,99719,265,99442,265,99937,300,99430,100,100005,100,99411,200,100019,100,99396,100,100108,100,99345,100,100109,100,99282,100,100130,100,99251,100,100221,100,99218,100,100265,100,99187,100
2019-06-28 09:57:16.319519034,99630,265,99552,265,99719,265,99442,265,99937,300,99430,100,100005,100,99411,200,100019,100,99396,100,100108,100,99345,100,100109,100,99282,100,100130,100,99251,100,100221,100,99218,100,100265,100,99190,100
2019-06-28 09:57:19.112631555,99630,165,99552,165,99719,265,99442,265,99937,300,99430,100,100005,100,99411,200,100019,100,99396,100,100108,100,99345,100,100109,100,99282,100,100130,100,99251,100,100221,100,99218,100,100265,100,99190,100
2019-06-28 09:57:20.000000000,99719,212,99442,212,99937,409,99430,209,100005,209,99411,309,100019,100,99396,100,100108,100,99345,100,100109,100,99282,100,100130,100,99251,100,100221,100,99218,100,100265,100,99190,100,100499,100,99187,100
2019-06-28 09:57:21.921492904,99594,100,99442,212,99719,212,99430,209,99937,409,99411,309,100005,209,99396,100,100019,100,99345,100,100108,100,99282,100,100109,100,99251,100,100130,100,99218,100,100221,100,99190,100,100265,100,99187,100
2019-06-28 09:57:30.000000000,99594,166,99442,166,99719,166,99430,166,99937,366,99411,266,100005,166,99396,166,100019,166,99345,166,100108,100,99282,100,100109,100,99251,100,100130,100,99218,100,100221,100,99190,100,100265,100,99187,100
2019-06-28 09:57:31.537367892,99552,100,99442,166,99594,166,99430,166,99719,166,99411,266,99937,366,99396,166,100005,166,99345,166,100019,166,99282,100,100108,100,99251,100,100109,100,99218,100,100130,100,99190,100,100221,100,99187,100
2019-06-28 09:57:31.863378230,99552,100,99442,166,99594,166,99430,166,99719,166,99411,266,99937,366,99396,166,100005,166,99389,100,100019,166,99345,166,100108,100,99282,100,100109,100,99251,100,100130,100,99218,100,100221,100,99190,100
2019-06-28 09:57:35.844379403,99552,100,99442,66,99594,166,99430,166,99719,166,99411,266,99937,366,99396,166,100005,166,99389,100,100019,166,99345,166,100108,100,99282,100,100109,100,99251,100,100130,100,99218,100,100221,100,99190,100
2019-06-28 09:57:40.000000000,99552,182,99430,182,99594,182,99411,282,99719,182,99396,182,99937,382,99389,182,100005,100,99345,100,100019,100,99282,100,100108,100,99251,100,100109,100,99218,100,100130,100,99190,100,100221,100,99187,100
2019-06-28 09:57:50.000000000,99552,166,99430,166,99594,166,99411,266,99719,166,99396,166,99937,366,99389,166,100005,166,99345,166,100019,100,99282,100,100108,100,99251,100,100109,100,99218,100,100130,100,99190,100,100221,100,99187,100
2019-06-28 09:57:58.029709454,99552,166,99430,166,99563,100,99411,266,99594,166,99396,166,99719,166,99389,166,99937,366,99345,166,100005,166,99282,100,100019,100,99251,100,100108,100,99218,100,100109,100,99190,100,100130,100,99187,100
2019-06-28 09:58:00.000000000,99552,182,99430,182,99563,182,99411,282,99594,182,99396,182,99719,182,99389,182,99937,300,99345,100,100005,100,99282,100,100019,100,99251,100,100108,100,99218,100,100109,100,99190,100,100130,100,99187,100
2019-06-28 09:58:10.000000000,99552,212,99430,212,99563,209,99411,309,99594,209,99396,209,99719,100,99389,100,99937,300,99345,100,100005,100,99282,100,100019,100,99251,100,100108,100,99218,100,100109,100,99190,100,100130,100,99187,100
2019-06-28 09:58:12.817178399,99552,212,99430,212,99563,209,99411,309,99594,209,99396,209,99719,100,99389,100,99937,300,99384,100,100005,100,99345,100,100019,100,99282,100,100108,100,99251,100,100109,100,99218,100,100130,100,99190,100
2019-06-28 09:58:20.000000000,99552,212,99430,212,99563,209,99411,309,99594,209,99396,209,99719,100,99389,100,99937,300,99384,100,100005,100,99345,100,100019,100,99282,100,100108,100,99251,100,100109,100,99218,100,100130,100,99190,100
2019-06-28 09:58:29.018190716,99552,112,99430,212,99563,209,99411,309,99594,209,99396,209,99719,100,99389,100,99937,300,99384,100,100005,100,99345,100,100019,100,99282,100,100108,100,99251,100,100109,100,99218,100,100130,100,99190,100
2019-06-28 09:58:30.000000000,99563,430,99430,430,99594,100,99411,200,99719,100,99396,100,99937,300,99389,100,100005,100,99384,100,100019,100,99345,100,100108,100,99282,100,100109,100,99251,100,100130,100,99218,100,100221,100,99190,100
2019-06-28 09:58:40.000000000,99563,265,99430,265,99594,265,99411,365,99719,100,99396,100,99937,300,99389,100,100005,100,99384,100,100019,100,99345,100,100108,100,99282,100,100109,100,99251,100,100130,100,99218,100,100221,100,99190,100
2019-06-28 09:58:40.547703341,99563,165,99430,265,99594,265,99411,365,99719,100,99396,100,99937,300,99389,100,100005,100,99384,100,100019,100,99345,100,100108,100,99282,100,100109,100,99251,100,100130,100,99218,100,100221,100,99190,100
2019-06-28 09:58:43.240335105,99563,165,99430,265,99594,265,99411,365,99719,100,99396,100,99930,100,99389,100,99937,300,99384,100,100005,100,99345,100,100019,100,99282,100,100108,100,99251,100,100109,100,99218,100,100130,100,99190,100
2019-06-28 09:58:46.332410704,99563,65,99430,265,99594,265,99411,365,99719,100,99396,100,99930,100,99389,100,99937,300,99384,100,100005,100,99345,100,100019,100,99282,100,100108,100,99251,100,100109,100,99218,100,100130,100,99190,100
2019-06-28 09:58:50.000000000,99594,430,99430,430,99719,100,99411,200,99930,100,99396,100,99937,300,99389,100,100005,100,99384,100,100019,100,99345,100,100108,100,99282,100,100109,100,99251,100,100130,100,99218,100,100221,100,99190,100
2019-06-28 09:58:54.605258698,99594,330,99430,430,99719,100,99411,200,99930,100,99396,100,99937,300,99389,100,100005,100,99384,100,100019,100,99345,100,100108,100,99282,100,100109,100,99251,100,100130,100,99218,100,100221,100,99190,100
2019-06-28 09:59:00.000000000,99719,212,99430,212,99930,209,99411,309,99937,409,99396,209,100005,100,99389,100,100019,100,99384,100,100108,100,99345,100,100109,100,99282,100,100130,100,99251,100,100221,100,99218,100,100265,100,99190,100
2019-06-28 09:59:10.000000000,99719,430,99430,430,99930,100,99411,200,99937,300,99396,100,100005,100,99389,100,100019,100,99384,100,100108,100,99345,100,100109,100,99282,100,100130,100,99251,100,100221,100,99218,100,100265,100,99190,100
2019-06-28 09:59:11.700391710,99719,330,99430,430,99930,100,99411,200,99937,300,99396,100,100005,100,99389,100,100019,100,99384,100,100108,100,99345,100,100109,100,99282,100,100130,100,99251,100,100221,100,99218,100,100265,100,99190,100
2019-06-28 09:59:12.277625566,99719,330,99430,430,99930,100,99411,200,99937,300,99396,100,100005,100,99389,100,100019,100,99384,100,100108,100,99345,100,100109,100,99251,100,100130,100,99218,100,100221,100,99190,100,100265,100,99125,100
2019-06-28 09:59:12.671332098,99719,230,99430,430,99930,100,99411,200,99937,300,99396,100,100005,100,99389,100,100019,100,99384,100,100108,100,99345,100,100109,100,99251,100,100130,100,99218,100,100221,100,99190,100,100265,100,99125,100
2019-06-28 09:59:15.997674933,99719,230,99430,430,99930,100,99411,200,99937,300,99396,100,100005,100,99389,100,100019,100,99384,100,100108,100,99345,100,100109,100,99251,100,100130,100,99218,100,100221,100,99190,100,100265,100,99125,100
2019-06-28 09:59:18.452624541,99719,230,99430,430,99930,100,99411,200,99937,300,99396,100,100005,100,99389,100,100019,100,99345,100,100108,100,99251,100,100109,100,99218,100,100130,100,99190,100,100221,100,99125,100,100265,100,99095,100
2019-06-28 09:59:19.356939037,99719,230,99430,430,99930,100,99411,200,99937,300,99396,100,100005,100,99389,100,100019,100,99345,100,100108,100,99251,100,100109,100,99218,100,100130,100,99190,100,100221,100,99125,100,100265,100,99095,100
2019-06-28 09:59:20.000000000,99930,430,99430,430,99937,300,99411,200,100005,100,99396,100,100019,100,99389,100,100108,100,99345,100,100109,100,99251,100,100130,100,99218,100,100221,100,99190,100,100265,100,99125,100,100269,100,99095,100
2019-06-28 09:59:30.000000000,99930,182,99430,182,99937,382,99411,282,100005,182,99396,182,100019,182,99389,182,100108,100,99345,100,100109,100,99251,100,100130,100,99218,100,100221,100,99190,100,100265,100,99125,100,100269,100,99095,100
2019-06-28 09:59:36.059434971,99930,182,99430,182,99937,382,99411,282,100005,182,99396,182,100019,182,99389,182,100109,100,99345,100,100130,100,99251,100,100221,100,99218,100,100262,100,99190,100,100265,100,99125,100,100269,100,99095,100
2019-06-28 09:59:40.000000000,99930,430,99430,430,99937,300,99411,200,100005,100,99396,100,100019,100,99389,100,100109,100,99345,100,100130,100,99251,100,100221,100,99218,100,100262,100,99190,100,100265,100,99125,100,100269,100,99095,100
2019-06-28 09:59:50.000000000,99930,166,99430,166,99937,366,99411,266,100005,166,99396,166,100019,166,99389,166,100109,166,99345,166,100130,100,99251,100,100221,100,99218,100,100262,100,99190,100,100265,100,99125,100,100269,100,99095,100
2019-06-28 09:59:53.534066745,99930,66,99430,166,99937,366,99411,266,100005,166,99396,166,100019,166,99389,166,100109,166,99345,166,100130,100,99251,100,100221,100,99218,100,100262,100,99190,100,100265,100,99125,100,100269,100,99095,100
2019-06-28 10:00:00.000000000,99937,630,99430,430,100005,100,99411,200,100019,100,99396,100,100109,100,99389,100,100130,100,99345,100,100221,100,99251,100,100262,100,99218,100,100265,100,99190,100,100269,100,99125,100,100273,100,99095,100
2019-06-28 10:00:00.148629581,99937,530,99430,430,100005,100,99411,200,100019,100,99396,100,100109,100,99389,100,100130,100,99345,100,100221,100,99251,100,100262,100,99218,100,100265,100,99190,100,100269,100,99125,100,100273,100,99095,100
2019-06-28 10:00:06.529545639,99937,530,99430,430,100005,100,99411,200,100019,100,99396,100,100109,100,99389,100,100130,100,99345,100,100148,100,99251,100,100221,100,99218,100,100262,100,99190,100,100265,100,99125,100,100269,100,99095,100
2019-06-28 10:00:10.000000000,99937,312,99430,212,100005,209,99411,309,100019,209,99396,209,100109,100,99389,100,100130,100,99345,100,100148,100,99251,100,100221,100,99218,100,100262,100,99190,100,100265,100,99125,100,100269,100,99095,100
2019-06-28 10:00:10.083150505,99937,312,99430,212,100005,209,99411,309,100019,209,99396,209,100109,100,99389,100,100130,100,99345,100,100148,100,99251,100,100156,100,99218,100,100221,100,99190,100,100262,100,99125,100,100269,100,99095,100
2019-06-28 10:00:14.070189691,99937,312,99863,100,100005,209,99430,212,100019,209,99411,309,100109,100,99396,209,100130,100,99389,100,100148,100,99345,100,100156,100,99251,100,100221,100,99218,100,100262,100,99190,100,100269,100,99125,100
2019-06-28 10:00:20.000000000,99937,530,99863,430,100005,100,99430,100,100019,100,99411,200,100109,100,99396,100,100130,100,99389,100,100148,100,99345,100,100156,100,99251,100,100221,100,99218,100,100262,100,99190,100,100269,100,99125,100
2019-06-28 10:00:29.993983011,99937,530,99915,100,100005,100,99863,430,100019,100,99430,100,100109,100,99411,200,100130,100,99396,100,100148,100,99389,100,100156,100,99345,100,100221,100,99251,100,100262,100,99218,100,100269,100,99190,100
2019-06-28 10:00:30.000000000,99937,365,99915,265,100005,265,99863,265,100019,100,99430,100,100109,100,99411,200,100130,100,99396,100,100148,100,99389,100,100156,100,99345,100,100221,100,99251,100,100262,100,99218,100,100269,100,99190,100
2019-06-28 10:00:33.146355688,99937,365,99915,365,100005,265,99863,265,100019,100,99430,100,100109,100,99411,200,100130,100,99396,100,100148,100,99345,100,100156,100,99251,100,100221,100,99218,100,100262,100,99190,100,100269,100,99125,100
2019-06-28 10:00:40.000000000,99937,312,99915,312,100005,209,99863,209,100019,209,99430,209,100109,100,99411,200,100130,100,99396,100,100148,100,99345,100,100156,100,99251,100,100221,100,99218,100,100262,100,99190,100,100269,100,99125,100
2019-06-28 10:00:50.000000000,99937,312,99915,312,100005,209,99863,209,100019,209,99430,209,100109,100,99411,200,100130,100,99396,100,100148,100,99345,100,100156,100,99251,100,100221,100,99218,100,100262,100,99190,100,100269,100,99125,100
2019-06-28 10:00:51.998494218,99937,212,99915,312,100005,209,99863,209,100019,209,99430,209,100109,100,99411,200,100130,100,99396,100,100148,100,99345,100,100156,100,99251,100,100221,100,99218,100,100262,100,99190,100,100269,100,99125,100
2019-06-28 10:00:55.325443600,99937,212,99915,312,100005,209,99863,209,100019,209,99825,100,100109,100,99430,209,100130,100,99411,200,100148,100,99396,100,100156,100,99345,100,100221,100,99251,100,100262,100,99218,100,100269,100,99190,100
2019-06-28 10:01:00.000000000,99937,182,99915,282,100005,182,99863,182,100019,182,99825,182,100109,182,99430,182,100130,100,99411,200,100148,100,99396,100,100156,100,99345,100,100221,100,99251,100,100262,100,99218,100,100269,100,99190,100
2019-06-28 10:01:00.027664544,99937,182,99915,282,99989,100,99863,182,100005,182,99825,182,100019,182,99430,182,100109,182,99411,200,100130,100,99396,100,100148,100,99345,100,100156,100,99251,100,100221,100,99190,100,100262,100,99095,100
2019-06-28 10:01:10.000000000,99937,182,99915,282,99989,182,99863,182,100005,182,99825,182,100019,182,99430,182,100109,100,99411,200,100130,100,99396,100,100148,100,99345,100,100156,100,99251,100,100221,100,99190,100,100262,100,99095,100
2019-06-28 10:01:13.399520115,99937,182,99915,282,99989,182,99863,182,100005,182,99825,182,100019,182,99681,100,100109,100,99430,182,100130,100,99411,200,100148,100,99396,100,100156,100,99345,100,100221,100,99251,100,100262,100,99190,100
2019-06-28 10:01:16.047769639,99937,182,99915,182,99989,182,99863,182,100005,182,99825,182,100019,182,99681,100,100109,100,99430,182,100130,100,99411,200,100148,100,99396,100,100156,100,99345,100,100221,100,99251,100,100262,100,99190,100
2019-06-28 10:01:20.000000000,99937,265,99915,265,99989,265,99863,265,100005,100,99825,100,100019,100,99681,100,100109,100,99430,100,100130,100,99411,200,100148,100,99396,100,100156,100,99345,100,100221,100,99251,100,100262,100,99190,100
2019-06-28 10:01:23.289957991,99937,265,99915,265,99989,265,99863,265,100005,100,99825,100,100019,100,99747,100,100109,100,99681,100,100130,100,99430,100,100148,100,99411,200,100221,100,99396,100,100262,100,99345,100,100269,100,99251,100
2019-06-28 10:01:28.262259916,99936,100,99915,265,99937,265,99863,265,99989,265,99825,100,100005,100,99747,100,100019,100,99681,100,100109,100,99430,100,100130,100,99411,200,100148,100,99396,100,100221,100,99345,100,100262,100,99251,100
2019-06-28 10:01:30.000000000,99936,430,99915,430,99937,100,99863,100,99989,100,99825,100,100005,100,99747,100,100019,100,99681,100,100109,100,99430,100,100130,100,99411,200,100148,100,99396,100,100221,100,99345,100,100262,100,99251,100
2019-06-28 10:01:40.000000000,99936,166,99915,166,99937,166,99863,166,99989,166,99825,166,100005,166,99747,166,100019,166,99681,166,100109,100,99430,100,100130,100,99411,200,100148,100,99396,100,100221,100,99345,100,100262,100,99251,100
2019-06-28 10:01:50.000000000,99936,430,99915,430,99937,100,99863,100,99989,100,99825,100,100005,100,99747,100,100019,100,99681,100,100109,100,99430,100,100130,100,99411,200,100148,100,99396,100,100221,100,99345,100,100262,100,99251,100
2019-06-28 10:01:56.527027880,99936,430,99915,430,99937,100,99863,100,99989,100,99825,100,100005,100,99747,100,100019,100,99681,100,100109,100,99430,100,100130,100,99411,200,100138,100,99396,100,100148,100,99345,100,100221,100,99251,100
2019-06-28 10:01:56.547689787,99936,330,99915,430,99937,100,99863,100,99989,100,99825,100,100005,100,99747,100,100019,100,99681,100,100109,100,99430,100,100130,100,99411,200,100138,100,99396,100,100148,100,99345,100,100221,100,99251,100
2019-06-28 10:02:00.000000000,99937,265,99915,265,99989,265,99863,265,100005,100,99825,100,100019,100,99747,100,100109,100,99681,100,100130,100,99430,100,100138,100,99411,200,100148,100,99396,100,100221,100,99345,100,100262,100,99251,100
2019-06-28 10:02:10.000000000,99937,166,99915,166,99989,166,99863,166,100005,166,99825,166,100019,166,99747,166,100109,166,99681,166,100130,100,99430,100,100138,100,99411,200,100148,100,99396,100,100221,100,99345,100,100262,100,99251,100
2019-06-28 10:02:15.614309009,99937,166,99915,166,99989,66,99863,166,100005,166,99825,166,100019,166,99747,166,100109,166,99681,166,100130,100,99430,100,100138,100,99411,200,100148,100,99396,100,100221,100,99345,100,100262,100,99251,100
2019-06-28 10:02:20.000000000,99937,430,99915,430,100005,100,99863,100,100019,100,99825,100,100109,100,99747,100,100130,100,99681,100,100138,100,99430,100,100148,100,99411,200,100221,100,99396,100,100262,100,99345,100,100269,100,99251,100
2019-06-28 10:02:21.996230620,99937,330,99916,100,100005,100,99915,430,100019,100,99863,100,100109,100,99825,100,100130,100,99747,100,100138,100,99681,100,100148,100,99430,100,100221,100,99411,200,100262,100,99396,100,100269,100,99345,100
2019-06-28 10:02:29.625106592,99937,230,99916,100,100005,100,99915,430,100019,100,99863,100,100109,100,99825,100,100130,100,99747,100,100138,100,99681,100,100148,100,99430,100,100221,100,99411,200,100262,100,99396,100,100269,100,99345,100
2019-06-28 10:02:30.000000000,100005,212,99916,212,100019,209,99915,209,100109,209,99863,209,100130,100,99825,100,100138,100,99747,100,100148,100,99681,100,100221,100,99430,100,100262,100,99411,200,100269,100,99396,100,100288,100,99345,100
2019-06-28 10:02:31.488573880,100005,212,99916,212,100019,209,99915,209,100109,209,99863,209,100130,100,99825,100,100138,100,99747,100,100141,100,99681,100,100148,100,99430,100,100221,100,99411,200,100262,100,99396,100,100269,100,99345,100
2019-06-28 10:02:40.000000000,100005,166,99916,166,100019,166,99915,166,100109,166,99863,166,100130,166,99825,166,100138,166,99747,166,100141,100,99681,100,100148,100,99430,100,100221,100,99411,200,100262,100,99396,100,100269,100,99345,100
2019-06-28 10:02:50.000000000,100005,265,99916,265,100019,265,99915,265,100109,100,99863,100,100130,100,99825,100,100138,100,99747,100,100141,100,99681,100,100148,100,99430,100,100221,100,99411,200,100262,100,99396,100,100269,100,99345,100
2019-06-28 10:03:00.000000000,100005,166,99916,166,100019,166,99915,166,100109,166,99863,166,100130,166,99825,166,100138,166,99747,166,100141,100,99681,100,100148,100,99430,100,100221,100,99411,200,100262,100,99396,100,100269,100,99345,100
2019-06-28 10:03:03.572207099,100005,166,99916,166,100019,166,99915,166,100024,100,99863,166,100109,166,99825,166,100130,166,99747,166,100138,166,99681,100,100141,100,99430,100,100148,100,99411,200,100221,100,99396,100,100262,100,99345,100
2019-06-28 10:03:04.290984063,100005,166,99916,166,100019,166,99915,166,100024,100,99863,166,100109,166,99825,166,100130,166,99747,166,100138,166,99681,100,100141,100,99430,100,100148,100,99411,200,100170,100,99396,100,100221,100,99345,100
2019-06-28 10:03:10.000000000,100005,166,99916,166,100019,166,99915,166,100024,166,99863,166,100109,166,99825,166,100130,166,99747,166,100138,100,99681,100,100141,100,99430,100,100148,100,99411,200,100170,100,99396,100,100221,100,99345,100
2019-06-28 10:03:14.061798309,100005,166,99916,166,100019,166,99915,166,100024,166,99863,166,100109,166,99825,166,100130,166,99747,166,100138,100,99681,100,100141,100,99676,100,100148,100,99430,100,100170,100,99411,200,100221,100,99396,100
2019-06-28 10:03:20.000000000,100005,265,99916,265,100019,265,99915,265,100024,100,99863,100,100109,100,99825,100,100130,100,99747,100,100138,100,99681,100,100141,100,99676,100,100148,100,99430,100,100170,100,99411,200,100221,100,99396,100
2019-06-28 10:03:30.000000000,100005,265,99916,265,100019,265,99915,265,100024,100,99863,100,100109,100,99825,100,100130,100,99747,100,100138,100,99681,100,100141,100,99676,100,100148,100,99430,100,100170,100,99411,200,100221,100,99396,100
2019-06-28 10:03:38.101276214,100005,165,99916,265,100019,265,99915,265,100024,100,99863,100,100109,100,99825,100,100130,100,99747,100,100138,100,99681,100,100141,100,99676,100,100148,100,99430,100,100170,100,99411,200,100221,100,99396,100
2019-06-28 10:03:40.000000000,100019,430,99916,430,100024,100,99915,100,100109,100,99863,100,100130,100,99825,100,100138,100,99747,100,100141,100,99681,100,100148,100,99676,100,100170,100,99430,100,100221,100,99411,200,100269,100,99396,100
2019-06-28 10:03:43.227111388,100019,330,99916,430,100024,100,99915,100,100109,100,99863,100,100130,100,99825,100,100138,100,99747,100,100141,100,99681,100,100148,100,99676,100,100170,100,99430,100,100221,100,99411,200,100269,100,99396,100
2019-06-28 10:03:47.340227042,100019,330,100005,100,100024,100,99916,430,100109,100,99915,100,100130,100,99863,100,100138,100,99825,100,100141,100,99747,100,100148,100,99681,100,100170,100,99676,100,100221,100,99430,100,100269,100,99411,100
2019-06-28 10:03:50.000000000,100024,212,100005,212,100109,209,99916,209,100130,209,99915,209,100138,100,99863,100,100141,100,99825,100,100148,100,99747,100,100170,100,99681,100,100221,100,99676,100,100269,100,99430,100,100288,100,99411,100
2019-06-28 10:04:00.000000000,100024,166,100005,166,100109,166,99916,166,100130,166,99915,166,100138,166,99863,166,100141,166,99825,166,100148,100,99747,100,100170,100,99681,100,100221,100,99676,100,100269,100,99430,100,100288,100,99411,100
2019-06-28 10:04:00.815211054,100024,166,100005,166,100109,166,99916,166,100130,166,99915,166,100138,166,99891,100,100141,166,99863,166,100148,100,99825,166,100170,100,99747,100,100221,100,99681,100,100269,100,99676,100,100288,100,99430,100
2019-06-28 10:04:07.538899865,100024,66,100005,166,100109,166,99916,166,100130,166,99915,166,100138,166,99891,100,100141,166,99863,166,100148,100,99825,166,100170,100,99747,100,100221,100,99681,100,100269,100,99676,100,100473,100,99430,100
2019-06-28 10:04:10.000000000,100109,166,100005,166,100130,166,99916,166,100138,166,99915,166,100141,166,99891,166,100148,166,99863,166,100170,100,99825,100,100221,100,99747,100,100269,100,99681,100,100473,100,99676,100,100509,100,99430,100
2019-06-28 10:04:20.000000000,100109,182,100005,182,100130,182,99916,182,100138,182,99915,182,100141,182,99891,182,100148,100,99863,100,100170,100,99825,100,100221,100,99747,100,100269,100,99681,100,100473,100,99676,100,100509,100,99430,100
2019-06-28 10:04:30.000000000,100109,265,100005,265,100130,265,99916,265,100138,100,99915,100,100141,100,99891,100,100148,100,99863,100,100170,100,99825,100,100221,100,99747,100,100269,100,99681,100,100473,100,99676,100,100509,100,99430,100
2019-06-28 10:04:40.000000000,100109,212,100005,212,100130,209,99916,209,100138,209,99915,209,100141,100,99891,100,100148,100,99863,100,100170,100,99825,100,100221,100,99747,100,100269,100,99681,100,100473,100,99676,100,100509,100,99430,100
2019-06-28 10:04:40.205555393,100109,112,100005,212,100130,209,99916,209,100138,209,99915,209,100141,100,99891,100,100148,100,99863,100,100170,100,99825,100,100221,100,99747,100,100269,100,99676,100,100473,100,99430,100,100509,100,99411,100
2019-06-28 10:04:42.488950678,100109,112,100024,100,100130,209,100005,212,100138,209,99916,209,100141,100,99915,209,100148,100,99891,100,100170,100,99863,100,100221,100,99825,100,100269,100,99747,100,100473,100,99676,100,100509,100,99430,100
2019-06-28 10:04:44.647841638,100109,112,100024,100,100130,209,100005,212,100138,209,99916,209,100141,100,99915,209,100148,100,99891,100,100170,100,99863,100,100221,100,99825,100,100269,100,99747,100,100473,100,99676,100,100509,100,99430,100
2019-06-28 10:04:50.000000000,100130,430,100024,430,100138,100,100005,100,100141,100,99916,100,100148,100,99915,100,100170,100,99891,100,100221,100,99863,100,100269,100,99825,100,100473,100,99747,100,100509,100,99676,100,100515,100,99430,100
