,ask_price_1,ask_size_1,bid_price_1,bid_size_1,ask_price_2,ask_size_2,bid_price_2,bid_size_2,ask_price_3,ask_size_3,bid_price_3,bid_size_3,ask_price_4,ask_size_4,bid_price_4,bid_size_4,ask_price_5,ask_size_5,bid_price_5,bid_size_5,ask_price_6,ask_size_6,bid_price_6,bid_size_6,ask_price_7,ask_size_7,bid_price_7,bid_size_7,ask_price_8,ask_size_8,bid_price_8,bid_size_8,ask_price_9,ask_size_9,bid_price_9,bid_size_9,ask_price_10,ask_size_10,bid_price_10,bid_size_10
2019-06-28 09:30:00.000000000,,,99917,100,,,,,,,,,,,,,,,,,,,,,,,,,,,,,,,,,,,,
2019-06-28 09:30:00.000000003,100164,100,99917,100,,,,,,,,,,,,,,,,,,,,,,,,,,,,,,,,,,,,
2019-06-28 09:30:00.000000006,100164,100,99917,100,,,99916,100,,,,,,,,,,,,,,,,,,,,,,,,,,,,,,,,
2019-06-28 09:30:00.000000008,100164,100,99933,100,,,99917,100,,,99916,100,,,,,,,,,,,,,,,,,,,,,,,,,,,,
2019-06-28 09:30:00.000000009,100164,100,99933,100,100194,100,99917,100,,,99916,100,,,,,,,,,,,,,,,,,,,,,,,,,,,,
2019-06-28 09:30:00.000000010,100138,100,99933,100,100164,100,99917,100,100194,100,99916,100,,,,,,,,,,,,,,,,,,,,,,,,,,,,
2019-06-28 09:30:00.000000012,100137,100,99966,100,100138,100,99933,100,100164,100,99917,100,100194,100,99916,100,,,,,,,,,,,,,,,,,,,,,,,,
2019-06-28 09:30:00.000000014,99993,100,99966,100,100044,100,99933,100,100137,100,99917,100,100138,100,99916,100,100164,100,,,100194,100,,,,,,,,,,,,,,,,,,
2019-06-28 09:30:00.000000016,100044,100,99966,100,100137,100,99933,100,100138,100,99917,100,100164,100,99916,100,100194,100,,,,,,,,,,,,,,,,,,,,,,
2019-06-28 09:30:00.000000017,99983,100,99966,100,100014,100,99933,100,100044,100,99917,100,100137,100,99916,100,100138,100,,,100164,100,,,100194,100,,,,,,,,,,,,,,
2019-06-28 09:30:00.000000021,99983,100,99966,100,100014,100,99933,100,100044,100,99917,100,100137,100,99916,100,100138,100,99832,100,100164,100,,,100194,100,,,,,,,,,,,,,,
2019-06-28 09:30:00.000000022,99983,100,99966,100,100014,100,99933,100,100044,100,99917,100,100137,100,99916,100,100138,100,99911,100,100164,100,99832,100,100194,100,,,,,,,,,,,,,,
2019-06-28 09:30:00.000000023,99983,100,99975,100,100014,100,99966,100,100044,100,99933,100,100137,100,99917,100,100138,100,99916,100,100164,100,99911,100,100194,100,99832,100,,,99810,100,,,,,,,,
2019-06-28 09:30:00.000000026,100014,100,99975,100,100044,100,99966,100,100137,100,99933,100,100138,100,99917,100,100164,100,99916,100,100194,100,99911,100,,,99832,100,,,99810,100,,,,,,,,
2019-06-28 09:30:00.000000028,100014,100,99975,100,100033,100,99966,100,100044,100,99944,100,100137,100,99933,100,100138,100,99917,100,100164,100,99916,100,100194,100,99911,100,,,99832,100,,,99810,100,,,,
2019-06-28 09:30:00.000000029,100014,100,99975,100,100033,100,99966,100,100044,100,99944,100,100137,100,99933,100,100138,100,99917,100,100164,100,99916,100,100194,100,99911,100,,,99867,100,,,99832,100,,,99810,100
2019-06-28 09:30:00.000000032,100014,100,99975,100,100033,100,99966,100,100044,100,99944,100,100137,100,99938,100,100138,100,99933,100,100164,100,99917,100,100194,100,99916,100,,,99911,100,,,99867,100,,,99832,100
2019-06-28 09:30:00.000000035,100014,100,99975,100,100033,100,99966,100,100044,100,99944,100,100137,100,99938,100,100138,100,99933,100,100164,100,99917,100,100194,100,99916,100,,,99911,100,,,99909,100,,,99867,100
2019-06-28 09:30:00.000000037,100014,100,99983,100,100033,100,99975,100,100044,100,99966,100,100137,100,99944,100,100138,100,99938,100,100164,100,99933,100,100194,100,99917,100,,,99916,100,,,99911,100,,,99909,100
2019-06-28 09:30:00.000000040,100033,100,99983,100,100044,100,99975,100,100137,100,99966,100,100138,100,99944,100,100164,100,99938,100,100194,100,99933,100,,,99917,100,,,99916,100,,,99911,100,,,99909,100
2019-06-28 09:30:00.000000044,100033,100,99983,100,100044,100,99975,100,100137,100,99966,100,100138,100,99944,100,100164,100,99938,100,100194,100,99933,200,,,99917,100,,,99916,100,,,99911,100,,,99909,100
2019-06-28 09:30:00.000000046,100033,100,99983,100,100044,100,99975,100,100137,100,99966,100,100138,100,99944,100,100164,100,99938,100,100189,100,99933,200,100194,100,99917,100,,,99916,100,,,99911,100,,,99909,100
2019-06-28 09:30:00.000000048,100033,100,99984,100,100044,100,99983,100,100137,100,99975,100,100138,100,99966,100,100164,100,99944,100,100189,100,99938,100,100194,100,99933,200,,,99917,100,,,99916,100,,,99911,100
2019-06-28 09:30:00.000000049,100033,100,99984,100,100044,100,99983,100,100118,100,99975,100,100136,100,99966,100,100137,100,99944,100,100138,100,99938,100,100164,100,99933,200,100189,100,99917,100,100194,100,99916,100,,,99911,100
2019-06-28 09:30:00.000000050,100033,100,99984,100,100044,100,99983,100,100118,100,99975,100,100136,100,99966,100,100137,100,99944,100,100138,100,99938,100,100164,100,99933,200,100189,100,99917,100,100194,100,99916,100,,,99911,100
2019-06-28 09:30:00.000000051,100009,100,99984,100,100033,100,99983,100,100044,100,99975,100,100118,100,99966,100,100136,100,99944,100,100137,100,99938,100,100138,100,99933,200,100164,100,99917,100,100189,100,99916,100,100194,100,99911,100
2019-06-28 09:30:00.000000052,100009,100,99984,100,100033,100,99983,100,100044,100,99975,100,100118,100,99971,100,100136,100,99966,100,100137,100,99944,100,100138,100,99938,100,100164,100,99933,200,100189,100,99917,100,100194,100,99916,100
2019-06-28 09:30:00.000000053,100009,100,99984,100,100033,100,99983,100,100044,100,99975,100,100118,100,99971,100,100136,100,99966,100,100137,100,99955,100,100138,100,99944,100,100164,100,99938,100,100189,100,99933,200,100194,100,99917,100
2019-06-28 09:30:00.000000054,100009,100,99984,200,100033,100,99983,100,100044,100,99975,100,100046,100,99971,100,100118,100,99966,100,100136,100,99955,100,100137,100,99944,100,100138,100,99938,100,100164,100,99933,200,100189,100,99917,100
2019-06-28 09:30:00.000000062,100009,100,99984,300,100033,100,99983,100,100044,100,99975,100,100046,100,99971,100,100083,100,99966,100,100118,100,99955,100,100136,100,99944,100,100137,100,99938,100,100138,100,99933,200,100164,100,99917,100
2019-06-28 09:30:00.000000064,100009,100,99984,300,100033,100,99983,100,100044,100,99975,100,100046,100,99971,100,100083,100,99966,100,100115,100,99955,100,100118,100,99944,100,100136,100,99938,100,100137,100,99933,200,100138,100,99917,100
2019-06-28 09:30:00.000000065,100009,100,99984,300,100033,100,99983,100,100044,100,99975,100,100046,100,99971,100,100083,100,99966,100,100115,100,99961,100,100118,100,99955,100,100136,100,99944,100,100137,100,99938,100,100138,100,99933,200
2019-06-28 09:30:00.000000066,100009,100,99984,300,100033,100,99983,100,100044,100,99975,100,100046,100,99971,100,100083,100,99966,100,100115,100,99961,100,100118,100,99955,100,100136,100,99944,100,100137,100,99938,100,100138,100,99933,200
2019-06-28 09:30:00.000000067,100009,100,99984,300,100033,100,99983,100,100044,100,99975,100,100046,100,99971,100,100083,100,99966,100,100100,100,99961,100,100115,100,99955,100,100118,100,99944,100,100122,100,99938,100,100136,100,99933,200
2019-06-28 09:30:00.000000068,100009,100,99995,100,100014,100,99984,400,100033,100,99983,100,100044,100,99975,100,100046,100,99971,100,100083,100,99966,100,100100,100,99961,100,100115,100,99955,100,100118,100,99944,100,100122,100,99938,100
2019-06-28 09:30:00.000000069,100009,100,99984,400,100014,100,99983,100,100033,100,99975,100,100044,100,99971,100,100046,100,99966,100,100083,100,99961,100,100100,100,99955,100,100115,100,99944,100,100118,100,99938,100,100122,100,99933,200
2019-06-28 09:30:00.000000072,100009,100,99984,400,100014,100,99983,100,100033,100,99975,100,100044,100,99971,100,100046,100,99966,100,100052,100,99961,100,100083,100,99955,100,100100,100,99944,100,100115,100,99938,100,100118,100,99933,200
2019-06-28 09:30:00.000000074,100009,100,99995,100,100014,100,99984,400,100033,100,99983,100,100044,100,99975,100,100046,100,99971,100,100052,100,99966,100,100083,100,99961,100,100100,100,99955,100,100115,100,99944,100,100118,100,99938,100
2019-06-28 09:30:00.000000076,100009,100,99995,100,100014,100,99984,400,100033,100,99983,100,100044,100,99975,100,100046,100,99971,100,100052,100,99966,100,100083,100,99961,100,100100,100,99955,100,100115,100,99944,100,100118,100,99938,100
2019-06-28 09:30:00.000000079,100009,100,99999,100,100014,100,99995,100,100033,100,99984,400,100044,100,99983,100,100046,100,99975,100,100052,100,99971,100,100083,100,99966,100,100100,100,99961,100,100115,100,99955,100,100118,100,99944,100
2019-06-28 09:30:00.000000080,100009,100,99999,100,100014,100,99995,100,100033,100,99984,400,100044,100,99983,100,100046,100,99975,100,100052,100,99971,100,100083,100,99966,100,100100,100,99961,100,100115,100,99955,100,100118,100,99944,100
2019-06-28 09:30:00.000000081,100014,100,99999,100,100033,100,99995,100,100044,100,99984,400,100046,100,99983,100,100052,100,99975,100,100083,100,99971,100,100100,100,99966,100,100115,100,99961,100,100118,100,99955,100,100122,100,99944,100
2019-06-28 09:30:00.000000087,100014,100,100009,100,100033,100,99999,100,100044,100,99995,100,100046,100,99984,400,100052,100,99983,100,100083,100,99975,100,100100,100,99971,100,100115,100,99966,100,100118,100,99961,100,100122,100,99955,100
2019-06-28 09:30:00.000000089,100014,100,100009,100,100033,100,99999,100,100044,100,99995,100,100046,100,99984,400,100052,100,99983,100,100083,100,99975,100,100100,100,99971,100,100115,100,99966,100,100118,100,99961,100,100122,100,99955,100
2019-06-28 09:30:00.000000090,100014,100,100009,100,100033,100,99999,100,100044,100,99995,100,100046,100,99984,400,100052,100,99983,100,100083,100,99975,100,100100,100,99971,100,100115,100,99966,100,100118,100,99961,100,100122,100,99955,100
2019-06-28 09:30:00.000000091,100014,100,100009,100,100033,100,99999,100,100044,100,99995,100,100046,100,99984,400,100052,100,99983,100,100083,100,99975,100,100100,100,99971,100,100115,100,99966,100,100118,100,99961,100,100122,100,99955,100
2019-06-28 09:30:00.000000092,100014,100,100009,100,100033,100,99999,100,100044,100,99995,100,100046,100,99984,400,100048,100,99983,100,100052,100,99975,100,100083,100,99971,100,100100,100,99966,100,100115,100,99961,100,100118,100,99955,100
2019-06-28 09:30:00.000000099,100014,100,100009,100,100033,100,99999,100,100044,100,99995,100,100046,100,99984,400,100048,100,99983,100,100052,100,99975,100,100083,100,99971,100,100096,100,99966,100,100100,100,99961,100,100115,100,99955,100
2019-06-28 09:30:10.000000000,100014,248,100009,248,100033,244,99999,244,100044,244,99995,244,100046,100,99984,400,100048,100,99983,100,100052,100,99975,100,100083,100,99971,100,100096,100,99966,100,100100,100,99961,100,100115,100,99955,100
2019-06-28 09:30:11.639477572,100014,248,100009,248,100033,244,99999,244,100044,244,99995,244,100046,100,99984,400,100048,100,99983,100,100052,100,99975,100,100083,100,99971,100,100096,100,99966,100,100100,100,99961,100,100115,100,99955,100
2019-06-28 09:30:20.000000000,100014,318,100009,318,100033,318,99999,318,100044,100,99995,100,100046,100,99984,400,100048,100,99983,100,100052,100,99975,100,100083,100,99971,100,100096,100,99966,100,100100,100,99961,100,100115,100,99955,100
2019-06-28 09:30:24.559808364,100014,318,100009,318,100033,318,99999,318,100044,100,99995,100,100046,100,99984,400,100048,100,99983,100,100052,100,99975,100,100083,100,99971,100,100096,100,99966,100,100100,100,99961,100,100115,100,99955,100
2019-06-28 09:30:30.000000000,100014,536,100009,536,100033,100,99999,100,100044,100,99995,100,100046,100,99984,400,100048,100,99983,100,100052,100,99975,100,100083,100,99971,100,100096,100,99966,100,100100,100,99961,100,100115,100,99955,100
2019-06-28 09:30:40.000000000,100014,187,100009,187,100033,187,99999,187,100044,187,99995,187,100046,187,99984,487,100048,187,99983,187,100052,100,99975,100,100083,100,99971,100,100096,100,99966,100,100100,100,99961,100,100115,100,99955,100
2019-06-28 09:30:42.031498638,100014,87,100009,187,100033,187,99999,187,100044,187,99995,187,100046,187,99984,487,100048,87,99983,187,100052,100,99975,100,100083,100,99971,100,100096,100,99966,100,100100,100,99961,100,100115,100,99955,100
2019-06-28 09:30:43.019073599,100033,187,100014,13,100044,187,100009,187,100046,187,99999,187,100048,87,99995,187,100052,100,99984,487,100083,100,99983,187,100096,100,99975,100,100100,100,99971,100,100115,100,99966,100,100118,100,99961,100
2019-06-28 09:30:50.000000000,100033,318,100014,231,100044,318,100009,318,100046,100,99999,100,100052,100,99995,100,100083,100,99984,400,100096,100,99983,100,100100,100,99975,100,100115,100,99971,100,100118,100,99966,100,100122,100,99961,100
2019-06-28 09:30:51.151331502,100033,218,100014,231,100044,318,100009,318,100046,100,99999,100,100052,100,99995,100,100083,100,99984,400,100096,100,99983,100,100100,100,99975,100,100115,100,99971,100,100122,100,99966,100,100123,100,99961,100
2019-06-28 09:31:00.000000000,100044,248,100014,161,100046,244,100009,244,100052,244,99999,244,100083,100,99995,100,100096,100,99984,400,100100,100,99983,100,100115,100,99975,100,100122,100,99971,100,100123,100,99966,100,100132,100,99961,100
2019-06-28 09:31:03.173003426,100044,248,100014,161,100046,244,100009,244,100052,244,99999,244,100083,100,99995,100,100096,100,99984,400,100100,100,99983,100,100115,100,99975,100,100122,100,99971,100,100123,100,99966,100,100132,100,99961,100
2019-06-28 09:31:05.776786543,100044,248,100015,100,100046,244,100014,161,100052,244,100009,244,100083,100,99999,244,100096,100,99995,100,100100,100,99984,400,100115,100,99983,100,100122,100,99975,100,100123,100,99971,100,100132,100,99966,100
2019-06-28 09:31:10.000000000,100044,536,100015,536,100046,100,100014,13,100052,100,100009,100,100083,100,99999,100,100096,100,99995,100,100100,100,99984,400,100115,100,99983,100,100122,100,99975,100,100123,100,99971,100,100132,100,99966,100
2019-06-28 09:31:18.020577435,100044,536,100015,636,100046,100,100014,13,100052,100,100009,100,100083,100,99999,100,100096,100,99995,100,100100,100,99984,400,100115,100,99983,100,100122,100,99975,100,100123,100,99971,100,100132,100,99966,100
2019-06-28 09:31:20.000000000,100044,536,100015,636,100046,100,100014,13,100052,100,100009,100,100083,100,99999,100,100096,100,99995,100,100100,100,99984,400,100115,100,99983,100,100122,100,99975,100,100123,100,99971,100,100132,100,99966,100
2019-06-28 09:31:30.000000000,100044,318,100015,418,100046,318,100014,231,100052,100,100009,100,100083,100,99999,100,100096,100,99995,100,100100,100,99984,400,100115,100,99983,100,100122,100,99975,100,100123,100,99971,100,100132,100,99966,100
2019-06-28 09:31:40.000000000,100044,209,100015,309,100046,209,100014,122,100052,209,100009,209,100083,209,99999,209,100096,100,99995,100,100100,100,99984,400,100115,100,99983,100,100122,100,99975,100,100123,100,99971,100,100132,100,99966,100
2019-06-28 09:31:44.814717395,100044,109,100015,309,100046,209,100014,122,100052,209,100009,209,100083,209,99999,209,100096,100,99995,100,100100,100,99984,400,100115,100,99983,100,100122,100,99975,100,100123,100,99971,100,100132,100,99966,100
2019-06-28 09:31:45.329031619,100044,9,100015,309,100046,209,100014,122,100052,209,100009,209,100083,209,99999,109,100096,100,99995,100,100100,100,99984,400,100115,100,99983,100,100122,100,99975,100,100123,100,99971,100,100132,100,99966,100
2019-06-28 09:31:50.000000000,100046,187,100015,287,100052,187,100014,100,100083,187,100009,187,100096,187,99995,187,100100,187,99984,487,100115,100,99983,100,100122,100,99975,100,100123,100,99971,100,100132,100,99966,100,100136,100,99961,100
2019-06-28 09:32:00.000000000,100046,248,100015,348,100052,244,100014,157,100083,244,100009,244,100096,100,99995,100,100100,100,99984,400,100115,100,99983,100,100122,100,99975,100,100123,100,99971,100,100132,100,99966,100,100136,100,99961,100
2019-06-28 09:32:01.918605182,100046,248,100044,100,100052,244,100015,348,100083,244,100014,157,100096,100,100009,244,100100,100,99995,100,100115,100,99984,300,100122,100,99983,100,100123,100,99975,100,100132,100,99971,100,100136,100,99966,100
2019-06-28 09:32:10.000000000,100046,536,100044,536,100052,100,100015,200,100083,100,100014,13,100096,100,100009,100,100100,100,99995,100,100115,100,99984,300,100122,100,99983,100,100123,100,99975,100,100132,100,99971,100,100136,100,99966,100
2019-06-28 09:32:20.000000000,100046,318,100044,318,100052,318,100015,418,100083,100,100014,13,100096,100,100009,100,100100,100,99995,100,100115,100,99984,300,100122,100,99983,100,100123,100,99975,100,100132,100,99971,100,100136,100,99966,100
2019-06-28 09:32:30.000000000,100046,536,100044,536,100052,100,100015,200,100083,100,100014,13,100096,100,100009,100,100100,100,99995,100,100115,100,99984,300,100122,100,99983,100,100123,100,99975,100,100132,100,99971,100,100136,100,99966,100
2019-06-28 09:32:40.000000000,100046,536,100044,536,100052,100,100015,200,100083,100,100014,13,100096,100,100009,100,100100,100,99995,100,100115,100,99984,300,100122,100,99983,100,100123,100,99975,100,100132,100,99971,100,100136,100,99966,100
2019-06-28 09:32:50.000000000,100046,248,100044,248,100052,244,100015,344,100083,244,100014,157,100096,100,100009,100,100100,100,99995,100,100115,100,99984,300,100122,100,99983,100,100123,100,99975,100,100132,100,99971,100,100136,100,99966,100
2019-06-28 09:32:52.004676387,100046,248,100044,248,100052,244,100015,344,100083,244,100014,157,100096,100,100009,100,100100,100,99995,100,100115,100,99984,300,100122,100,99983,100,100123,100,99975,100,100132,100,99966,100,100136,100,99961,100
2019-06-28 09:33:00.000000000,100046,318,100044,318,100052,318,100015,418,100083,100,100014,13,100096,100,100009,100,100100,100,99995,100,100115,100,99984,300,100122,100,99983,100,100123,100,99975,100,100132,100,99966,100,100136,100,99961,100
2019-06-28 09:33:09.296160128,100046,218,100044,318,100052,318,100015,418,100083,100,100014,13,100096,100,100009,100,100100,100,99995,100,100115,100,99984,300,100122,100,99983,100,100123,100,99975,100,100132,100,99966,100,100136,100,99961,100
2019-06-28 09:33:10.000000000,100052,187,100044,187,100083,187,100015,287,100096,187,100014,100,100100,187,100009,187,100115,187,99995,187,100122,100,99984,300,100123,100,99983,100,100132,100,99975,100,100136,100,99966,100,100137,100,99961,100
2019-06-28 09:33:20.000000000,100052,209,100044,209,100083,209,100015,309,100096,209,100014,122,100100,209,100009,209,100115,100,99995,100,100122,100,99984,300,100123,100,99983,100,100132,100,99975,100,100136,100,99966,100,100137,100,99961,100
2019-06-28 09:33:30.000000000,100052,187,100044,187,100083,187,100015,287,100096,187,100014,100,100100,187,100009,187,100115,187,99995,187,100122,100,99984,300,100123,100,99983,100,100132,100,99975,100,100136,100,99966,100,100137,100,99961,100
2019-06-28 09:33:40.000000000,100052,187,100044,187,100083,187,100015,287,100096,187,100014,100,100100,187,100009,187,100115,187,99995,187,100122,100,99984,300,100123,100,99983,100,100132,100,99975,100,100136,100,99966,100,100137,100,99961,100
2019-06-28 09:33:42.630511755,100052,187,100044,187,100083,187,100015,287,100096,187,100014,100,100100,187,100009,187,100115,187,99995,187,100122,100,99984,300,100123,100,99983,100,100132,100,99975,100,100136,100,99966,100,100137,100,99961,100
2019-06-28 09:33:50.000000000,100052,209,100044,209,100083,209,100015,309,100096,209,100014,122,100100,209,100009,209,100115,100,99995,100,100122,100,99984,300,100123,100,99983,100,100132,100,99975,100,100136,100,99966,100,100137,100,99961,100
2019-06-28 09:34:00.000000000,100052,248,100044,248,100083,244,100015,344,100096,244,100014,157,100100,100,100009,100,100115,100,99995,100,100122,100,99984,300,100123,100,99983,100,100132,100,99975,100,100136,100,99966,100,100137,100,99961,100
2019-06-28 09:34:04.579341501,100052,248,100044,148,100083,244,100015,344,100096,244,100014,157,100100,100,100009,100,100115,100,99995,100,100123,100,99984,300,100132,100,99983,100,100136,100,99975,100,100137,100,99966,100,100138,100,99961,100
2019-06-28 09:34:10.000000000,100052,318,100015,418,100083,318,100014,231,100096,100,100009,100,100100,100,99995,100,100115,100,99984,300,100123,100,99983,100,100132,100,99975,100,100136,100,99966,100,100137,100,99961,100,100138,100,99955,100
2019-06-28 09:34:20.000000000,100052,318,100015,418,100083,318,100014,231,100096,100,100009,100,100100,100,99995,100,100115,100,99984,300,100123,100,99983,100,100132,100,99975,100,100136,100,99966,100,100137,100,99961,100,100138,100,99955,100
2019-06-28 09:34:22.454148900,100045,100,100015,418,100052,318,100014,231,100083,318,100009,100,100096,100,99995,100,100100,100,99984,300,100115,100,99983,100,100123,100,99975,100,100132,100,99966,100,100136,100,99961,100,100137,100,99955,100
2019-06-28 09:34:30.000000000,100045,536,100015,636,100052,100,100014,13,100083,100,100009,100,100096,100,99995,100,100100,100,99984,300,100115,100,99983,100,100123,100,99975,100,100132,100,99966,100,100136,100,99961,100,100137,100,99955,100
2019-06-28 09:34:38.886376469,100045,536,100015,636,100052,100,100014,13,100083,100,100009,100,100096,100,99995,100,100100,100,99984,300,100115,100,99983,100,100123,100,99975,100,100132,100,99966,100,100136,100,99961,100,100137,100,99955,100
2019-06-28 09:34:40.000000000,100045,318,100015,418,100052,318,100014,231,100083,100,100009,100,100096,100,99995,100,100100,100,99984,300,100115,100,99983,100,100123,100,99975,100,100132,100,99966,100,100136,100,99961,100,100137,100,99955,100
2019-06-28 09:34:45.956464187,100045,318,100015,318,100052,318,100014,231,100083,100,100009,100,100096,100,99995,100,100100,100,99984,300,100115,100,99983,100,100123,100,99975,100,100132,100,99966,100,100136,100,99961,100,100137,100,99955,100
2019-06-28 09:34:50.000000000,100045,187,100015,187,100052,187,100014,100,100083,187,100009,187,100096,187,99995,187,100100,187,99984,387,100115,100,99983,100,100123,100,99975,100,100132,100,99966,100,100136,100,99961,100,100137,100,99955,100
2019-06-28 09:35:00.000000000,100045,318,100015,318,100052,318,100014,231,100083,100,100009,100,100096,100,99995,100,100100,100,99984,300,100115,100,99983,100,100123,100,99975,100,100132,100,99966,100,100136,100,99961,100,100137,100,99955,100
2019-06-28 09:35:09.417132077,100045,318,100015,318,100052,318,100014,231,100083,100,100009,100,100096,100,99995,100,100100,100,99984,300,100115,100,99983,100,100123,100,99975,100,100132,100,99966,100,100136,100,99961,100,100137,100,99955,100
2019-06-28 09:35:10.000000000,100045,187,100015,187,100052,187,100014,100,100083,187,100009,187,100096,187,99995,187,100100,187,99984,387,100115,100,99983,100,100123,100,99975,100,100132,100,99966,100,100136,100,99961,100,100137,100,99955,100
2019-06-28 09:35:20.000000000,100045,318,100015,318,100052,318,100014,231,100083,100,100009,100,100096,100,99995,100,100100,100,99984,300,100115,100,99983,100,100123,100,99975,100,100132,100,99966,100,100136,100,99961,100,100137,100,99955,100
2019-06-28 09:35:25.533038148,100045,318,100015,318,100052,318,100014,231,100083,100,100009,100,100096,100,99995,100,100100,100,99984,300,100115,100,99983,100,100123,100,99966,100,100132,100,99961,100,100136,100,99955,100,100137,100,99944,100
2019-06-28 09:35:30.000000000,100045,187,100015,187,100052,187,100014,100,100083,187,100009,187,100096,187,99995,187,100100,187,99984,387,100115,100,99983,100,100123,100,99966,100,100132,100,99961,100,100136,100,99955,100,100137,100,99944,100
2019-06-28 09:35:40.000000000,100045,318,100015,318,100052,318,100014,231,100083,100,100009,100,100096,100,99995,100,100100,100,99984,300,100115,100,99983,100,100123,100,99966,100,100132,100,99961,100,100136,100,99955,100,100137,100,99944,100
2019-06-28 09:35:50.000000000,100045,318,100015,318,100052,318,100014,231,100083,100,100009,100,100096,100,99995,100,100100,100,99984,300,100115,100,99983,100,100123,100,99966,100,100132,100,99961,100,100136,100,99955,100,100137,100,99944,100
2019-06-28 09:35:58.124590775,100044,100,100015,318,100045,318,100014,231,100052,318,100009,100,100083,100,99995,100,100096,100,99984,300,100100,100,99983,100,100115,100,99966,100,100123,100,99961,100,100132,100,99955,100,100136,100,99944,100
2019-06-28 09:36:00.000000000,100044,536,100015,536,100045,100,100014,13,100052,100,100009,100,100083,100,99995,100,100096,100,99984,300,100100,100,99983,100,100115,100,99966,100,100123,100,99961,100,100132,100,99955,100,100136,100,99944,100
2019-06-28 09:36:09.601740248,100044,536,100015,536,100045,100,100014,13,100052,100,100009,100,100083,100,99995,100,100096,100,99984,300,100100,100,99983,100,100123,100,99966,100,100132,100,99961,100,100136,100,99955,100,100137,100,99944,100
2019-06-28 09:36:10.000000000,100044,536,100015,536,100045,100,100014,13,100052,100,100009,100,100083,100,99995,100,100096,100,99984,300,100100,100,99983,100,100123,100,99966,100,100132,100,99961,100,100136,100,99955,100,100137,100,99944,100
2019-06-28 09:36:20.000000000,100044,536,100015,536,100045,100,100014,13,100052,100,100009,100,100083,100,99995,100,100096,100,99984,300,100100,100,99983,100,100123,100,99966,100,100132,100,99961,100,100136,100,99955,100,100137,100,99944,100
2019-06-28 09:36:23.742234331,100044,536,100015,536,100045,100,100014,13,100052,100,100009,100,100083,100,99995,100,100096,100,99984,300,100100,100,99983,100,100123,100,99966,100,100132,100,99961,100,100136,100,99955,100,100137,100,99944,100
2019-06-28 09:36:30.000000000,100044,209,100015,209,100045,209,100014,122,100052,209,100009,209,100083,209,99995,209,100096,100,99984,300,100100,100,99983,100,100123,100,99966,100,100132,100,99961,100,100136,100,99955,100,100137,100,99944,100
2019-06-28 09:36:40.000000000,100044,318,100015,318,100045,318,100014,231,100052,100,100009,100,100083,100,99995,100,100096,100,99984,300,100100,100,99983,100,100123,100,99966,100,100132,100,99961,100,100136,100,99955,100,100137,100,99944,100
2019-06-28 09:36:50.000000000,100044,318,100015,318,100045,318,100014,231,100052,100,100009,100,100083,100,99995,100,100096,100,99984,300,100100,100,99983,100,100123,100,99966,100,100132,100,99961,100,100136,100,99955,100,100137,100,99944,100
2019-06-28 09:36:58.235554902,100044,318,100015,318,100045,318,100014,231,100052,100,100009,100,100083,100,99995,100,100096,100,99984,300,100100,100,99983,100,100123,100,99966,100,100132,100,99961,100,100136,100,99955,100,100137,100,99944,100
2019-06-28 09:37:00.000000000,100044,187,100015,187,100045,187,100014,100,100052,187,100009,187,100083,187,99995,187,100096,187,99984,387,100100,100,99983,100,100123,100,99966,100,100132,100,99961,100,100136,100,99955,100,100137,100,99944,100
2019-06-28 09:37:10.000000000,100044,209,100015,209,100045,209,100014,122,100052,209,100009,209,100083,209,99995,209,100096,100,99984,300,100100,100,99983,100,100123,100,99966,100,100132,100,99961,100,100136,100,99955,100,100137,100,99944,100
2019-06-28 09:37:20.000000000,100044,187,100015,187,100045,187,100014,100,100052,187,100009,187,100083,187,99995,187,100096,187,99984,387,100100,100,99983,100,100123,100,99966,100,100132,100,99961,100,100136,100,99955,100,100137,100,99944,100
2019-06-28 09:37:30.000000000,100044,187,100015,187,100045,187,100014,100,100052,187,100009,187,100083,187,99995,187,100096,187,99984,387,100100,100,99983,100,100123,100,99966,100,100132,100,99961,100,100136,100,99955,100,100137,100,99944,100
2019-06-28 09:37:32.746583189,100044,187,100015,87,100045,187,100014,100,100052,187,100009,187,100083,187,99995,187,100096,187,99984,387,100100,100,99983,100,100123,100,99966,100,100132,100,99961,100,100136,100,99955,100,100137,100,99944,100
2019-06-28 09:37:40.000000000,100044,536,100014,449,100045,100,100009,100,100052,100,99995,100,100083,100,99984,300,100096,100,99983,100,100100,100,99966,100,100123,100,99961,100,100132,100,99955,100,100136,100,99944,100,100137,100,99938,100
2019-06-28 09:37:41.780874623,100015,100,100014,449,100044,536,100009,100,100045,100,99995,100,100052,100,99984,300,100083,100,99983,100,100096,100,99966,100,100100,100,99961,100,100123,100,99955,100,100132,100,99944,100,100136,100,99938,100
2019-06-28 09:37:46.650190065,100015,200,100014,449,100044,436,100009,100,100045,100,99995,100,100052,100,99984,300,100083,100,99983,100,100096,100,99966,100,100100,100,99961,100,100123,100,99955,100,100132,100,99944,100,100136,100,99938,100
2019-06-28 09:37:50.000000000,100015,636,100014,449,100045,100,100009,100,100052,100,99995,100,100083,100,99984,300,100096,100,99983,100,100100,100,99966,100,100123,100,99961,100,100132,100,99955,100,100136,100,99944,100,100137,100,99938,100
2019-06-28 09:37:52.450553044,100015,636,100014,349,100045,100,100009,100,100052,100,99995,100,100083,100,99984,300,100096,100,99983,100,100100,100,99966,100,100123,100,99961,100,100132,100,99955,100,100136,100,99944,100,100137,100,99938,100
2019-06-28 09:38:00.000000000,100015,636,100009,536,100045,100,99995,100,100052,100,99984,300,100083,100,99983,100,100096,100,99966,100,100100,100,99961,100,100123,100,99955,100,100132,100,99944,100,100136,100,99938,100,100137,100,99933,100
2019-06-28 09:38:08.073205584,100015,636,100009,436,100045,100,99995,100,100052,100,99984,300,100083,100,99983,100,100096,100,99966,100,100100,100,99961,100,100132,100,99955,100,100136,100,99944,100,100137,100,99938,100,100138,100,99933,100
2019-06-28 09:38:09.853029678,100015,636,100009,436,100045,100,99995,100,100052,100,99984,300,100083,100,99983,100,100096,100,99966,100,100100,100,99961,100,100132,100,99955,100,100136,100,99944,100,100138,100,99938,100,100164,100,99933,100
2019-06-28 09:38:10.000000000,100015,418,99995,318,100045,318,99984,518,100052,100,99983,100,100083,100,99966,100,100096,100,99961,100,100100,100,99955,100,100132,100,99944,100,100136,100,99938,100,100138,100,99933,100,100164,100,99917,100
2019-06-28 09:38:20.000000000,100015,418,99995,318,100045,318,99984,518,100052,100,99983,100,100083,100,99966,100,100096,100,99961,100,100100,100,99955,100,100132,100,99944,100,100136,100,99938,100,100138,100,99933,100,100164,100,99917,100
2019-06-28 09:38:28.410485291,100015,318,99995,318,100045,318,99984,518,100052,100,99983,100,100083,100,99966,100,100096,100,99961,100,100100,100,99955,100,100132,100,99944,100,100136,100,99938,100,100138,100,99933,100,100164,100,99917,100
2019-06-28 09:38:30.000000000,100015,248,99995,248,100045,244,99984,444,100052,244,99983,244,100083,100,99966,100,100096,100,99961,100,100100,100,99955,100,100132,100,99944,100,100136,100,99938,100,100138,100,99933,100,100164,100,99917,100
2019-06-28 09:38:36.682262265,100015,248,99995,248,100045,244,99984,444,100052,244,99983,244,100083,100,99966,100,100096,100,99961,100,100100,100,99955,100,100132,100,99944,100,100136,100,99938,100,100138,100,99933,100,100164,100,99917,100
2019-06-28 09:38:40.000000000,100015,536,99995,536,100045,100,99984,300,100052,100,99983,100,100083,100,99966,100,100096,100,99961,100,100100,100,99955,100,100132,100,99944,100,100136,100,99938,100,100138,100,99933,100,100164,100,99917,100
2019-06-28 09:38:47.252104182,100015,536,99995,436,100045,100,99984,300,100052,100,99983,100,100083,100,99966,100,100096,100,99961,100,100100,100,99955,100,100132,100,99944,100,100136,100,99938,100,100138,100,99917,100,100164,100,99911,100
2019-06-28 09:38:49.056134982,100015,536,99995,336,100045,100,99984,300,100052,100,99983,100,100083,100,99966,100,100096,100,99961,100,100100,100,99955,100,100132,100,99944,100,100136,100,99938,100,100138,100,99917,100,100164,100,99911,100
2019-06-28 09:38:50.000000000,100015,187,99984,387,100045,187,99983,187,100052,187,99966,187,100083,187,99961,187,100096,187,99955,187,100100,100,99944,100,100132,100,99938,100,100136,100,99917,100,100138,100,99911,100,100164,100,99898,100
2019-06-28 09:38:51.452733158,100015,187,99984,287,100045,187,99983,187,100052,187,99966,187,100083,187,99961,187,100096,187,99955,187,100100,100,99944,100,100132,100,99938,100,100136,100,99917,100,100138,100,99911,100,100164,100,99898,100
2019-06-28 09:39:00.000000000,100015,536,99984,636,100045,100,99983,100,100052,100,99966,100,100083,100,99961,100,100096,100,99955,100,100100,100,99944,100,100132,100,99938,100,100136,100,99917,100,100138,100,99911,100,100164,100,99898,100
2019-06-28 09:39:09.557032968,100015,536,99984,636,100045,100,99983,100,100052,100,99966,100,100083,100,99961,100,100096,100,99955,100,100100,100,99944,100,100132,100,99938,100,100136,100,99917,100,100138,100,99911,100,100164,100,99898,100
2019-06-28 09:39:10.000000000,100015,536,99984,636,100045,100,99983,100,100052,100,99966,100,100083,100,99961,100,100096,100,99955,100,100100,100,99944,100,100132,100,99938,100,100136,100,99917,100,100138,100,99911,100,100164,100,99898,100
2019-06-28 09:39:20.000000000,100015,209,99984,309,100045,209,99983,209,100052,209,99966,209,100083,209,99961,209,100096,100,99955,100,100100,100,99944,100,100132,100,99938,100,100136,100,99917,100,100138,100,99911,100,100164,100,99898,100
2019-06-28 09:39:30.000000000,100015,187,99984,287,100045,187,99983,187,100052,187,99966,187,100083,187,99961,187,100096,187,99955,187,100100,100,99944,100,100132,100,99938,100,100136,100,99917,100,100138,100,99911,100,100164,100,99898,100
2019-06-28 09:39:40.000000000,100015,209,99984,309,100045,209,99983,209,100052,209,99966,209,100083,209,99961,209,100096,100,99955,100,100100,100,99944,100,100132,100,99938,100,100136,100,99917,100,100138,100,99911,100,100164,100,99898,100
2019-06-28 09:39:50.000000000,100015,248,99984,348,100045,244,99983,244,100052,244,99966,244,100083,100,99961,100,100096,100,99955,100,100100,100,99944,100,100132,100,99938,100,100136,100,99917,100,100138,100,99911,100,100164,100,99898,100
2019-06-28 09:39:51.872834293,99995,100,99984,348,100015,248,99983,244,100045,244,99966,244,100052,244,99961,100,100083,100,99955,100,100096,100,99944,100,100100,100,99938,100,100132,100,99917,100,100136,100,99911,100,100138,100,99898,100
2019-06-28 09:40:00.000000000,99995,187,99984,287,100015,187,99983,187,100045,187,99966,187,100052,187,99961,187,100083,187,99955,187,100096,100,99944,100,100100,100,99938,100,100132,100,99917,100,100136,100,99911,100,100138,100,99898,100
2019-06-28 09:40:10.000000000,99995,248,99984,348,100015,244,99983,244,100045,244,99966,244,100052,100,99961,100,100083,100,99955,100,100096,100,99944,100,100100,100,99938,100,100132,100,99917,100,100136,100,99911,100,100138,100,99898,100
2019-06-28 09:40:20.000000000,99995,209,99984,309,100015,209,99983,209,100045,209,99966,209,100052,209,99961,209,100083,100,99955,100,100096,100,99944,100,100100,100,99938,100,100132,100,99917,100,100136,100,99911,100,100138,100,99898,100
2019-06-28 09:40:30.000000000,99995,248,99984,348,100015,244,99983,244,100045,244,99966,244,100052,100,99961,100,100083,100,99955,100,100096,100,99944,100,100100,100,99938,100,100132,100,99917,100,100136,100,99911,100,100138,100,99898,100
2019-06-28 09:40:40.000000000,99995,536,99984,636,100015,100,99983,100,100045,100,99966,100,100052,100,99961,100,100083,100,99955,100,100096,100,99944,100,100100,100,99938,100,100132,100,99917,100,100136,100,99911,100,100138,100,99898,100
2019-06-28 09:40:50.000000000,99995,187,99984,287,100015,187,99983,187,100045,187,99966,187,100052,187,99961,187,100083,187,99955,187,100096,100,99944,100,100100,100,99938,100,100132,100,99917,100,100136,100,99911,100,100138,100,99898,100
2019-06-28 09:41:00.000000000,99995,209,99984,309,100015,209,99983,209,100045,209,99966,209,100052,209,99961,209,100083,100,99955,100,100096,100,99944,100,100100,100,99938,100,100132,100,99917,100,100136,100,99911,100,100138,100,99898,100
2019-06-28 09:41:03.387276528,99995,209,99984,309,100015,209,99983,209,100045,209,99966,209,100052,209,99961,209,100083,100,99955,100,100096,100,99944,100,100100,100,99938,100,100132,100,99917,100,100136,100,99911,100,100138,100,99898,100
2019-06-28 09:41:07.787310713,99995,209,99984,209,100015,209,99983,209,100045,209,99966,209,100052,209,99961,209,100083,100,99955,100,100096,100,99944,100,100100,100,99938,100,100132,100,99917,100,100136,100,99911,100,100138,100,99898,100
2019-06-28 09:41:10.000000000,99995,318,99984,318,100015,318,99983,318,100045,100,99966,100,100052,100,99961,100,100083,100,99955,100,100096,100,99944,100,100100,100,99938,100,100132,100,99917,100,100136,100,99911,100,100138,100,99898,100
2019-06-28 09:41:11.292329040,99995,318,99984,218,100015,318,99983,318,100045,100,99966,100,100052,100,99961,100,100083,100,99955,100,100096,100,99944,100,100100,100,99938,100,100132,100,99917,100,100136,100,99911,100,100138,100,99898,100
2019-06-28 09:41:20.000000000,99995,318,99983,318,100015,318,99966,318,100045,100,99961,100,100052,100,99955,100,100083,100,99944,100,100096,100,99938,100,100100,100,99917,100,100132,100,99911,100,100136,100,99898,100,100138,100,99885,100
2019-06-28 09:41:20.558186017,99995,318,99983,218,100015,318,99966,318,100045,100,99961,100,100052,100,99955,100,100083,100,99938,100,100096,100,99917,100,100100,100,99911,100,100132,100,99898,100,100136,100,99885,100,100138,100,99832,100
2019-06-28 09:41:30.000000000,99995,248,99966,248,100015,244,99961,244,100045,244,99955,244,100052,100,99938,100,100083,100,99917,100,100096,100,99911,100,100100,100,99898,100,100132,100,99885,100,100136,100,99832,100,100138,100,99818,100
2019-06-28 09:41:40.000000000,99995,187,99966,187,100015,187,99961,187,100045,187,99955,187,100052,187,99938,187,100083,187,99917,187,100096,100,99911,100,100100,100,99898,100,100132,100,99885,100,100136,100,99832,100,100138,100,99818,100
2019-06-28 09:41:44.519658683,99995,187,99966,87,100015,187,99961,187,100045,187,99955,187,100052,187,99938,187,100083,187,99917,187,100096,100,99911,100,100100,100,99898,100,100132,100,99885,100,100136,100,99832,100,100138,100,99818,100
2019-06-28 09:41:50.000000000,99995,318,99961,318,100015,318,99955,318,100045,100,99938,100,100052,100,99917,100,100083,100,99911,100,100096,100,99898,100,100100,100,99885,100,100132,100,99832,100,100136,100,99818,100,100138,100,99777,100
2019-06-28 09:42:00.000000000,99995,187,99961,187,100015,187,99955,187,100045,187,99938,187,100052,187,99917,187,100083,187,99911,187,100096,100,99898,100,100100,100,99885,100,100132,100,99832,100,100136,100,99818,100,100138,100,99777,100
2019-06-28 09:42:10.000000000,99995,187,99961,187,100015,187,99955,187,100045,187,99938,187,100052,187,99917,187,100083,187,99911,187,100096,100,99898,100,100100,100,99885,100,100132,100,99832,100,100136,100,99818,100,100138,100,99777,100
2019-06-28 09:42:14.248269561,99995,187,99961,87,100015,187,99955,187,100045,187,99938,187,100052,187,99917,187,100083,187,99911,187,100096,100,99898,100,100100,100,99885,100,100132,100,99832,100,100136,100,99818,100,100138,100,99777,100
2019-06-28 09:42:20.000000000,99995,318,99955,318,100015,318,99938,318,100045,100,99917,100,100052,100,99911,100,100083,100,99898,100,100096,100,99885,100,100100,100,99832,100,100132,100,99818,100,100136,100,99777,100,100138,100,99574,100
2019-06-28 09:42:30.000000000,99995,209,99955,209,100015,209,99938,209,100045,209,99917,209,100052,209,99911,209,100083,100,99898,100,100096,100,99885,100,100100,100,99832,100,100132,100,99818,100,100136,100,99777,100,100138,100,99574,100
2019-06-28 09:42:35.217266939,99995,209,99955,109,100015,209,99938,209,100045,209,99917,209,100052,209,99911,209,100083,100,99898,100,100096,100,99885,100,100100,100,99832,100,100132,100,99818,100,100136,100,99777,100,100138,100,99574,100
2019-06-28 09:42:40.000000000,99995,187,99938,187,100015,187,99917,187,100045,187,99911,187,100052,187,99898,187,100083,187,99885,187,100096,100,99832,100,100100,100,99818,100,100132,100,99777,100,100136,100,99574,100,100138,100,99524,100
2019-06-28 09:42:50.000000000,99995,536,99938,536,100015,100,99917,100,100045,100,99911,100,100052,100,99898,100,100083,100,99885,100,100096,100,99832,100,100100,100,99818,100,100132,100,99777,100,100136,100,99574,100,100138,100,99524,100
2019-06-28 09:43:00.000000000,99995,209,99938,209,100015,209,99917,209,100045,209,99911,209,100052,209,99898,209,100083,100,99885,100,100096,100,99832,100,100100,100,99818,100,100132,100,99777,100,100136,100,99574,100,100138,100,99524,100
2019-06-28 09:43:10.000000000,99995,187,99938,187,100015,187,99917,187,100045,187,99911,187,100052,187,99898,187,100083,187,99885,187,100096,100,99832,100,100100,100,99818,100,100132,100,99777,100,100136,100,99574,100,100138,100,99524,100
2019-06-28 09:43:20.000000000,99995,318,99938,318,100015,318,99917,318,100045,100,99911,100,100052,100,99898,100,100083,100,99885,100,100096,100,99832,100,100100,100,99818,100,100132,100,99777,100,100136,100,99574,100,100138,100,99524,100
2019-06-28 09:43:30.000000000,99995,536,99938,536,100015,100,99917,100,100045,100,99911,100,100052,100,99898,100,100083,100,99885,100,100096,100,99832,100,100100,100,99818,100,100132,100,99777,100,100136,100,99574,100,100138,100,99524,100
2019-06-28 09:43:39.263560707,99995,536,99938,436,100015,100,99917,100,100045,100,99911,100,100052,100,99898,100,100083,100,99885,100,100096,100,99832,100,100100,100,99818,100,100132,100,99777,100,100136,100,99574,100,100138,100,99524,100
2019-06-28 09:43:40.000000000,99995,536,99917,536,100015,100,99911,100,100045,100,99898,100,100052,100,99885,100,100083,100,99832,100,100096,100,99818,100,100100,100,99777,100,100132,100,99574,100,100136,100,99524,100,100138,100,99274,100
2019-06-28 09:43:48.276215156,99961,100,99917,536,99995,536,99911,100,100015,100,99898,100,100045,100,99885,100,100052,100,99832,100,100083,100,99818,100,100096,100,99777,100,100100,100,99574,100,100132,100,99524,100,100136,100,99274,100
2019-06-28 09:43:50.000000000,99961,536,99917,536,99995,100,99911,100,100015,100,99898,100,100045,100,99885,100,100052,100,99832,100,100083,100,99818,100,100096,100,99777,100,100100,100,99574,100,100132,100,99524,100,100136,100,99274,100
2019-06-28 09:43:57.831315900,99961,536,99917,536,99995,100,99911,100,100015,100,99898,100,100045,100,99885,100,100052,100,99832,100,100083,100,99818,100,100096,100,99777,100,100100,100,99574,100,100132,100,99524,100,100136,100,99216,100
2019-06-28 09:44:00.000000000,99961,248,99917,248,99995,244,99911,244,100015,244,99898,244,100045,100,99885,100,100052,100,99832,100,100083,100,99818,100,100096,100,99777,100,100100,100,99574,100,100132,100,99524,100,100136,100,99216,100
2019-06-28 09:44:10.000000000,99961,209,99917,209,99995,209,99911,209,100015,209,99898,209,100045,209,99885,209,100052,100,99832,100,100083,100,99818,100,100096,100,99777,100,100100,100,99574,100,100132,100,99524,100,100136,100,99216,100
2019-06-28 09:44:20.000000000,99961,318,99917,318,99995,318,99911,318,100015,100,99898,100,100045,100,99885,100,100052,100,99832,100,100083,100,99818,100,100096,100,99777,100,100100,100,99574,100,100132,100,99524,100,100136,100,99216,100
2019-06-28 09:44:26.355735353,99961,418,99917,318,99995,318,99911,318,100015,100,99898,100,100045,100,99885,100,100052,100,99832,100,100083,100,99818,100,100096,100,99777,100,100100,100,99574,100,100132,100,99524,100,100136,100,99216,100
2019-06-28 09:44:30.000000000,99961,418,99917,318,99995,318,99911,318,100015,100,99898,100,100045,100,99885,100,100052,100,99832,100,100083,100,99818,100,100096,100,99777,100,100100,100,99574,100,100132,100,99524,100,100136,100,99216,100
2019-06-28 09:44:40.000000000,99961,348,99917,248,99995,244,99911,244,100015,244,99898,244,100045,100,99885,100,100052,100,99832,100,100083,100,99818,100,100096,100,99777,100,100100,100,99574,100,100132,100,99524,100,100136,100,99216,100
2019-06-28 09:44:45.140107416,99961,348,99917,248,99995,244,99911,244,100015,244,99898,244,100045,100,99885,100,100052,100,99832,100,100083,100,99818,100,100096,100,99777,100,100100,100,99630,100,100132,100,99574,100,100136,100,99524,100
2019-06-28 09:44:50.000000000,99961,348,99917,248,99995,244,99911,244,100015,244,99898,244,100045,100,99885,100,100052,100,99832,100,100083,100,99818,100,100096,100,99777,100,100100,100,99630,100,100132,100,99574,100,100136,100,99524,100
2019-06-28 09:44:51.369113602,99961,348,99917,248,99995,244,99911,244,100015,244,99898,244,100045,100,99832,100,100052,100,99818,100,100083,100,99777,100,100096,100,99630,100,100100,100,99574,100,100132,100,99542,100,100136,100,99524,100
2019-06-28 09:44:52.659576290,99961,348,99917,148,99995,244,99911,244,100015,244,99898,244,100045,100,99832,100,100052,100,99818,100,100083,100,99777,100,100096,100,99630,100,100100,100,99574,100,100132,100,99542,100,100136,100,99524,100
2019-06-28 09:44:58.754411963,99955,100,99917,148,99961,348,99911,144,99995,244,99898,244,100015,244,99832,100,100045,100,99818,100,100052,100,99777,100,100083,100,99630,100,100096,100,99574,100,100100,100,99542,100,100132,100,99524,100
2019-06-28 09:45:00.000000000,99955,536,99898,536,99961,200,99832,100,99995,100,99818,100,100015,100,99777,100,100045,100,99630,100,100052,100,99574,100,100083,100,99542,100,100096,100,99524,100,100100,100,99216,100,100132,100,99141,100
2019-06-28 09:45:05.999991745,99955,536,99898,436,99961,200,99832,100,99995,100,99818,100,100015,100,99777,100,100045,100,99630,100,100052,100,99574,100,100083,100,99542,100,100096,100,99524,100,100100,100,99216,100,100132,100,99141,100
2019-06-28 09:45:10.000000000,99955,187,99832,187,99961,287,99818,187,99995,187,99777,187,100015,187,99630,187,100045,187,99574,187,100052,100,99542,100,100083,100,99524,100,100096,100,99216,100,100100,100,99141,100,100132,100,99021,100
2019-06-28 09:45:20.000000000,99955,209,99832,209,99961,309,99818,209,99995,209,99777,209,100015,209,99630,209,100045,100,99574,100,100052,100,99542,100,100083,100,99524,100,100096,100,99216,100,100100,100,99141,100,100132,100,99021,100
2019-06-28 09:45:30.000000000,99955,318,99832,318,99961,418,99818,318,99995,100,99777,100,100015,100,99630,100,100045,100,99574,100,100052,100,99542,100,100083,100,99524,100,100096,100,99216,100,100100,100,99141,100,100132,100,99021,100
2019-06-28 09:45:40.000000000,99955,248,99832,248,99961,344,99818,244,99995,244,99777,244,100015,100,99630,100,100045,100,99574,100,100052,100,99542,100,100083,100,99524,100,100096,100,99216,100,100100,100,99141,100,100132,100,99021,100
2019-06-28 09:45:50.000000000,99955,209,99832,209,99961,309,99818,209,99995,209,99777,209,100015,209,99630,209,100045,100,99574,100,100052,100,99542,100,100083,100,99524,100,100096,100,99216,100,100100,100,99141,100,100132,100,99021,100
2019-06-28 09:45:51.264684821,99938,100,99832,209,99955,209,99818,209,99961,309,99777,209,99995,209,99630,209,100015,209,99574,100,100045,100,99542,100,100052,100,99524,100,100083,100,99216,100,100096,100,99141,100,100100,100,99021,100
2019-06-28 09:46:00.000000000,99938,209,99832,209,99955,209,99818,209,99961,309,99777,209,99995,209,99630,209,100015,100,99574,100,100045,100,99542,100,100052,100,99524,100,100083,100,99216,100,100096,100,99141,100,100100,100,99021,100
2019-06-28 09:46:06.241448970,99938,209,99832,209,99955,209,99818,209,99961,209,99777,209,99995,209,99630,209,100015,100,99574,100,100045,100,99542,100,100052,100,99524,100,100083,100,99216,100,100096,100,99141,100,100100,100,99021,100
2019-06-28 09:46:07.060920249,99938,209,99832,109,99955,209,99818,209,99961,209,99777,209,99995,209,99630,209,100015,100,99574,100,100045,100,99542,100,100052,100,99524,100,100083,100,99216,100,100096,100,99141,100,100100,100,99021,100
2019-06-28 09:46:09.835138628,99898,100,99832,109,99938,209,99818,209,99955,209,99777,209,99961,209,99630,209,99995,209,99574,100,100015,100,99542,100,100045,100,99524,100,100052,100,99216,100,100083,100,99141,100,100096,100,99021,100
2019-06-28 09:46:10.000000000,99898,187,99818,187,99938,187,99777,187,99955,187,99630,187,99961,187,99574,187,99995,187,99542,187,100015,100,99524,100,100045,100,99216,100,100052,100,99141,100,100083,100,99021,100,100096,100,98555,100
2019-06-28 09:46:20.000000000,99898,248,99818,248,99938,244,99777,244,99955,244,99630,244,99961,100,99574,100,99995,100,99542,100,100015,100,99524,100,100045,100,99216,100,100052,100,99141,100,100083,100,99021,100,100096,100,98555,100
2019-06-28 09:46:30.000000000,99898,248,99818,248,99938,244,99777,244,99955,244,99630,244,99961,100,99574,100,99995,100,99542,100,100015,100,99524,100,100045,100,99216,100,100052,100,99141,100,100083,100,99021,100,100096,100,98555,100
2019-06-28 09:46:40.000000000,99898,248,99818,248,99938,244,99777,244,99955,244,99630,244,99961,100,99574,100,99995,100,99542,100,100015,100,99524,100,100045,100,99216,100,100052,100,99141,100,100083,100,99021,100,100096,100,98555,100
2019-06-28 09:46:45.396309968,99898,148,99818,248,99938,244,99777,244,99955,244,99630,244,99961,100,99574,100,99995,100,99542,100,100015,100,99524,100,100045,100,99216,100,100052,100,99141,100,100083,100,99021,100,100096,100,98555,100
2019-06-28 09:46:50.000000000,99938,536,99818,536,99955,100,99777,100,99961,100,99630,100,99995,100,99574,100,100015,100,99542,100,100045,100,99524,100,100052,100,99216,100,100083,100,99141,100,100096,100,99021,100,100100,100,98555,100
2019-06-28 09:47:00.000000000,99938,187,99818,187,99955,187,99777,187,99961,187,99630,187,99995,187,99574,187,100015,187,99542,187,100045,100,99524,100,100052,100,99216,100,100083,100,99141,100,100096,100,99021,100,100100,100,98555,100
2019-06-28 09:47:02.046220813,99938,87,99818,187,99955,187,99777,187,99961,187,99630,187,99995,187,99574,187,100015,187,99542,187,100045,100,99524,100,100052,100,99216,100,100083,100,99141,100,100096,100,99021,100,100100,100,98555,100
2019-06-28 09:47:04.246023166,99955,187,99938,13,99961,187,99818,187,99995,187,99777,187,100015,187,99630,187,100045,100,99574,187,100052,100,99542,187,100083,100,99524,100,100096,100,99216,100,100100,100,99141,100,100132,100,99021,100
2019-06-28 09:47:10.000000000,99955,209,99938,122,99961,209,99818,209,99995,209,99777,209,100015,209,99630,209,100045,100,99574,100,100052,100,99542,100,100083,100,99524,100,100096,100,99216,100,100100,100,99141,100,100132,100,99021,100
2019-06-28 09:47:12.296365266,99955,209,99938,122,99961,109,99818,209,99995,209,99777,209,100015,209,99630,209,100045,100,99574,100,100052,100,99542,100,100083,100,99524,100,100096,100,99216,100,100100,100,99141,100,100132,100,99021,100
2019-06-28 09:47:20.000000000,99955,187,99938,100,99995,187,99818,187,100015,187,99777,187,100045,187,99630,187,100052,187,99574,187,100083,100,99542,100,100096,100,99524,100,100100,100,99216,100,100132,100,99141,100,100136,100,99021,100
2019-06-28 09:47:30.000000000,99955,536,99938,449,99995,100,99818,100,100015,100,99777,100,100045,100,99630,100,100052,100,99574,100,100083,100,99542,100,100096,100,99524,100,100100,100,99216,100,100132,100,99141,100,100136,100,99021,100
2019-06-28 09:47:36.032409847,99955,536,99938,449,99995,100,99818,100,100015,100,99777,100,100045,100,99630,100,100052,100,99574,100,100083,100,99542,100,100096,100,99524,100,100100,100,99216,100,100132,100,99141,100,100136,100,99021,100
2019-06-28 09:47:40.000000000,99955,187,99938,100,99995,187,99818,187,100015,187,99777,187,100045,187,99630,187,100052,187,99574,187,100083,100,99542,100,100096,100,99524,100,100100,100,99216,100,100132,100,99141,100,100136,100,99021,100
2019-06-28 09:47:50.000000000,99955,318,99938,231,99995,318,99818,318,100015,100,99777,100,100045,100,99630,100,100052,100,99574,100,100083,100,99542,100,100096,100,99524,100,100100,100,99216,100,100132,100,99141,100,100136,100,99021,100
2019-06-28 09:47:56.872224421,99955,218,99938,231,99995,318,99818,318,100015,100,99777,100,100045,100,99630,100,100052,100,99574,100,100083,100,99542,100,100096,100,99524,100,100100,100,99216,100,100132,100,99141,100,100136,100,99021,100
2019-06-28 09:48:00.000000000,99995,209,99938,122,100015,209,99818,209,100045,209,99777,209,100052,209,99630,209,100083,100,99574,100,100096,100,99542,100,100100,100,99524,100,100132,100,99216,100,100136,100,99141,100,100138,100,99021,100
2019-06-28 09:48:10.000000000,99995,318,99938,231,100015,318,99818,318,100045,100,99777,100,100052,100,99630,100,100083,100,99574,100,100096,100,99542,100,100100,100,99524,100,100132,100,99216,100,100136,100,99141,100,100138,100,99021,100
2019-06-28 09:48:10.428376756,99995,218,99938,231,100015,318,99818,318,100045,100,99777,100,100052,100,99630,100,100083,100,99574,100,100096,100,99542,100,100100,100,99524,100,100132,100,99216,100,100136,100,99141,100,100138,100,99021,100
2019-06-28 09:48:20.000000000,100015,536,99938,449,100045,100,99818,100,100052,100,99777,100,100083,100,99630,100,100096,100,99574,100,100100,100,99542,100,100132,100,99524,100,100136,100,99216,100,100138,100,99141,100,100164,100,99021,100
2019-06-28 09:48:30.000000000,100015,209,99938,122,100045,209,99818,209,100052,209,99777,209,100083,209,99630,209,100096,100,99574,100,100100,100,99542,100,100132,100,99524,100,100136,100,99216,100,100138,100,99141,100,100164,100,99021,100
2019-06-28 09:48:30.224946117,100015,109,99938,122,100045,209,99818,209,100052,209,99777,209,100083,209,99630,209,100096,100,99574,100,100100,100,99542,100,100132,100,99524,100,100136,100,99216,100,100138,100,99141,100,100164,100,99021,100
2019-06-28 09:48:40.000000000,100045,536,99938,449,100052,100,99818,100,100083,100,99777,100,100096,100,99630,100,100100,100,99574,100,100132,100,99542,100,100136,100,99524,100,100138,100,99216,100,100164,100,99141,100,100169,100,99021,100
2019-06-28 09:48:41.627161560,100045,436,99938,449,100052,100,99818,100,100083,100,99777,100,100096,100,99630,100,100100,100,99574,100,100132,100,99542,100,100136,100,99524,100,100138,100,99216,100,100164,100,99141,100,100169,100,99021,100
2019-06-28 09:48:50.000000000,100052,187,99938,100,100083,187,99818,187,100096,187,99777,187,100100,187,99630,187,100132,187,99574,187,100136,100,99542,100,100138,100,99524,100,100164,100,99216,100,100169,100,99141,100,100194,100,99021,100
2019-06-28 09:48:59.655220354,100052,87,99938,100,100083,187,99818,187,100096,187,99777,187,100100,187,99630,187,100132,187,99574,187,100136,100,99542,100,100138,100,99524,100,100164,100,99216,100,100169,100,99141,100,100194,100,99021,100
2019-06-28 09:49:00.000000000,100083,209,99938,122,100096,209,99818,209,100100,209,99777,209,100132,209,99630,209,100136,100,99574,100,100138,100,99542,100,100164,100,99524,100,100169,100,99216,100,100194,100,99141,100,100982,100,99021,100
2019-06-28 09:49:03.971592723,100083,109,99938,122,100096,209,99818,209,100100,209,99777,209,100132,209,99630,209,100136,100,99574,100,100138,100,99542,100,100164,100,99524,100,100169,100,99216,100,100194,100,99141,100,100982,100,99021,100
2019-06-28 09:49:10.000000000,100096,187,99938,100,100100,187,99818,187,100132,187,99777,187,100136,187,99630,187,100138,187,99574,187,100164,100,99542,100,100169,100,99524,100,100194,100,99216,100,100982,100,99141,100,,,99021,100
2019-06-28 09:49:14.916006740,100096,87,99938,100,100100,187,99818,187,100132,187,99777,187,100136,187,99630,187,100138,187,99574,187,100164,100,99542,100,100169,100,99524,100,100194,100,99216,100,100982,100,99141,100,,,99021,100
2019-06-28 09:49:15.220390290,100096,87,99938,100,100100,187,99818,187,100132,187,99777,187,100136,187,99630,187,100138,187,99574,187,100164,100,99542,100,100169,100,99524,100,100194,100,99216,100,100454,100,99141,100,100982,100,99021,100
2019-06-28 09:49:20.000000000,100100,248,99938,161,100132,244,99818,244,100136,244,99777,244,100138,100,99630,100,100164,100,99574,100,100169,100,99542,100,100194,100,99524,100,100454,100,99216,100,100982,100,99141,100,,,99021,100
2019-06-28 09:49:29.536839001,100100,148,99938,161,100132,244,99818,244,100136,244,99777,244,100138,100,99630,100,100164,100,99574,100,100169,100,99542,100,100194,100,99524,100,100454,100,99216,100,100982,100,99141,100,,,99021,100
2019-06-28 09:49:29.799749393,100100,148,99938,161,100132,244,99818,244,100136,244,99777,244,100164,100,99630,100,100169,100,99574,100,100194,100,99542,100,100454,100,99524,100,100742,100,99216,100,100982,100,99141,100,,,99021,100
2019-06-28 09:49:30.000000000,100132,536,99938,449,100136,100,99818,100,100164,100,99777,100,100169,100,99630,100,100194,100,99574,100,100454,100,99542,100,100742,100,99524,100,100982,100,99216,100,,,99141,100,,,99021,100
2019-06-28 09:49:31.930981414,100132,536,99938,449,100136,100,99818,100,100164,100,99777,100,100169,100,99630,100,100194,100,99574,100,100454,100,99542,100,100646,100,99524,100,100742,100,99216,100,100982,100,99141,100,,,99021,100
2019-06-28 09:49:38.860503446,100132,436,99938,449,100136,100,99818,100,100164,100,99777,100,100169,100,99630,100,100194,100,99574,100,100454,100,99542,100,100646,100,99524,100,100742,100,99216,100,100982,100,99141,100,,,99021,100
2019-06-28 09:49:40.000000000,100136,187,99938,100,100164,187,99818,187,100169,187,99777,187,100194,187,99630,187,100454,187,99574,187,100646,100,99542,100,100742,100,99524,100,100982,100,99216,100,,,99141,100,,,99021,100
2019-06-28 09:49:50.000000000,100136,187,99938,100,100164,187,99818,187,100169,187,99777,187,100194,187,99630,187,100454,187,99574,187,100646,100,99542,100,100742,100,99524,100,100982,100,99216,100,,,99141,100,,,99021,100
2019-06-28 09:49:55.431746240,100136,187,99938,100,100164,187,99818,187,100169,187,99777,187,100194,187,99630,187,100454,187,99574,187,100646,100,99542,100,100677,100,99524,100,100742,100,99216,100,100982,100,99141,100,,,99021,100
2019-06-28 09:49:57.503421351,100136,187,99938,100,100164,187,99818,187,100169,187,99777,187,100194,187,99630,187,100454,187,99574,187,100646,100,99542,100,100677,100,99524,100,100742,100,99216,100,100982,100,99141,100,101112,100,99021,100
2019-06-28 09:50:00.000000000,100136,187,99938,100,100164,187,99818,187,100169,187,99777,187,100194,187,99630,187,100454,187,99574,187,100646,100,99542,100,100677,100,99524,100,100742,100,99216,100,100982,100,99141,100,101112,100,99021,100
2019-06-28 09:50:03.348663277,100136,87,99938,100,100164,187,99818,187,100169,187,99777,187,100194,187,99630,187,100454,187,99574,187,100646,100,99542,100,100677,100,99524,100,100742,100,99216,100,100813,100,99141,100,100982,100,99021,100
2019-06-28 09:50:10.000000000,100164,187,99938,100,100169,187,99818,187,100194,187,99777,187,100454,187,99630,187,100646,187,99574,187,100677,100,99542,100,100742,100,99524,100,100813,100,99216,100,100982,100,99141,100,101112,100,99021,100
2019-06-28 09:50:15.691652239,100164,87,99938,100,100169,187,99818,187,100194,187,99777,187,100454,187,99630,187,100646,187,99574,187,100677,100,99542,100,100742,100,99524,100,100813,100,99216,100,100982,100,99141,100,,,99021,100
2019-06-28 09:50:20.000000000,100169,187,99938,100,100194,187,99818,187,100454,187,99777,187,100646,187,99630,187,100677,187,99574,187,100742,100,99542,100,100813,100,99524,100,100982,100,99216,100,,,99141,100,,,99021,100
2019-06-28 09:50:25.498773156,100169,87,99938,100,100194,187,99818,187,100454,187,99777,187,100646,187,99630,187,100677,187,99574,187,100742,100,99542,100,100982,100,99524,100,,,99216,100,,,99141,100,,,99021,100
2019-06-28 09:50:29.641939693,100169,87,99938,100,100194,187,99818,187,100454,187,99777,187,100646,187,99630,187,100677,187,99574,187,100742,100,99542,100,100875,100,99524,100,100982,100,99216,100,,,99141,100,,,99021,100
2019-06-28 09:50:30.000000000,100194,187,99938,100,100454,187,99818,187,100646,187,99777,187,100677,187,99630,187,100742,187,99574,187,100875,100,99542,100,100982,100,99524,100,,,99216,100,,,99141,100,,,99021,100
2019-06-28 09:50:40.000000000,100194,209,99938,122,100454,209,99818,209,100646,209,99777,209,100677,209,99630,209,100742,100,99574,100,100875,100,99542,100,100982,100,99524,100,,,99216,100,,,99141,100,,,99021,100
2019-06-28 09:50:50.000000000,100194,187,99938,100,100454,187,99818,187,100646,187,99777,187,100677,187,99630,187,100742,187,99574,187,100875,100,99542,100,100982,100,99524,100,,,99216,100,,,99141,100,,,99021,100
2019-06-28 09:51:00.000000000,100194,536,99938,449,100454,100,99818,100,100646,100,99777,100,100677,100,99630,100,100742,100,99574,100,100875,100,99542,100,100982,100,99524,100,,,99216,100,,,99141,100,,,99021,100
2019-06-28 09:51:02.588743457,100194,536,100136,100,100454,100,99938,449,100646,100,99818,100,100677,100,99777,100,100742,100,99630,100,100875,100,99574,100,100982,100,99542,100,,,99524,100,,,99216,100,,,99141,100
2019-06-28 09:51:10.000000000,100194,536,100136,536,100454,100,99938,13,100646,100,99818,100,100677,100,99777,100,100742,100,99630,100,100875,100,99574,100,100982,100,99542,100,,,99524,100,,,99216,100,,,99141,100
2019-06-28 09:51:17.285513801,100194,436,100136,536,100454,100,99938,13,100646,100,99818,100,100677,100,99777,100,100742,100,99630,100,100875,100,99574,100,100982,100,99524,100,,,99216,100,,,99141,100,,,99021,100
2019-06-28 09:51:20.000000000,100454,248,100136,248,100646,244,99938,157,100677,244,99818,244,100742,100,99777,100,100875,100,99630,100,100982,100,99574,100,,,99524,100,,,99216,100,,,99141,100,,,99021,100
2019-06-28 09:51:30.000000000,100454,318,100136,318,100646,318,99938,231,100677,100,99818,100,100742,100,99777,100,100875,100,99630,100,100982,100,99574,100,,,99524,100,,,99216,100,,,99141,100,,,99021,100
2019-06-28 09:51:36.508110747,100292,100,100136,318,100454,318,99938,231,100646,318,99818,100,100677,100,99777,100,100742,100,99630,100,100875,100,99574,100,100982,100,99524,100,,,99141,100,,,99021,100,,,98555,100
2019-06-28 09:51:40.000000000,100292,318,100136,318,100454,318,99938,231,100646,100,99818,100,100677,100,99777,100,100742,100,99630,100,100875,100,99574,100,100982,100,99524,100,,,99141,100,,,99021,100,,,98555,100
2019-06-28 09:51:45.357729565,100292,318,100169,100,100454,318,100136,318,100646,100,99938,231,100677,100,99818,100,100742,100,99777,100,100875,100,99630,100,100982,100,99574,100,,,99524,100,,,99141,100,,,99021,100
2019-06-28 09:51:50.000000000,100292,209,100169,209,100454,209,100136,209,100646,209,99938,122,100677,209,99818,209,100742,100,99777,100,100875,100,99630,100,100982,100,99574,100,,,99524,100,,,99141,100,,,99021,100
2019-06-28 09:51:59.159314082,100292,209,100222,100,100454,209,100169,209,100646,209,100136,209,100677,209,99938,122,100875,100,99818,209,100982,100,99777,100,,,99630,100,,,99574,100,,,99524,100,,,99141,100
2019-06-28 09:52:00.000000000,100292,209,100222,209,100454,209,100169,209,100646,209,100136,209,100677,209,99938,122,100875,100,99818,100,100982,100,99777,100,,,99630,100,,,99574,100,,,99524,100,,,99141,100
2019-06-28 09:52:10.000000000,100292,209,100222,209,100454,209,100169,209,100646,209,100136,209,100677,209,99938,122,100875,100,99818,100,100982,100,99777,100,,,99630,100,,,99574,100,,,99524,100,,,99141,100
2019-06-28 09:52:20.000000000,100292,187,100222,187,100454,187,100169,187,100646,187,100136,187,100677,187,99938,100,100875,187,99818,187,100982,100,99777,100,,,99630,100,,,99574,100,,,99524,100,,,99141,100
2019-06-28 09:52:30.000000000,100292,318,100222,318,100454,318,100169,318,100646,100,100136,100,100677,100,99938,13,100875,100,99818,100,100982,100,99777,100,,,99630,100,,,99574,100,,,99524,100,,,99141,100
2019-06-28 09:52:40.000000000,100292,318,100222,318,100454,318,100169,318,100646,100,100136,100,100677,100,99938,13,100875,100,99818,100,100982,100,99777,100,,,99630,100,,,99574,100,,,99524,100,,,99141,100
2019-06-28 09:52:47.912442160,100292,318,100222,318,100454,318,100169,418,100646,100,100136,100,100677,100,99938,13,100875,100,99818,100,100982,100,99777,100,,,99630,100,,,99574,100,,,99524,100,,,99141,100
2019-06-28 09:52:50.000000000,100292,536,100222,536,100454,100,100169,200,100646,100,100136,100,100677,100,99938,13,100875,100,99818,100,100982,100,99777,100,,,99630,100,,,99574,100,,,99524,100,,,99141,100
2019-06-28 09:52:50.386825872,100292,436,100222,536,100454,100,100169,200,100646,100,100136,100,100875,100,99938,13,100982,100,99818,100,,,99777,100,,,99630,100,,,99574,100,,,99524,100,,,99141,100
2019-06-28 09:53:00.000000000,100454,209,100222,209,100646,209,100169,309,100875,209,100136,209,100982,209,99938,122,,,99818,100,,,99777,100,,,99630,100,,,99574,100,,,99524,100,,,99141,100
2019-06-28 09:53:10.000000000,100454,248,100222,248,100646,244,100169,344,100875,244,100136,244,100982,100,99938,13,,,99818,100,,,99777,100,,,99630,100,,,99574,100,,,99524,100,,,99141,100
2019-06-28 09:53:20.000000000,100454,536,100222,536,100646,100,100169,200,100875,100,100136,100,100982,100,99938,13,,,99818,100,,,99777,100,,,99630,100,,,99574,100,,,99524,100,,,99141,100
2019-06-28 09:53:24.811263429,100454,536,100222,536,100646,100,100169,200,100875,100,100136,100,100982,100,99986,100,,,99938,13,,,99818,100,,,99630,100,,,99574,100,,,99524,100,,,99141,100
2019-06-28 09:53:30.000000000,100454,187,100222,187,100646,187,100169,287,100875,187,100136,187,100982,187,99986,187,100983,87,99938,100,,,99818,100,,,99630,100,,,99574,100,,,99524,100,,,99141,100
2019-06-28 09:53:38.906385024,100454,187,100315,100,100646,187,100222,187,100875,187,100169,287,100982,187,100136,187,100983,87,99986,187,,,99938,100,,,99818,100,,,99630,100,,,99574,100,,,99524,100
2019-06-28 09:53:40.000000000,100454,248,100315,248,100646,244,100222,244,100875,244,100169,344,100982,100,100136,100,,,99986,100,,,99938,13,,,99818,100,,,99630,100,,,99574,100,,,99524,100
2019-06-28 09:53:42.072227729,100454,148,100315,248,100646,244,100222,244,100875,244,100169,344,100982,100,100136,100,,,99986,100,,,99938,13,,,99818,100,,,99630,100,,,99574,100,,,99524,100
2019-06-28 09:53:50.000000000,100646,318,100315,318,100875,318,100222,318,100982,100,100169,200,,,100136,100,,,99986,100,,,99938,13,,,99818,100,,,99630,100,,,99574,100,,,99524,100
2019-06-28 09:53:55.451069793,100646,318,100315,318,100875,318,100222,318,100982,100,100169,200,,,100136,100,,,100077,100,,,99986,100,,,99938,13,,,99818,100,,,99630,100,,,99574,100
2019-06-28 09:54:00.000000000,100646,318,100315,318,100875,318,100222,318,100982,100,100169,200,,,100136,100,,,100077,100,,,99986,100,,,99938,13,,,99818,100,,,99630,100,,,99574,100
2019-06-28 09:54:10.000000000,100646,318,100315,318,100875,318,100222,318,100982,100,100169,200,,,100136,100,,,100077,100,,,99986,100,,,99938,13,,,99818,100,,,99630,100,,,99574,100
2019-06-28 09:54:11.913028328,100646,318,100315,218,100875,318,100222,318,100982,100,100169,200,,,100136,100,,,100077,100,,,99986,100,,,99938,13,,,99818,100,,,99630,100,,,99574,100
2019-06-28 09:54:12.793121123,100646,318,100315,218,100875,318,100222,318,100982,100,100169,200,,,100136,100,,,100077,100,,,99986,100,,,99955,100,,,99938,13,,,99818,100,,,99630,100
2019-06-28 09:54:20.000000000,100646,209,100222,209,100875,209,100169,309,100982,209,100136,209,100983,109,100077,209,,,99986,100,,,99955,100,,,99938,13,,,99818,100,,,99630,100,,,99574,100
2019-06-28 09:54:28.282447639,100232,100,100222,209,100646,209,100169,309,100875,209,100136,209,100982,209,100077,209,100983,109,99986,100,,,99955,100,,,99938,13,,,99818,100,,,99630,100,,,99574,100
2019-06-28 09:54:30.000000000,100232,248,100222,248,100646,244,100169,344,100875,244,100136,244,100982,100,100077,100,,,99986,100,,,99955,100,,,99938,13,,,99818,100,,,99630,100,,,99574,100
2019-06-28 09:54:32.490652413,100232,248,100222,248,100445,100,100169,344,100646,244,100136,244,100875,244,100077,100,100982,100,99986,100,,,99955,100,,,99938,13,,,99818,100,,,99630,100,,,99574,100
2019-06-28 09:54:40.000000000,100232,187,100222,187,100445,187,100169,287,100646,187,100136,187,100875,187,100077,187,100982,187,99986,187,,,99955,100,,,99938,13,,,99818,100,,,99630,100,,,99574,100
2019-06-28 09:54:50.000000000,100232,318,100222,318,100445,318,100169,418,100646,100,100136,100,100875,100,100077,100,100982,100,99986,100,,,99955,100,,,99938,13,,,99818,100,,,99630,100,,,99574,100
2019-06-28 09:54:51.003814550,100232,218,100222,318,100445,318,100169,418,100646,100,100136,100,100875,100,100077,100,100982,100,99986,100,,,99955,100,,,99938,13,,,99818,100,,,99630,100,,,99574,100
2019-06-28 09:55:00.000000000,100445,209,100222,209,100646,209,100169,309,100875,209,100136,209,100982,209,100077,209,,,99986,100,,,99955,100,,,99938,13,,,99818,100,,,99630,100,,,99574,100
2019-06-28 09:55:10.000000000,100445,187,100222,187,100646,187,100169,287,100875,187,100136,187,100982,187,100077,187,100983,87,99986,187,,,99955,100,,,99938,13,,,99818,100,,,99630,100,,,99574,100
2019-06-28 09:55:10.575776143,100445,187,100222,187,100636,100,100169,287,100646,187,100136,187,100875,187,100077,187,100982,187,99986,187,100983,87,99955,100,,,99938,13,,,99818,100,,,99630,100,,,99574,100
2019-06-28 09:55:15.591021150,100445,187,100403,100,100636,100,100222,187,100646,187,100169,287,100875,187,100136,187,100982,187,100077,187,100983,87,99986,187,,,99955,100,,,99938,13,,,99818,100,,,99630,100
2019-06-28 09:55:18.066489287,100445,87,100403,100,100636,100,100222,87,100646,187,100169,287,100875,187,100136,187,100982,187,100077,187,100983,87,99986,187,,,99955,100,,,99938,13,,,99818,100,,,99630,100
2019-06-28 09:55:20.000000000,100636,248,100403,248,100646,244,100169,344,100875,244,100136,244,100982,100,100077,100,,,99986,100,,,99955,100,,,99938,13,,,99818,100,,,99630,100,,,99574,100
2019-06-28 09:55:26.058997433,100636,248,100403,248,100646,244,100327,100,100875,244,100169,344,100982,100,100136,244,,,100077,100,,,99986,100,,,99955,100,,,99938,13,,,99818,100,,,99630,100
2019-06-28 09:55:30.000000000,100636,318,100403,318,100646,318,100327,318,100875,100,100169,200,100982,100,100136,100,,,100077,100,,,99986,100,,,99955,100,,,99938,13,,,99818,100,,,99630,100
2019-06-28 09:55:37.263686509,100636,318,100403,218,100646,318,100327,318,100875,100,100169,200,100982,100,100136,100,,,100077,100,,,99986,100,,,99955,100,,,99938,13,,,99818,100,,,99630,100
2019-06-28 09:55:40.000000000,100636,187,100327,187,100646,187,100169,287,100875,187,100136,187,100982,187,100077,187,100983,87,99986,187,,,99955,100,,,99938,13,,,99818,100,,,99630,100,,,99574,100
2019-06-28 09:55:50.000000000,100636,209,100327,209,100646,209,100169,309,100875,209,100136,209,100982,209,100077,209,,,99986,100,,,99955,100,,,99938,13,,,99818,100,,,99630,100,,,99574,100
2019-06-28 09:56:00.000000000,100636,318,100327,318,100646,318,100169,418,100875,100,100136,100,100982,100,100077,100,,,99986,100,,,99955,100,,,99938,13,,,99818,100,,,99630,100,,,99574,100
2019-06-28 09:56:09.581993798,100475,100,100327,318,100636,318,100169,418,100646,318,100136,100,100875,100,100077,100,100982,100,99986,100,,,99955,100,,,99818,100,,,99630,100,,,99574,100,,,99524,100
2019-06-28 09:56:10.000000000,100475,318,100327,318,100636,318,100169,418,100646,100,100136,100,100875,100,100077,100,100982,100,99986,100,,,99955,100,,,99818,100,,,99630,100,,,99574,100,,,99524,100
2019-06-28 09:56:13.715182374,100429,100,100327,318,100475,318,100169,418,100636,318,100136,100,100646,100,100077,100,100875,100,99955,100,100982,100,99818,100,,,99630,100,,,99574,100,,,99524,100,,,99021,100
2019-06-28 09:56:15.375457634,100475,318,100327,218,100636,318,100169,418,100646,100,100136,100,100875,100,100077,100,100982,100,99955,100,,,99818,100,,,99630,100,,,99574,100,,,99524,100,,,99021,100
2019-06-28 09:56:20.000000000,100475,536,100169,636,100636,100,100136,100,100646,100,100077,100,100875,100,99955,100,100982,100,99818,100,,,99630,100,,,99574,100,,,99524,100,,,99021,100,,,98555,100
2019-06-28 09:56:21.535635201,100475,436,100169,636,100636,100,100136,100,100646,100,100077,100,100875,100,99955,100,100982,100,99818,100,,,99630,100,,,99574,100,,,99524,100,,,99021,100,,,98555,100
2019-06-28 09:56:26.689672359,100475,336,100169,636,100636,100,100136,100,100646,100,100077,100,100875,100,99955,100,100982,100,99818,100,,,99630,100,,,99574,100,,,99524,100,,,99021,100,,,98555,100
2019-06-28 09:56:30.000000000,100636,318,100169,418,100646,318,100136,318,100875,100,100077,100,100982,100,99955,100,,,99818,100,,,99630,100,,,99574,100,,,99524,100,,,99021,100,,,98555,100
2019-06-28 09:56:37.831968021,100636,318,100169,418,100646,318,100136,318,100684,100,100077,100,100875,100,99955,100,100982,100,99818,100,,,99574,100,,,99524,100,,,99021,100,,,98555,100,,,98248,100
2019-06-28 09:56:40.000000000,100636,209,100169,309,100646,209,100136,209,100684,209,100077,209,100875,209,99955,209,100982,100,99818,100,,,99574,100,,,99524,100,,,99021,100,,,98555,100,,,98248,100
2019-06-28 09:56:50.000000000,100636,209,100169,309,100646,209,100136,209,100684,209,100077,209,100875,209,99955,209,100982,100,99818,100,,,99574,100,,,99524,100,,,99021,100,,,98555,100,,,98248,100
2019-06-28 09:56:52.745376665,100636,109,100169,309,100646,209,100136,209,100684,209,100077,209,100875,209,99955,209,100982,100,99818,100,,,99574,100,,,99524,100,,,99021,100,,,98555,100,,,98248,100
2019-06-28 09:57:00.000000000,100646,187,100169,287,100684,187,100136,187,100875,187,100077,187,100982,187,99955,187,100983,87,99818,187,,,99574,100,,,99524,100,,,99021,100,,,98555,100,,,98248,100
2019-06-28 09:57:01.766343513,100646,187,100169,287,100684,187,100136,187,100856,100,100077,187,100875,187,99955,187,100982,187,99818,187,100983,87,99574,100,,,99524,100,,,99021,100,,,98555,100,,,98248,100
2019-06-28 09:57:10.000000000,100646,536,100169,636,100684,100,100136,100,100856,100,100077,100,100875,100,99955,100,100982,100,99818,100,,,99574,100,,,99524,100,,,99021,100,,,98555,100,,,98248,100
2019-06-28 09:57:20.000000000,100646,318,100169,418,100684,318,100136,318,100856,100,100077,100,100875,100,99955,100,100982,100,99818,100,,,99574,100,,,99524,100,,,99021,100,,,98555,100,,,98248,100
2019-06-28 09:57:30.000000000,100646,187,100169,287,100684,187,100136,187,100856,187,100077,187,100875,187,99955,187,100982,187,99818,187,,,99574,100,,,99524,100,,,99021,100,,,98555,100,,,98248,100
2019-06-28 09:57:31.730957374,100646,187,100169,287,100684,187,100136,187,100856,187,100077,187,100875,187,99965,100,100982,187,99955,187,,,99818,187,,,99574,100,,,99524,100,,,99021,100,,,98555,100
2019-06-28 09:57:40.000000000,100646,536,100169,636,100684,100,100136,100,100856,100,100077,100,100875,100,99965,100,100982,100,99955,100,,,99818,100,,,99574,100,,,99524,100,,,99021,100,,,98555,100
2019-06-28 09:57:41.452764775,100635,100,100169,636,100646,536,100136,100,100684,100,100077,100,100856,100,99965,100,100875,100,99955,100,100982,100,99818,100,,,99574,100,,,99524,100,,,99021,100,,,98555,100
2019-06-28 09:57:50.000000000,100635,248,100169,348,100646,244,100136,244,100684,244,100077,244,100856,100,99965,100,100875,100,99955,100,100982,100,99818,100,,,99574,100,,,99524,100,,,99021,100,,,98555,100
2019-06-28 09:58:00.000000000,100635,187,100169,287,100646,187,100136,187,100684,187,100077,187,100856,187,99965,187,100875,187,99955,187,100982,100,99818,100,,,99574,100,,,99524,100,,,99021,100,,,98555,100
2019-06-28 09:58:10.000000000,100635,209,100169,309,100646,209,100136,209,100684,209,100077,209,100856,209,99965,209,100875,100,99955,100,100982,100,99818,100,,,99574,100,,,99524,100,,,99021,100,,,98555,100
2019-06-28 09:58:20.000000000,100635,318,100169,418,100646,318,100136,318,100684,100,100077,100,100856,100,99965,100,100875,100,99955,100,100982,100,99818,100,,,99574,100,,,99524,100,,,99021,100,,,98555,100
2019-06-28 09:58:21.141553623,100635,318,100238,100,100646,318,100169,418,100684,100,100136,318,100856,100,100077,100,100875,100,99965,100,100982,100,99955,100,,,99818,100,,,99574,100,,,99524,100,,,99021,100
2019-06-28 09:58:30.000000000,100635,248,100238,248,100646,244,100169,344,100684,244,100136,244,100856,100,100077,100,100875,100,99965,100,100982,100,99955,100,,,99818,100,,,99574,100,,,99524,100,,,99021,100
2019-06-28 09:58:40.000000000,100635,318,100238,318,100646,318,100169,418,100684,100,100136,100,100856,100,100077,100,100875,100,99965,100,100982,100,99955,100,,,99818,100,,,99574,100,,,99524,100,,,99021,100
2019-06-28 09:58:50.000000000,100635,209,100238,209,100646,209,100169,309,100684,209,100136,209,100856,209,100077,209,100875,100,99965,100,100982,100,99955,100,,,99818,100,,,99574,100,,,99524,100,,,99021,100
2019-06-28 09:58:57.703639327,100363,100,100238,209,100635,209,100169,309,100646,209,100136,209,100684,209,100077,209,100856,209,99965,100,100875,100,99955,100,100982,100,99818,100,,,99524,100,,,99021,100,,,98555,100
2019-06-28 09:59:00.000000000,100363,318,100238,318,100635,318,100169,418,100646,100,100136,100,100684,100,100077,100,100856,100,99965,100,100875,100,99955,100,100982,100,99818,100,,,99524,100,,,99021,100,,,98555,100
2019-06-28 09:59:03.893741017,100363,318,100321,100,100635,318,100238,318,100646,100,100169,418,100684,100,100136,100,100856,100,100077,100,100875,100,99965,100,100982,100,99955,100,,,99818,100,,,99524,100,,,99021,100
2019-06-28 09:59:10.000000000,100363,318,100321,318,100635,318,100238,318,100646,100,100169,200,100684,100,100136,100,100856,100,100077,100,100875,100,99965,100,100982,100,99955,100,,,99818,100,,,99524,100,,,99021,100
2019-06-28 09:59:14.355106938,100363,218,100321,318,100635,318,100238,318,100646,100,100169,200,100684,100,100136,100,100856,100,100077,100,100875,100,99965,100,100982,100,99955,100,,,99818,100,,,99524,100,,,99021,100
2019-06-28 09:59:20.000000000,100635,209,100321,209,100646,209,100238,209,100684,209,100169,309,100856,209,100136,209,100875,100,100077,100,100982,100,99965,100,,,99955,100,,,99818,100,,,99524,100,,,99021,100
2019-06-28 09:59:30.000000000,100635,248,100321,248,100646,244,100238,244,100684,244,100169,344,100856,100,100136,100,100875,100,100077,100,100982,100,99965,100,,,99955,100,,,99818,100,,,99524,100,,,99021,100
2019-06-28 09:59:40.000000000,100635,318,100321,318,100646,318,100238,318,100684,100,100169,200,100856,100,100136,100,100875,100,100077,100,100982,100,99965,100,,,99955,100,,,99818,100,,,99524,100,,,99021,100
2019-06-28 09:59:50.000000000,100635,187,100321,187,100646,187,100238,187,100684,187,100169,287,100856,187,100136,187,100875,187,100077,187,100982,100,99965,100,,,99955,100,,,99818,100,,,99524,100,,,99021,100
2019-06-28 10:00:00.000000000,100635,318,100321,318,100646,318,100238,318,100684,100,100169,200,100856,100,100136,100,100875,100,100077,100,100982,100,99965,100,,,99955,100,,,99818,100,,,99524,100,,,99021,100
2019-06-28 10:00:04.440755081,100634,100,100321,318,100635,318,100238,318,100646,318,100169,200,100684,100,100136,100,100856,100,100077,100,100875,100,99965,100,100982,100,99955,100,,,99818,100,,,99524,100,,,99021,100
2019-06-28 10:00:10.000000000,100634,536,100321,536,100635,100,100238,100,100646,100,100169,200,100684,100,100136,100,100856,100,100077,100,100875,100,99965,100,100982,100,99955,100,,,99818,100,,,99524,100,,,99021,100
2019-06-28 10:00:13.014785870,100368,100,100321,536,100634,536,100238,100,100635,100,100169,200,100646,100,100136,100,100684,100,100077,100,100856,100,99965,100,100875,100,99955,100,100982,100,99818,100,,,99524,100,,,99021,100
2019-06-28 10:00:20.000000000,100368,187,100321,187,100634,187,100238,187,100635,187,100169,287,100646,187,100136,187,100684,187,100077,187,100856,100,99965,100,100875,100,99955,100,100982,100,99818,100,,,99524,100,,,99021,100
2019-06-28 10:00:30.000000000,100368,536,100321,536,100634,100,100238,100,100635,100,100169,200,100646,100,100136,100,100684,100,100077,100,100856,100,99965,100,100875,100,99955,100,100982,100,99818,100,,,99524,100,,,99021,100
2019-06-28 10:00:40.000000000,100368,187,100321,187,100634,187,100238,187,100635,187,100169,287,100646,187,100136,187,100684,187,100077,187,100856,100,99965,100,100875,100,99955,100,100982,100,99818,100,,,99524,100,,,99021,100
2019-06-28 10:00:42.284806513,100362,100,100321,187,100368,187,100238,187,100634,187,100169,287,100635,187,100136,187,100646,187,100077,187,100684,187,99965,100,100856,100,99955,100,100875,100,99818,100,100982,100,99524,100,,,99021,100
2019-06-28 10:00:46.222427063,100362,100,100321,87,100368,187,100238,187,100634,187,100169,287,100635,187,100136,187,100646,87,100077,187,100684,187,99965,100,100856,100,99955,100,100875,100,99818,100,100982,100,99524,100,,,99021,100
2019-06-28 10:00:50.000000000,100362,209,100238,209,100368,209,100169,309,100634,209,100136,209,100635,209,100077,209,100684,100,99965,100,100856,100,99955,100,100875,100,99818,100,100982,100,99524,100,,,99021,100,,,98248,100
2019-06-28 10:00:53.935488206,100362,209,100238,109,100368,209,100169,309,100634,209,100136,209,100635,209,100077,209,100684,100,99965,100,100856,100,99955,100,100875,100,99818,100,100982,100,99524,100,,,99021,100,,,98248,100
2019-06-28 10:01:00.000000000,100362,209,100169,309,100368,209,100136,209,100634,209,100077,209,100635,209,99965,209,100684,100,99955,100,100856,100,99818,100,100875,100,99524,100,100982,100,99021,100,,,98248,100,,,,
2019-06-28 10:01:02.120976947,100362,209,100169,309,100368,209,100136,209,100634,209,100077,209,100635,209,99965,209,100684,100,99955,100,100856,100,99818,100,100875,100,99786,100,100982,100,99524,100,,,99021,100,,,98248,100
2019-06-28 10:01:04.777051205,100362,209,100169,309,100368,209,100136,209,100634,209,100077,209,100635,209,99965,209,100684,100,99955,100,100856,100,99818,100,100875,100,99786,100,100982,100,99763,100,,,99524,100,,,99021,100
2019-06-28 10:01:10.000000000,100362,248,100169,348,100368,244,100136,244,100634,244,100077,244,100635,100,99965,100,100684,100,99955,100,100856,100,99818,100,100875,100,99786,100,100982,100,99763,100,,,99524,100,,,99021,100
2019-06-28 10:01:20.000000000,100362,318,100169,418,100368,318,100136,318,100634,100,100077,100,100635,100,99965,100,100684,100,99955,100,100856,100,99818,100,100875,100,99786,100,100982,100,99763,100,,,99524,100,,,99021,100
2019-06-28 10:01:25.753622852,100362,318,100169,318,100368,318,100136,318,100634,100,100077,100,100635,100,99965,100,100684,100,99955,100,100856,100,99818,100,100875,100,99786,100,100982,100,99763,100,,,99524,100,,,99021,100
2019-06-28 10:01:30.000000000,100362,536,100169,536,100368,100,100136,100,100634,100,100077,100,100635,100,99965,100,100684,100,99955,100,100856,100,99818,100,100875,100,99786,100,100982,100,99763,100,,,99524,100,,,99021,100
2019-06-28 10:01:40.000000000,100362,187,100169,187,100368,187,100136,187,100634,187,100077,187,100635,187,99965,187,100684,187,99955,187,100856,100,99818,100,100875,100,99786,100,100982,100,99763,100,,,99524,100,,,99021,100
2019-06-28 10:01:50.000000000,100362,536,100169,536,100368,100,100136,100,100634,100,100077,100,100635,100,99965,100,100684,100,99955,100,100856,100,99818,100,100875,100,99786,100,100982,100,99763,100,,,99524,100,,,99021,100
2019-06-28 10:02:00.000000000,100362,187,100169,187,100368,187,100136,187,100634,187,100077,187,100635,187,99965,187,100684,187,99955,187,100856,100,99818,100,100875,100,99786,100,100982,100,99763,100,,,99524,100,,,99021,100
2019-06-28 10:02:00.668724194,100362,187,100169,187,100368,187,100136,187,100634,187,100077,187,100635,187,99965,187,100684,187,99955,187,100856,100,99818,100,100875,100,99786,100,100982,100,99763,100,,,99524,100,,,99333,100
2019-06-28 10:02:10.000000000,100362,318,100169,318,100368,318,100136,318,100634,100,100077,100,100635,100,99965,100,100684,100,99955,100,100856,100,99818,100,100875,100,99786,100,100982,100,99763,100,,,99524,100,,,99333,100
2019-06-28 10:02:20.000000000,100362,187,100169,187,100368,187,100136,187,100634,187,100077,187,100635,187,99965,187,100684,187,99955,187,100856,100,99818,100,100875,100,99786,100,100982,100,99763,100,,,99524,100,,,99333,100
2019-06-28 10:02:30.000000000,100362,209,100169,209,100368,209,100136,209,100634,209,100077,209,100635,209,99965,209,100684,100,99955,100,100856,100,99818,100,100875,100,99786,100,100982,100,99763,100,,,99524,100,,,99333,100
2019-06-28 10:02:40.000000000,100362,248,100169,248,100368,244,100136,244,100634,244,100077,244,100635,100,99965,100,100684,100,99955,100,100856,100,99818,100,100875,100,99786,100,100982,100,99763,100,,,99524,100,,,99333,100
2019-06-28 10:02:50.000000000,100362,318,100169,318,100368,318,100136,318,100634,100,100077,100,100635,100,99965,100,100684,100,99955,100,100856,100,99818,100,100875,100,99786,100,100982,100,99763,100,,,99524,100,,,99333,100
2019-06-28 10:03:00.000000000,100362,187,100169,187,100368,187,100136,187,100634,187,100077,187,100635,187,99965,187,100684,187,99955,187,100856,100,99818,100,100875,100,99786,100,100982,100,99763,100,,,99524,100,,,99333,100
2019-06-28 10:03:10.000000000,100362,318,100169,318,100368,318,100136,318,100634,100,100077,100,100635,100,99965,100,100684,100,99955,100,100856,100,99818,100,100875,100,99786,100,100982,100,99763,100,,,99524,100,,,99333,100
2019-06-28 10:03:11.453900198,100362,318,100169,318,100368,318,100136,318,100634,100,100077,100,100635,100,99965,100,100684,100,99955,100,100856,100,99818,100,100875,100,99786,100,100982,100,99763,100,,,99524,100,,,99333,100
2019-06-28 10:03:20.000000000,100362,536,100169,536,100368,100,100136,100,100634,100,100077,100,100635,100,99965,100,100684,100,99955,100,100856,100,99818,100,100875,100,99786,100,100982,100,99763,100,,,99524,100,,,99333,100
2019-06-28 10:03:30.000000000,100362,187,100169,187,100368,187,100136,187,100634,187,100077,187,100635,187,99965,187,100684,187,99955,187,100856,100,99818,100,100875,100,99786,100,100982,100,99763,100,,,99524,100,,,99333,100
2019-06-28 10:03:40.000000000,100362,536,100169,536,100368,100,100136,100,100634,100,100077,100,100635,100,99965,100,100684,100,99955,100,100856,100,99818,100,100875,100,99786,100,100982,100,99763,100,,,99524,100,,,99333,100
2019-06-28 10:03:45.727142001,100362,536,100169,536,100368,100,100077,100,100634,100,99965,100,100635,100,99955,100,100684,100,99818,100,100856,100,99786,100,100875,100,99763,100,100982,100,99524,100,,,99333,100,,,99021,100
2019-06-28 10:03:48.040702283,100238,100,100169,536,100362,536,100077,100,100368,100,99965,100,100634,100,99955,100,100635,100,99818,100,100684,100,99786,100,100856,100,99763,100,100875,100,99524,100,100982,100,99333,100,,,99021,100
2019-06-28 10:03:50.000000000,100238,209,100169,209,100362,209,100077,209,100368,209,99965,209,100634,209,99955,209,100635,100,99818,100,100684,100,99786,100,100856,100,99763,100,100875,100,99524,100,100982,100,99333,100,,,99021,100
2019-06-28 10:04:00.000000000,100238,248,100169,248,100362,244,100077,244,100368,244,99965,244,100634,100,99955,100,100635,100,99818,100,100684,100,99786,100,100856,100,99763,100,100875,100,99524,100,100982,100,99333,100,,,99021,100
2019-06-28 10:04:08.452784988,100238,248,100169,248,100362,244,100077,244,100368,244,99965,244,100634,100,99955,100,100635,100,99818,100,100856,100,99786,100,100875,100,99763,100,100982,100,99524,100,,,99333,100,,,99021,100
2019-06-28 10:04:10.000000000,100238,536,100169,536,100362,100,100077,100,100368,100,99965,100,100634,100,99955,100,100635,100,99818,100,100856,100,99786,100,100875,100,99763,100,100982,100,99524,100,,,99333,100,,,99021,100
2019-06-28 10:04:20.000000000,100238,187,100169,187,100362,187,100077,187,100368,187,99965,187,100634,187,99955,187,100635,187,99818,187,100856,100,99786,100,100875,100,99763,100,100982,100,99524,100,,,99333,100,,,99021,100
2019-06-28 10:04:22.057032436,100238,187,100169,87,100362,187,100077,187,100368,187,99965,187,100634,187,99955,187,100635,187,99818,187,100856,100,99786,100,100875,100,99763,100,100982,100,99524,100,,,99333,100,,,99021,100
2019-06-28 10:04:30.000000000,100238,318,100077,318,100362,318,99965,318,100368,100,99955,100,100634,100,99818,100,100635,100,99786,100,100856,100,99763,100,100875,100,99524,100,100982,100,99333,100,,,99021,100,,,98639,100
2019-06-28 10:04:40.000000000,100238,187,100077,187,100362,187,99965,187,100368,187,99955,187,100634,187,99818,187,100635,187,99786,187,100856,100,99763,100,100875,100,99524,100,100982,100,99333,100,,,99021,100,,,98639,100
2019-06-28 10:04:40.999552441,100238,187,100077,187,100362,187,99965,187,100368,187,99955,187,100634,87,99818,187,100635,187,99786,187,100856,100,99763,100,100875,100,99524,100,100982,100,99333,100,,,99021,100,,,98639,100
2019-06-28 10:04:50.000000000,100238,318,100077,318,100362,318,99965,318,100368,100,99955,100,100635,100,99818,100,100856,100,99786,100,100875,100,99763,100,100982,100,99524,100,,,99333,100,,,99021,100,,,98639,100
2019-06-28 10:05:00.000000000,100238,248,100077,248,100362,244,99965,244,100368,244,99955,244,100635,100,99818,100,100856,100,99786,100,100875,100,99763,100,100982,100,99524,100,,,99333,100,,,99021,100,,,98639,100
2019-06-28 10:05:01.967274605,100169,100,100077,248,100238,148,99965,244,100362,244,99955,244,100368,244,99818,100,100635,100,99786,100,100856,100,99763,100,100875,100,99524,100,100982,100,99333,100,,,99021,100,,,98639,100
2019-06-28 10:05:10.000000000,100169,187,100077,187,100362,187,99965,187,100368,187,99955,187,100635,187,99818,187,100856,187,99786,187,100875,100,99763,100,100982,100,99524,100,,,99333,100,,,99021,100,,,98639,100
2019-06-28 10:05:20.000000000,100169,209,100077,209,100362,209,99965,209,100368,209,99955,209,100635,209,99818,209,100856,100,99786,100,100875,100,99763,100,100982,100,99524,100,,,99333,100,,,99021,100,,,98639,100
2019-06-28 10:05:24.121205039,100169,209,100077,209,100362,209,99965,209,100368,209,99955,209,100635,209,99818,209,100856,100,99786,100,100875,100,99763,100,100982,100,99524,100,,,99333,100,,,99021,100,,,98639,100
2019-06-28 10:05:30.000000000,100169,248,100077,248,100362,244,99965,244,100368,244,99955,244,100635,100,99818,100,100856,100,99786,100,100875,100,99763,100,100982,100,99524,100,,,99333,100,,,99021,100,,,98639,100
2019-06-28 10:05:40.000000000,100169,248,100077,248,100362,244,99965,244,100368,244,99955,244,100635,100,99818,100,100856,100,99786,100,100875,100,99763,100,100982,100,99524,100,,,99333,100,,,99021,100,,,98639,100
2019-06-28 10:05:45.489310345,100169,248,100077,148,100362,244,99965,244,100368,244,99955,244,100635,100,99818,100,100856,100,99786,100,100875,100,99763,100,100982,100,99524,100,,,99333,100,,,99021,100,,,98639,100
2019-06-28 10:05:50.000000000,100169,536,99965,536,100362,100,99955,100,100368,100,99818,100,100635,100,99786,100,100856,100,99763,100,100875,100,99524,100,100982,100,99333,100,,,99021,100,,,98639,100,,,98248,100
2019-06-28 10:05:51.612255973,100169,536,99965,536,100362,100,99955,100,100368,100,99818,100,100635,100,99786,100,100856,100,99763,100,100875,100,99524,100,100982,100,99333,100,,,99021,100,,,98639,100,,,97778,100
2019-06-28 10:06:00.000000000,100169,187,99965,187,100362,187,99955,187,100368,187,99818,187,100635,187,99786,187,100856,187,99763,187,100875,100,99524,100,100982,100,99333,100,,,99021,100,,,98639,100,,,97778,100
2019-06-28 10:06:07.867254550,100169,187,99965,87,100362,187,99955,187,100368,187,99818,187,100635,187,99786,187,100856,187,99763,187,100875,100,99524,100,100982,100,99333,100,,,99021,100,,,98639,100,,,97778,100
2019-06-28 10:06:10.000000000,100169,536,99955,536,100362,100,99818,100,100368,100,99786,100,100635,100,99763,100,100856,100,99524,100,100875,100,99333,100,100982,100,99021,100,,,98639,100,,,97778,100,,,97570,100
2019-06-28 10:06:18.417469586,100169,536,99955,436,100362,100,99818,100,100368,100,99786,100,100635,100,99763,100,100856,100,99524,100,100982,100,99333,100,,,99021,100,,,98639,100,,,97778,100,,,97570,100
2019-06-28 10:06:20.000000000,100169,318,99818,318,100362,318,99786,318,100368,100,99763,100,100635,100,99524,100,100856,100,99333,100,100982,100,99021,100,,,98639,100,,,97778,100,,,97570,100,,,97223,100
2019-06-28 10:06:24.489234914,99965,100,99818,318,100169,318,99786,318,100362,318,99763,100,100368,100,99524,100,100635,100,99333,100,100856,100,99021,100,100982,100,98639,100,,,97778,100,,,97570,100,,,97223,100
2019-06-28 10:06:30.000000000,99965,318,99818,318,100169,318,99786,318,100362,100,99763,100,100368,100,99524,100,100635,100,99333,100,100856,100,99021,100,100982,100,98639,100,,,97778,100,,,97570,100,,,97223,100
2019-06-28 10:06:40.000000000,99965,187,99818,187,100169,187,99786,187,100362,187,99763,187,100368,187,99524,187,100635,187,99333,187,100856,100,99021,100,100982,100,98639,100,,,97778,100,,,97570,100,,,97223,100
2019-06-28 10:06:50.000000000,99965,248,99818,248,100169,244,99786,244,100362,244,99763,244,100368,100,99524,100,100635,100,99333,100,100856,100,99021,100,100982,100,98639,100,,,97778,100,,,97570,100,,,97223,100
2019-06-28 10:07:00.000000000,99965,187,99818,187,100169,187,99786,187,100362,187,99763,187,100368,187,99524,187,100635,187,99333,187,100856,100,99021,100,100982,100,98639,100,,,97778,100,,,97570,100,,,97223,100
2019-06-28 10:07:06.008390224,99965,187,99818,187,100169,187,99786,187,100362,187,99763,187,100368,187,99524,187,100635,187,99333,187,100856,100,99021,100,100982,100,98639,100,,,97778,100,,,97717,100,,,97570,100
2019-06-28 10:07:10.000000000,99965,187,99818,187,100169,187,99786,187,100362,187,99763,187,100368,187,99524,187,100635,187,99333,187,100856,100,99021,100,100982,100,98639,100,,,97778,100,,,97717,100,,,97570,100
2019-06-28 10:07:13.870492955,99965,187,99818,87,100169,187,99786,187,100362,187,99763,187,100368,187,99524,187,100635,187,99333,187,100856,100,99021,100,100982,100,98639,100,,,97778,100,,,97717,100,,,97570,100
2019-06-28 10:07:20.000000000,99965,248,99786,248,100169,244,99763,244,100362,244,99524,244,100368,100,99333,100,100635,100,99021,100,100856,100,98639,100,100982,100,97778,100,,,97717,100,,,97570,100,,,,
2019-06-28 10:07:30.000000000,99965,536,99786,536,100169,100,99763,100,100362,100,99524,100,100368,100,99333,100,100635,100,99021,100,100856,100,98639,100,100982,100,97778,100,,,97717,100,,,97570,100,,,,
2019-06-28 10:07:40.000000000,99965,536,99786,536,100169,100,99763,100,100362,100,99524,100,100368,100,99333,100,100635,100,99021,100,100856,100,98639,100,100982,100,97778,100,,,97717,100,,,97570,100,,,,
2019-06-28 10:07:45.656129478,99965,536,99786,436,100169,100,99763,100,100362,100,99524,100,100368,100,99333,100,100635,100,99021,100,100856,100,98639,100,100982,100,97778,100,,,97717,100,,,97570,100,,,,
2019-06-28 10:07:50.000000000,99965,536,99763,536,100169,100,99524,100,100362,100,99333,100,100368,100,99021,100,100635,100,98639,100,100856,100,97778,100,100982,100,97717,100,,,97570,100,,,,,,,,
2019-06-28 10:08:00.000000000,99965,536,99763,536,100169,100,99524,100,100362,100,99333,100,100368,100,99021,100,100635,100,98639,100,100856,100,97778,100,100982,100,97717,100,,,97570,100,,,,,,,,
2019-06-28 10:08:02.229791731,99965,536,99763,436,100169,100,99524,100,100362,100,99333,100,100368,100,99021,100,100635,100,98639,100,100856,100,97778,100,100982,100,97717,100,,,97570,100,,,,,,,,
2019-06-28 10:08:10.000000000,99965,248,99524,248,100169,244,99333,244,100362,244,99021,244,100368,100,98639,100,100635,100,97778,100,100856,100,97717,100,100982,100,97570,100,,,,,,,,,,,,
2019-06-28 10:08:20.000000000,99965,209,99524,209,100169,209,99333,209,100362,209,99021,209,100368,209,98639,209,100635,100,97778,100,100856,100,97717,100,100982,100,97570,100,,,,,,,,,,,,
2019-06-28 10:08:30.000000000,99965,248,99524,248,100169,244,99333,244,100362,244,99021,244,100368,100,98639,100,100635,100,97778,100,100856,100,97717,100,100982,100,97570,100,,,,,,,,,,,,
2019-06-28 10:08:40.000000000,99965,248,99524,248,100169,244,99333,244,100362,244,99021,244,100368,100,98639,100,100635,100,97778,100,100856,100,97717,100,100982,100,97570,100,,,,,,,,,,,,
2019-06-28 10:08:41.210466903,99965,248,99524,148,100169,244,99333,244,100362,244,99021,244,100368,100,98639,100,100635,100,97778,100,100856,100,97717,100,100982,100,97570,100,,,,,,,,,,,,
2019-06-28 10:08:50.000000000,99965,248,99333,248,100169,244,99021,244,100362,244,98639,244,100368,100,97778,100,100635,100,97717,100,100856,100,97570,100,100982,100,,,,,,,,,,,,,,
2019-06-28 10:08:56.332251098,99965,248,99333,148,100169,244,99021,244,100362,244,98639,244,100368,100,97778,100,100635,100,97717,100,100856,100,97570,100,100982,100,,,,,,,,,,,,,,
2019-06-28 10:09:00.000000000,99965,536,99021,536,100169,100,98639,100,100362,100,97778,100,100368,100,97717,100,100635,100,97570,100,100856,100,,,100982,100,,,,,,,,,,,,,,
2019-06-28 10:09:10.000000000,99965,209,99021,209,100169,209,98639,209,100362,209,97778,209,100368,209,97717,209,100635,100,97570,100,100856,100,,,100982,100,,,,,,,,,,,,,,
2019-06-28 10:09:11.338855730,99965,209,99021,109,100169,209,98639,209,100362,209,97778,209,100368,209,97717,209,100635,100,97570,100,100856,100,,,100982,100,,,,,,,,,,,,,,
2019-06-28 10:09:20.000000000,99965,248,98639,248,100169,244,97778,244,100362,244,97717,244,100368,100,97570,100,100635,100,,,100856,100,,,100982,100,,,,,,,,,,,,,,
2019-06-28 10:09:30.000000000,99965,536,98639,536,100169,100,97778,100,100362,100,97717,100,100368,100,97570,100,100635,100,,,100856,100,,,100982,100,,,,,,,,,,,,,,
2019-06-28 10:09:32.886430009,99333,100,98639,536,99965,536,97778,100,100169,100,97717,100,100368,100,97570,100,100635,100,,,100856,100,,,100982,100,,,,,,,,,,,,,,
2019-06-28 10:09:40.000000000,99333,318,98639,318,99965,318,97778,318,100169,100,97717,100,100368,100,97570,100,100635,100,,,100856,100,,,100982,100,,,,,,,,,,,,,,
2019-06-28 10:09:48.235881162,99333,318,98639,218,99965,318,97778,318,100169,100,97717,100,100368,100,97570,100,100635,100,,,100856,100,,,100982,100,,,,,,,,,,,,,,
2019-06-28 10:09:50.000000000,99333,318,97778,318,99965,318,97717,318,100169,100,97570,100,100368,100,,,100635,100,,,100856,100,,,100982,100,,,,,,,,,,,,,,
2019-06-28 10:10:00.000000000,99333,209,97778,209,99965,209,97717,209,100169,209,97570,209,100368,209,97569,109,100635,100,,,100856,100,,,100982,100,,,,,,,,,,,,,,
2019-06-28 10:10:02.549562327,99333,209,97778,109,99965,209,97717,209,100169,209,97570,209,100368,209,97569,109,100635,100,,,100856,100,,,100982,100,,,,,,,,,,,,,,
2019-06-28 10:10:10.000000000,99333,318,97717,318,99965,318,97570,318,100169,100,,,100368,100,,,100635,100,,,100856,100,,,100982,100,,,,,,,,,,,,,,
2019-06-28 10:10:15.716540970,99333,318,97717,318,99965,318,97570,318,100169,100,97395,100,100368,100,,,100635,100,,,100856,100,,,100982,100,,,,,,,,,,,,,,
2019-06-28 10:10:20.000000000,99333,209,97717,209,99965,209,97570,209,100169,209,97395,209,100368,209,97394,109,100635,100,,,100856,100,,,100982,100,,,,,,,,,,,,,,
2019-06-28 10:10:30.000000000,99333,318,97717,318,99965,318,97570,318,100169,100,97395,100,100368,100,,,100635,100,,,100856,100,,,100982,100,,,,,,,,,,,,,,
2019-06-28 10:10:35.105050654,99333,318,98130,100,99965,318,97717,318,100169,100,97570,318,100368,100,97395,100,100635,100,,,100856,100,,,100982,100,,,,,,,,,,,,,,
2019-06-28 10:10:39.652370784,98156,100,98130,100,99333,318,97717,318,99965,318,97570,318,100169,100,97395,100,100368,100,,,100635,100,,,100856,100,,,100982,100,,,,,,,,,,
2019-06-28 10:10:40.000000000,98156,248,98130,248,99333,244,97717,244,99965,244,97570,244,100169,100,97395,100,100368,100,,,100635,100,,,100856,100,,,100982,100,,,,,,,,,,
2019-06-28 10:10:47.905409828,98156,248,98130,248,98168,100,97717,244,99333,244,97570,244,99965,244,97395,100,100169,100,,,100368,100,,,100635,100,,,100856,100,,,100982,100,,,,,,
2019-06-28 10:10:50.000000000,98156,248,98130,248,98168,244,97717,244,99333,244,97570,244,99965,100,97395,100,100169,100,,,100368,100,,,100635,100,,,100856,100,,,100982,100,,,,,,
2019-06-28 10:11:00.000000000,98156,318,98130,318,98168,318,97717,318,99333,100,97570,100,99965,100,97395,100,100169,100,,,100368,100,,,100635,100,,,100856,100,,,100982,100,,,,,,
2019-06-28 10:11:03.530957580,98156,318,98130,318,98168,318,97779,100,99333,100,97717,318,99965,100,97570,100,100169,100,97395,100,100368,100,,,100635,100,,,100856,100,,,100982,100,,,,,,
2019-06-28 10:11:04.758888109,98156,218,98130,318,98168,318,97779,100,99333,100,97717,318,99965,100,97570,100,100169,100,97395,100,100368,100,,,100635,100,,,100856,100,,,100982,100,,,,,,
2019-06-28 10:11:08.111014296,98156,118,98130,318,98168,318,97779,100,99333,100,97717,318,99965,100,97570,100,100169,100,97395,100,100368,100,,,100635,100,,,100856,100,,,100982,100,,,,,,
2019-06-28 10:11:10.000000000,98168,248,98130,248,99333,244,97779,244,99965,244,97717,244,100169,100,97570,100,100368,100,97395,100,100635,100,,,100856,100,,,100982,100,,,,,,,,,,
2019-06-28 10:11:18.792149951,98168,148,98130,248,99333,244,97779,244,99965,244,97717,244,100169,100,97570,100,100368,100,97395,100,100635,100,,,100982,100,,,,,,,,,,,,,,
2019-06-28 10:11:20.000000000,99333,187,98130,187,99965,187,97779,187,100169,187,97717,187,100368,187,97570,187,100635,187,97395,187,100982,100,,,,,,,,,,,,,,,,,,
2019-06-28 10:11:30.000000000,99333,209,98130,209,99965,209,97779,209,100169,209,97717,209,100368,209,97570,209,100635,100,97395,100,100982,100,,,,,,,,,,,,,,,,,,
2019-06-28 10:11:40.000000000,99333,187,98130,187,99965,187,97779,187,100169,187,97717,187,100368,187,97570,187,100635,187,97395,187,100982,100,,,,,,,,,,,,,,,,,,
2019-06-28 10:11:45.384990914,98997,100,98130,187,99333,187,97779,187,99965,187,97717,187,100169,187,97570,187,100368,187,97395,187,100635,187,,,100982,100,,,,,,,,,,,,,,
