,ask_price_1,ask_size_1,bid_price_1,bid_size_1,ask_price_2,ask_size_2,bid_price_2,bid_size_2,ask_price_3,ask_size_3,bid_price_3,bid_size_3,ask_price_4,ask_size_4,bid_price_4,bid_size_4,ask_price_5,ask_size_5,bid_price_5,bid_size_5,ask_price_6,ask_size_6,bid_price_6,bid_size_6,ask_price_7,ask_size_7,bid_price_7,bid_size_7,ask_price_8,ask_size_8,bid_price_8,bid_size_8,ask_price_9,ask_size_9,bid_price_9,bid_size_9,ask_price_10,ask_size_10,bid_price_10,bid_size_10
2019-06-28 09:30:00.000000000,100052,100,99958,100,,,99954,100,,,,,,,,,,,,,,,,,,,,,,,,,,,,,,,,
2019-06-28 09:30:00.000000001,100052,100,99958,100,100214,100,99954,100,,,,,,,,,,,,,,,,,,,,,,,,,,,,,,,,
2019-06-28 09:30:00.000000003,100052,100,99958,100,100214,100,99954,100,,,99881,100,,,,,,,,,,,,,,,,,,,,,,,,,,,,
2019-06-28 09:30:00.000000004,100052,100,99958,100,100166,100,99954,100,100214,100,99881,100,,,,,,,,,,,,,,,,,,,,,,,,,,,,
2019-06-28 09:30:00.000000005,100052,100,99958,100,100102,100,99954,100,100166,100,99881,100,100214,100,,,,,,,,,,,,,,,,,,,,,,,,,,
2019-06-28 09:30:00.000000006,100052,100,99984,100,100102,100,99958,100,100166,100,99954,100,100214,100,99881,100,,,,,,,,,,,,,,,,,,,,,,,,
2019-06-28 09:30:00.000000008,100052,100,99958,100,100102,100,99954,100,100158,100,99881,100,100166,100,,,100214,100,,,,,,,,,,,,,,,,,,,,,,
2019-06-28 09:30:00.000000012,100052,100,99958,100,100102,100,99954,100,100158,100,99912,100,100166,100,99881,100,100214,100,,,,,,,,,,,,,,,,,,,,,,
2019-06-28 09:30:00.000000014,100052,100,99958,100,100057,100,99954,100,100102,100,99938,100,100158,100,99912,100,100166,100,99881,100,100214,100,,,,,,,,,,,,,,,,,,
2019-06-28 09:30:00.000000015,100052,100,99958,100,100057,100,99954,100,100082,100,99938,100,100102,100,99912,100,100158,100,99881,100,100166,100,,,100214,100,,,,,,,,,,,,,,
2019-06-28 09:30:00.000000016,100052,100,99958,100,100057,100,99954,100,100082,100,99938,100,100102,100,99912,100,100104,100,99881,100,100158,100,99874,100,100166,100,,,100214,100,,,,,,,,,,
2019-06-28 09:30:00.000000017,100052,100,99958,100,100057,100,99954,100,100082,100,99938,100,100102,100,99912,100,100104,100,99881,100,100112,100,99874,100,100158,100,,,100166,100,,,100214,100,,,,,,
2019-06-28 09:30:00.000000020,100015,100,99958,100,100052,100,99954,100,100057,100,99938,100,100082,100,99912,100,100102,100,99896,100,100104,100,99881,100,100112,100,99874,100,100158,100,,,100166,100,,,100214,100,,
2019-06-28 09:30:00.000000021,100052,100,99958,100,100057,100,99954,100,100082,100,99938,100,100102,100,99912,100,100104,100,99896,100,100112,100,99881,100,100152,100,99874,100,100158,100,,,100166,100,,,100214,100,,
2019-06-28 09:30:00.000000022,99962,100,99958,100,100052,100,99954,100,100057,100,99950,100,100082,100,99938,100,100102,100,99912,100,100104,100,99896,100,100112,100,99881,100,100152,100,99874,100,100158,100,,,100166,100,,
2019-06-28 09:30:00.000000026,99962,100,99958,100,100052,100,99954,100,100057,100,99950,100,100082,100,99938,100,100092,100,99912,100,100102,100,99896,100,100104,100,99881,100,100112,100,99874,100,100152,100,,,100158,100,,
2019-06-28 09:30:00.000000030,99962,100,99958,100,100052,100,99954,100,100057,100,99950,100,100082,100,99938,100,100092,100,99929,100,100102,100,99912,100,100104,100,99896,100,100112,100,99881,100,100152,100,99874,100,100158,100,,
2019-06-28 09:30:00.000000032,99962,100,99958,100,100005,100,99954,100,100015,100,99950,100,100052,100,99938,100,100057,100,99929,100,100082,100,99912,100,100092,100,99896,100,100102,100,99881,100,100104,100,99874,100,100112,100,,
2019-06-28 09:30:00.000000033,99962,100,99959,100,100005,100,99958,100,100015,100,99954,100,100052,100,99950,100,100057,100,99938,100,100082,100,99929,100,100092,100,99912,100,100102,100,99896,100,100104,100,99881,100,100112,100,99874,100
2019-06-28 09:30:00.000000036,99962,100,99959,200,100005,100,99958,100,100015,100,99954,100,100052,100,99950,100,100057,100,99938,100,100082,100,99929,100,100092,100,99912,100,100102,100,99896,100,100104,100,99881,100,100112,100,99874,100
2019-06-28 09:30:00.000000037,99962,100,99959,200,100005,100,99958,100,100015,100,99954,100,100052,100,99950,100,100057,100,99938,100,100082,100,99929,100,100092,100,99912,100,100102,100,99896,100,100104,100,99881,100,100112,100,99874,100
2019-06-28 09:30:00.000000041,100005,100,99959,200,100015,100,99958,100,100052,100,99954,100,100057,100,99950,100,100082,100,99938,100,100092,100,99933,100,100102,100,99929,100,100104,100,99912,100,100112,100,99896,100,100152,100,99881,100
2019-06-28 09:30:00.000000042,100005,100,99959,200,100015,100,99958,100,100052,100,99954,100,100057,100,99950,100,100082,100,99938,100,100092,100,99933,100,100102,100,99929,100,100104,100,99912,100,100112,100,99907,100,100152,100,99896,100
2019-06-28 09:30:00.000000044,100005,100,99959,100,100015,100,99958,100,100052,100,99954,100,100057,100,99950,100,100082,100,99938,100,100092,100,99933,100,100102,100,99929,100,100104,100,99912,200,100112,100,99907,100,100152,100,99896,100
2019-06-28 09:30:00.000000045,100005,100,99960,100,100015,100,99959,100,100052,100,99958,100,100057,100,99954,100,100082,100,99950,100,100092,100,99938,100,100102,100,99933,100,100104,100,99929,100,100112,100,99912,200,100152,100,99907,100
2019-06-28 09:30:00.000000046,100005,100,99960,100,100015,100,99959,100,100052,100,99958,100,100057,100,99954,100,100082,100,99950,100,100092,100,99938,100,100102,100,99933,100,100104,100,99929,100,100112,100,99912,200,100152,100,99907,100
2019-06-28 09:30:00.000000047,100005,100,99960,100,100015,100,99959,100,100052,100,99958,100,100057,100,99954,100,100082,100,99950,100,100092,100,99938,100,100102,100,99933,100,100104,100,99929,100,100112,100,99912,200,100152,100,99907,100
2019-06-28 09:30:00.000000053,100004,100,99960,100,100005,100,99959,100,100015,100,99958,100,100052,100,99954,100,100057,100,99950,100,100082,100,99938,100,100092,100,99933,100,100102,100,99929,100,100104,100,99912,200,100112,100,99907,100
2019-06-28 09:30:00.000000054,100004,100,99959,100,100005,100,99958,100,100015,100,99954,100,100052,100,99950,100,100057,100,99938,100,100082,100,99933,100,100092,100,99929,100,100102,100,99912,200,100104,100,99907,100,100112,100,99896,100
2019-06-28 09:30:00.000000059,100004,100,99959,100,100005,100,99958,100,100015,100,99954,100,100052,100,99950,100,100057,100,99938,100,100082,100,99933,100,100092,100,99929,100,100102,100,99915,100,100104,100,99912,200,100112,100,99907,100
2019-06-28 09:30:00.000000060,100004,100,99959,200,100005,100,99958,100,100015,100,99954,100,100052,100,99950,100,100057,100,99938,100,100082,100,99933,100,100092,100,99929,100,100102,100,99915,100,100104,100,99912,200,100112,100,99907,100
2019-06-28 09:30:00.000000062,100004,100,99988,100,100005,100,99978,100,100015,100,99959,200,100052,100,99958,100,100057,100,99954,100,100082,100,99950,100,100092,100,99938,100,100102,100,99935,100,100104,100,99933,100,100112,100,99929,100
2019-06-28 09:30:00.000000063,100004,100,99988,100,100005,100,99978,100,100015,100,99959,200,100052,100,99958,100,100057,100,99954,100,100082,100,99950,100,100087,100,99938,100,100092,100,99935,100,100102,100,99933,100,100104,100,99929,100
2019-06-28 09:30:00.000000065,100004,100,99988,100,100005,100,99978,100,100015,100,99959,200,100052,100,99958,100,100057,100,99954,100,100082,100,99950,100,100087,100,99938,100,100092,100,99935,100,100102,100,99933,100,100104,100,99929,100
2019-06-28 09:30:00.000000068,100004,100,99988,100,100005,100,99978,100,100015,100,99959,200,100046,100,99958,100,100052,100,99954,100,100057,100,99950,100,100082,100,99938,100,100087,100,99935,100,100092,100,99933,100,100102,100,99929,100
2019-06-28 09:30:00.000000072,100004,100,99988,100,100005,100,99978,100,100015,100,99959,200,100046,100,99958,100,100052,100,99954,100,100057,100,99950,100,100082,100,99938,100,100087,100,99935,100,100092,100,99933,100,100102,100,99929,100
2019-06-28 09:30:00.000000073,100004,100,99988,100,100005,100,99978,100,100015,100,99959,200,100046,100,99958,100,100052,100,99954,100,100057,100,99950,100,100082,100,99938,100,100087,100,99935,100,100092,100,99933,100,100102,100,99929,100
2019-06-28 09:30:00.000000075,100004,100,99988,100,100005,100,99978,100,100015,100,99959,200,100046,100,99958,100,100052,100,99954,100,100057,100,99950,100,100082,100,99938,100,100087,100,99935,100,100092,100,99933,100,100102,100,99929,100
2019-06-28 09:30:00.000000077,100005,100,99988,100,100015,100,99978,100,100046,100,99959,200,100052,100,99958,100,100057,100,99954,100,100082,100,99950,100,100087,100,99938,100,100092,100,99935,100,100102,100,99933,100,100104,100,99929,100
2019-06-28 09:30:00.000000078,100005,100,99988,100,100015,200,99978,100,100046,100,99959,200,100052,100,99958,100,100057,100,99954,100,100082,100,99950,100,100087,100,99938,100,100092,100,99935,100,100102,100,99933,100,100104,100,99929,100
2019-06-28 09:30:00.000000080,100005,100,99988,100,100015,200,99978,100,100046,100,99959,200,100052,100,99958,100,100053,100,99954,100,100057,100,99950,100,100082,100,99938,100,100087,100,99935,100,100092,100,99933,100,100102,100,99929,100
2019-06-28 09:30:00.000000081,100005,100,99988,100,100015,200,99978,100,100046,100,99959,200,100052,100,99958,100,100053,100,99954,100,100057,100,99950,100,100082,100,99938,100,100087,100,99935,100,100092,100,99933,100,100102,100,99929,100
2019-06-28 09:30:00.000000089,100004,100,99988,100,100005,100,99978,100,100015,200,99959,200,100046,100,99958,100,100052,100,99954,100,100053,100,99950,100,100057,100,99938,100,100082,100,99935,100,100087,100,99933,100,100092,100,99929,100
2019-06-28 09:30:00.000000091,100004,100,99988,100,100005,100,99978,100,100015,200,99959,200,100040,100,99958,100,100046,100,99954,100,100052,100,99950,100,100053,100,99938,100,100057,100,99935,100,100082,100,99933,100,100087,100,99929,100
2019-06-28 09:30:00.000000094,100004,100,99988,100,100005,100,99978,100,100006,100,99959,200,100015,200,99958,100,100040,100,99954,100,100046,100,99950,100,100052,100,99938,100,100053,100,99935,100,100057,100,99933,100,100082,100,99929,100
2019-06-28 09:30:00.000000095,100004,100,99988,100,100005,100,99978,100,100006,100,99959,200,100015,200,99958,100,100040,100,99954,100,100046,100,99950,100,100049,100,99938,100,100052,100,99935,100,100053,100,99933,100,100057,100,99929,100
2019-06-28 09:30:00.000000096,100004,200,99988,100,100005,100,99978,100,100006,100,99959,200,100015,200,99958,100,100040,100,99954,100,100046,100,99950,100,100049,100,99938,100,100052,100,99935,100,100053,100,99933,100,100057,100,99929,100
2019-06-28 09:30:00.000000097,100004,200,99978,100,100005,100,99959,200,100006,100,99958,100,100015,200,99954,100,100040,100,99950,100,100046,100,99938,100,100049,100,99935,100,100052,100,99933,100,100053,100,99929,100,100057,100,99915,200
2019-06-28 09:30:00.000000099,100004,200,99978,100,100005,100,99959,200,100006,100,99958,100,100015,200,99954,100,100040,100,99950,100,100046,100,99938,100,100049,100,99935,100,100052,100,99933,100,100053,100,99929,100,100057,100,99915,200
2019-06-28 09:30:10.000000000,100004,256,99978,156,100005,156,99959,256,100006,156,99958,156,100015,256,99954,156,100040,156,99950,156,100046,100,99938,100,100049,100,99935,100,100052,100,99933,100,100053,100,99929,100,100057,100,99915,200
2019-06-28 09:30:12.166745577,100004,256,99998,100,100005,156,99978,156,100006,156,99959,256,100015,256,99958,156,100040,156,99954,156,100046,100,99950,156,100049,100,99938,100,100052,100,99935,100,100053,100,99933,100,100057,100,99929,100
2019-06-28 09:30:17.908402049,100004,156,99998,100,100005,156,99978,156,100006,156,99959,256,100015,256,99958,156,100040,156,99954,156,100046,100,99950,156,100049,100,99938,100,100052,100,99935,100,100053,100,99933,100,100057,100,99915,200
2019-06-28 09:30:19.115160357,100004,156,99998,100,100005,156,99978,156,100006,156,99959,256,100015,256,99958,156,100040,156,99954,156,100049,100,99950,156,100052,100,99938,100,100053,100,99935,100,100057,100,99933,100,100082,100,99915,200
2019-06-28 09:30:20.000000000,100004,239,99998,239,100005,239,99978,239,100006,100,99959,200,100015,200,99958,100,100040,100,99954,100,100049,100,99950,100,100052,100,99938,100,100053,100,99935,100,100057,100,99933,100,100082,100,99915,200
2019-06-28 09:30:26.971073592,100004,239,99998,239,100005,239,99978,239,100006,100,99961,100,100015,200,99959,200,100040,100,99958,100,100049,100,99954,100,100052,100,99950,100,100053,100,99938,100,100057,100,99935,100,100082,100,99915,200
2019-06-28 09:30:30.000000000,100004,239,99998,239,100005,239,99978,239,100006,100,99961,100,100015,200,99959,200,100040,100,99958,100,100049,100,99954,100,100052,100,99950,100,100053,100,99938,100,100057,100,99935,100,100082,100,99915,200
2019-06-28 09:30:40.000000000,100004,195,99998,195,100005,192,99978,192,100006,192,99961,192,100015,200,99959,200,100040,100,99958,100,100049,100,99954,100,100052,100,99950,100,100053,100,99938,100,100057,100,99935,100,100082,100,99915,200
2019-06-28 09:30:50.000000000,100004,156,99998,156,100005,156,99978,156,100006,156,99961,156,100015,256,99959,256,100040,156,99958,156,100049,100,99954,100,100052,100,99950,100,100053,100,99938,100,100057,100,99935,100,100082,100,99915,200
2019-06-28 09:31:00.000000000,100004,378,99998,378,100005,100,99978,100,100006,100,99961,100,100015,200,99959,200,100040,100,99958,100,100049,100,99954,100,100052,100,99950,100,100053,100,99938,100,100057,100,99935,100,100082,100,99915,200
2019-06-28 09:31:10.000000000,100004,156,99998,156,100005,156,99978,156,100006,156,99961,156,100015,256,99959,256,100040,156,99958,156,100049,100,99954,100,100052,100,99950,100,100053,100,99938,100,100057,100,99935,100,100082,100,99915,200
2019-06-28 09:31:13.164952460,100004,156,99998,156,100005,156,99978,156,100006,156,99961,156,100015,256,99959,156,100040,156,99958,156,100049,100,99954,100,100052,100,99950,100,100053,100,99938,100,100057,100,99935,100,100082,100,99915,200
2019-06-28 09:31:14.970150661,100004,156,99998,156,100005,156,99978,156,100006,156,99961,156,100015,256,99959,156,100040,156,99958,156,100049,100,99954,100,100052,100,99950,100,100053,100,99938,100,100057,100,99935,100,100082,100,99915,200
2019-06-28 09:31:20.000000000,100004,170,99998,170,100005,170,99978,170,100006,170,99961,170,100015,270,99959,170,100040,100,99958,100,100049,100,99954,100,100052,100,99950,100,100053,100,99938,100,100057,100,99935,100,100082,100,99915,200
2019-06-28 09:31:30.000000000,100004,170,99998,170,100005,170,99978,170,100006,170,99961,170,100015,270,99959,170,100040,100,99958,100,100049,100,99954,100,100052,100,99950,100,100053,100,99938,100,100057,100,99935,100,100082,100,99915,200
2019-06-28 09:31:37.616703220,100004,170,99998,170,100005,170,99978,170,100006,170,99961,170,100015,270,99959,170,100040,100,99958,100,100049,100,99954,100,100052,100,99950,100,100053,100,99938,100,100057,100,99935,100,100082,100,99915,100
2019-06-28 09:31:38.287305514,100004,170,99998,170,100005,170,99978,170,100006,170,99961,170,100015,270,99959,170,100040,100,99958,100,100049,100,99954,100,100052,100,99950,100,100053,100,99938,100,100057,100,99935,100,100082,100,99915,100
2019-06-28 09:31:40.000000000,100004,195,99998,195,100005,192,99978,192,100006,192,99961,192,100015,200,99959,100,100040,100,99958,100,100049,100,99954,100,100052,100,99950,100,100053,100,99938,100,100057,100,99935,100,100082,100,99915,100
2019-06-28 09:31:44.353304449,100004,95,99998,195,100005,192,99978,192,100006,192,99961,192,100015,200,99959,100,100040,100,99958,100,100049,100,99954,100,100052,100,99950,100,100053,100,99938,100,100057,100,99935,100,100082,100,99915,100
2019-06-28 09:31:44.936497308,100004,95,99998,195,100005,192,99978,192,100006,192,99961,192,100015,200,99959,100,100040,100,99958,100,100049,100,99954,100,100052,100,99950,100,100053,100,99938,100,100082,100,99935,100,100087,100,99915,100
2019-06-28 09:31:50.000000000,100005,378,99998,378,100006,100,99978,100,100015,200,99961,100,100040,100,99959,100,100049,100,99958,100,100052,100,99954,100,100053,100,99950,100,100082,100,99938,100,100087,100,99935,100,100092,100,99915,100
2019-06-28 09:31:52.412808269,100005,378,100004,100,100006,100,99998,378,100015,200,99978,100,100040,100,99961,100,100049,100,99959,100,100052,100,99958,100,100053,100,99954,100,100082,100,99950,100,100087,100,99938,100,100092,100,99935,100
2019-06-28 09:31:53.581228577,100005,378,100004,100,100006,100,99998,378,100015,200,99978,100,100040,100,99961,100,100049,100,99959,100,100052,100,99958,100,100053,100,99954,100,100082,100,99950,100,100087,100,99938,100,100092,100,99935,100
2019-06-28 09:31:59.335582892,100005,278,100004,100,100006,100,99998,378,100015,200,99978,100,100040,100,99961,100,100049,100,99959,100,100052,100,99958,100,100053,100,99954,100,100082,100,99950,100,100087,100,99935,100,100092,100,99915,100
2019-06-28 09:32:00.000000000,100006,170,100004,170,100015,270,99998,170,100040,170,99978,170,100049,170,99961,170,100052,100,99959,100,100053,100,99958,100,100082,100,99954,100,100087,100,99950,100,100092,100,99935,100,100102,100,99915,100
2019-06-28 09:32:10.000000000,100006,156,100004,156,100015,256,99998,156,100040,156,99978,156,100049,156,99961,156,100052,156,99959,156,100053,100,99958,100,100082,100,99954,100,100087,100,99950,100,100092,100,99935,100,100102,100,99915,100
2019-06-28 09:32:20.000000000,100006,156,100004,156,100015,256,99998,156,100040,156,99978,156,100049,156,99961,156,100052,156,99959,156,100053,100,99958,100,100082,100,99954,100,100087,100,99950,100,100092,100,99935,100,100102,100,99915,100
2019-06-28 09:32:30.000000000,100006,195,100004,195,100015,292,99998,192,100040,192,99978,192,100049,100,99961,100,100052,100,99959,100,100053,100,99958,100,100082,100,99954,100,100087,100,99950,100,100092,100,99935,100,100102,100,99915,100
2019-06-28 09:32:40.000000000,100006,378,100004,378,100015,200,99998,100,100040,100,99978,100,100049,100,99961,100,100052,100,99959,100,100053,100,99958,100,100082,100,99954,100,100087,100,99950,100,100092,100,99935,100,100102,100,99915,100
2019-06-28 09:32:50.000000000,100006,170,100004,170,100015,270,99998,170,100040,170,99978,170,100049,170,99961,170,100052,100,99959,100,100053,100,99958,100,100082,100,99954,100,100087,100,99950,100,100092,100,99935,100,100102,100,99915,100
2019-06-28 09:33:00.000000000,100006,239,100004,239,100015,339,99998,239,100040,100,99978,100,100049,100,99961,100,100052,100,99959,100,100053,100,99958,100,100082,100,99954,100,100087,100,99950,100,100092,100,99935,100,100102,100,99915,100
2019-06-28 09:33:06.770179201,100006,139,100004,239,100015,339,99998,239,100040,100,99978,100,100049,100,99961,100,100052,100,99959,100,100053,100,99958,100,100082,100,99954,100,100087,100,99950,100,100092,100,99935,100,100102,100,99915,100
2019-06-28 09:33:10.000000000,100015,295,100004,195,100040,192,99998,192,100049,192,99978,192,100052,100,99961,100,100053,100,99959,100,100082,100,99958,100,100087,100,99954,100,100092,100,99950,100,100102,100,99935,100,100106,100,99915,100
2019-06-28 09:33:17.965938270,100015,295,100004,195,100040,192,99998,192,100049,192,99978,192,100052,100,99961,100,100053,100,99959,100,100082,100,99958,100,100087,100,99954,100,100092,100,99950,100,100102,100,99935,100,100106,100,99915,100
2019-06-28 09:33:20.000000000,100015,270,100004,170,100040,170,99998,170,100049,170,99978,170,100052,170,99961,170,100053,100,99959,100,100082,100,99958,100,100087,100,99954,100,100092,100,99950,100,100102,100,99935,100,100106,100,99915,100
2019-06-28 09:33:24.022509736,100015,170,100004,170,100040,170,99998,170,100049,170,99978,170,100052,170,99961,170,100053,100,99959,100,100082,100,99958,100,100087,100,99954,100,100092,100,99950,100,100102,100,99935,100,100106,100,99915,100
2019-06-28 09:33:28.424979872,100015,170,100004,170,100040,170,99998,170,100049,70,99978,170,100052,170,99961,170,100053,100,99959,100,100082,100,99958,100,100087,100,99954,100,100092,100,99950,100,100102,100,99935,100,100106,100,99915,100
2019-06-28 09:33:30.000000000,100015,378,100004,378,100040,100,99998,100,100052,100,99978,100,100053,100,99961,100,100082,100,99959,100,100087,100,99958,100,100092,100,99954,100,100102,100,99950,100,100106,100,99935,100,100112,100,99915,100
2019-06-28 09:33:40.000000000,100015,195,100004,195,100040,192,99998,192,100052,192,99978,192,100053,100,99961,100,100082,100,99959,100,100087,100,99958,100,100092,100,99954,100,100102,100,99950,100,100106,100,99935,100,100112,100,99915,100
2019-06-28 09:33:45.531084316,100015,195,100004,195,100040,192,99998,192,100052,192,99978,92,100053,100,99961,100,100082,100,99959,100,100087,100,99958,100,100092,100,99954,100,100102,100,99950,100,100106,100,99935,100,100112,100,99915,100
2019-06-28 09:33:50.000000000,100015,239,100004,239,100040,239,99998,239,100052,100,99961,100,100053,100,99959,100,100082,100,99958,100,100087,100,99954,100,100092,100,99950,100,100102,100,99935,100,100106,100,99915,100,100112,100,99912,200
2019-06-28 09:34:00.000000000,100015,170,100004,170,100040,170,99998,170,100052,170,99961,170,100053,170,99959,170,100082,100,99958,100,100087,100,99954,100,100092,100,99950,100,100102,100,99935,100,100106,100,99915,100,100112,100,99912,200
2019-06-28 09:34:10.000000000,100015,239,100004,239,100040,239,99998,239,100052,100,99961,100,100053,100,99959,100,100082,100,99958,100,100087,100,99954,100,100092,100,99950,100,100102,100,99935,100,100106,100,99915,100,100112,100,99912,200
2019-06-28 09:34:20.000000000,100015,170,100004,170,100040,170,99998,170,100052,170,99961,170,100053,170,99959,170,100082,100,99958,100,100087,100,99954,100,100092,100,99950,100,100102,100,99935,100,100106,100,99915,100,100112,100,99912,200
2019-06-28 09:34:30.000000000,100015,170,100004,170,100040,170,99998,170,100052,170,99961,170,100053,170,99959,170,100082,100,99958,100,100087,100,99954,100,100092,100,99950,100,100102,100,99935,100,100106,100,99915,100,100112,100,99912,200
2019-06-28 09:34:40.000000000,100015,156,100004,156,100040,156,99998,156,100052,156,99961,156,100053,156,99959,156,100082,156,99958,156,100087,100,99954,100,100092,100,99950,100,100102,100,99935,100,100106,100,99915,100,100112,100,99912,200
2019-06-28 09:34:50.000000000,100015,156,100004,156,100040,156,99998,156,100052,156,99961,156,100053,156,99959,156,100082,156,99958,156,100087,100,99954,100,100092,100,99950,100,100102,100,99935,100,100106,100,99915,100,100112,100,99912,200
2019-06-28 09:35:00.000000000,100015,378,100004,378,100040,100,99998,100,100052,100,99961,100,100053,100,99959,100,100082,100,99958,100,100087,100,99954,100,100092,100,99950,100,100102,100,99935,100,100106,100,99915,100,100112,100,99912,200
2019-06-28 09:35:10.000000000,100015,170,100004,170,100040,170,99998,170,100052,170,99961,170,100053,170,99959,170,100082,100,99958,100,100087,100,99954,100,100092,100,99950,100,100102,100,99935,100,100106,100,99915,100,100112,100,99912,200
2019-06-28 09:35:15.711938786,100005,100,100004,70,100015,170,99998,170,100040,170,99961,170,100052,170,99959,170,100053,170,99958,100,100082,100,99954,100,100087,100,99950,100,100092,100,99935,100,100102,100,99915,100,100106,100,99912,200
2019-06-28 09:35:20.000000000,100005,378,99998,378,100015,100,99961,100,100040,100,99959,100,100052,100,99958,100,100053,100,99954,100,100082,100,99950,100,100087,100,99935,100,100092,100,99915,100,100102,100,99912,200,100106,100,99911,100
2019-06-28 09:35:30.000000000,100005,195,99998,195,100015,192,99961,192,100040,192,99959,192,100052,100,99958,100,100053,100,99954,100,100082,100,99950,100,100087,100,99935,100,100092,100,99915,100,100102,100,99912,200,100106,100,99911,100
2019-06-28 09:35:39.980925658,100005,195,99998,195,100015,192,99961,192,100040,192,99959,192,100052,100,99958,100,100053,100,99954,100,100066,100,99950,100,100082,100,99915,100,100087,100,99912,200,100092,100,99911,100,100102,100,99907,100
2019-06-28 09:35:40.000000000,100005,378,99998,378,100015,100,99961,100,100040,100,99959,100,100052,100,99958,100,100053,100,99954,100,100066,100,99950,100,100082,100,99915,100,100087,100,99912,200,100092,100,99911,100,100102,100,99907,100
2019-06-28 09:35:50.000000000,100005,195,99998,195,100015,192,99961,192,100040,192,99959,192,100052,100,99958,100,100053,100,99954,100,100066,100,99950,100,100082,100,99915,100,100087,100,99912,200,100092,100,99911,100,100102,100,99907,100
2019-06-28 09:36:00.000000000,100005,378,99998,378,100015,100,99961,100,100040,100,99959,100,100052,100,99958,100,100053,100,99954,100,100066,100,99950,100,100082,100,99915,100,100087,100,99912,200,100092,100,99911,100,100102,100,99907,100
2019-06-28 09:36:05.565075454,100005,378,99998,378,100015,100,99961,100,100040,100,99959,100,100052,100,99958,100,100053,100,99954,100,100066,100,99950,100,100082,100,99921,100,100087,100,99915,100,100092,100,99912,200,100102,100,99911,100
2019-06-28 09:36:10.000000000,100005,195,99998,195,100015,192,99961,192,100040,192,99959,192,100052,100,99958,100,100053,100,99954,100,100066,100,99950,100,100082,100,99921,100,100087,100,99915,100,100092,100,99912,200,100102,100,99911,100
2019-06-28 09:36:20.000000000,100005,378,99998,378,100015,100,99961,100,100040,100,99959,100,100052,100,99958,100,100053,100,99954,100,100066,100,99950,100,100082,100,99921,100,100087,100,99915,100,100092,100,99912,200,100102,100,99911,100
2019-06-28 09:36:23.077670137,100005,278,99998,378,100015,100,99961,100,100040,100,99959,100,100052,100,99958,100,100053,100,99954,100,100066,100,99950,100,100082,100,99921,100,100087,100,99915,100,100092,100,99912,200,100102,100,99911,100
2019-06-28 09:36:30.000000000,100015,170,99998,170,100040,170,99961,170,100052,170,99959,170,100053,170,99958,170,100066,100,99954,100,100082,100,99950,100,100087,100,99921,100,100092,100,99915,100,100102,100,99912,200,100106,100,99911,100
2019-06-28 09:36:35.039098232,100015,170,99998,170,100040,170,99961,170,100052,170,99959,170,100053,170,99958,170,100066,100,99954,100,100082,100,99950,100,100087,100,99921,100,100092,100,99915,100,100102,100,99912,200,100106,100,99911,100
2019-06-28 09:36:37.070764328,100015,70,99998,170,100040,170,99961,170,100052,170,99959,170,100053,170,99958,170,100082,100,99954,100,100087,100,99950,100,100092,100,99921,100,100102,100,99915,100,100106,100,99912,200,100112,100,99911,100
2019-06-28 09:36:40.000000000,100040,170,99998,170,100052,170,99961,170,100053,170,99959,170,100082,170,99958,170,100087,100,99954,100,100092,100,99950,100,100102,100,99921,100,100106,100,99915,100,100112,100,99912,200,100117,100,99911,100
2019-06-28 09:36:50.000000000,100040,156,99998,156,100052,156,99961,156,100053,156,99959,156,100082,156,99958,156,100087,156,99954,156,100092,100,99950,100,100102,100,99921,100,100106,100,99915,100,100112,100,99912,200,100117,100,99911,100
2019-06-28 09:36:53.110581480,100040,156,100037,100,100052,156,99998,156,100053,156,99961,156,100082,156,99959,156,100087,156,99958,156,100092,100,99954,156,100102,100,99950,100,100106,100,99921,100,100112,100,99915,100,100117,100,99912,200
2019-06-28 09:36:58.816377745,100040,156,100037,100,100052,156,99998,156,100053,56,99961,156,100082,156,99959,156,100087,156,99958,156,100092,100,99954,156,100102,100,99950,100,100106,100,99921,100,100112,100,99915,100,100117,100,99912,200
2019-06-28 09:37:00.000000000,100040,378,100037,378,100052,100,99998,100,100082,100,99961,100,100087,100,99959,100,100092,100,99958,100,100102,100,99954,100,100106,100,99950,100,100112,100,99921,100,100117,100,99915,100,100149,100,99912,200
2019-06-28 09:37:10.000000000,100040,239,100037,239,100052,239,99998,239,100082,100,99961,100,100087,100,99959,100,100092,100,99958,100,100102,100,99954,100,100106,100,99950,100,100112,100,99921,100,100117,100,99915,100,100149,100,99912,200
2019-06-28 09:37:16.736273269,100040,239,100037,239,100052,239,99998,239,100082,100,99961,100,100087,100,99959,100,100092,100,99958,100,100102,100,99954,100,100106,100,99950,100,100112,100,99921,100,100117,100,99915,100,100149,100,99912,200
2019-06-28 09:37:20.000000000,100040,378,100037,378,100052,100,99998,100,100082,100,99961,100,100087,100,99959,100,100092,100,99958,100,100102,100,99954,100,100106,100,99950,100,100112,100,99921,100,100117,100,99915,100,100149,100,99912,200
2019-06-28 09:37:30.000000000,100040,170,100037,170,100052,170,99998,170,100082,170,99961,170,100087,170,99959,170,100092,100,99958,100,100102,100,99954,100,100106,100,99950,100,100112,100,99921,100,100117,100,99915,100,100149,100,99912,200
2019-06-28 09:37:40.000000000,100040,195,100037,195,100052,192,99998,192,100082,192,99961,192,100087,100,99959,100,100092,100,99958,100,100102,100,99954,100,100106,100,99950,100,100112,100,99921,100,100117,100,99915,100,100149,100,99912,200
2019-06-28 09:37:50.000000000,100040,239,100037,239,100052,239,99998,239,100082,100,99961,100,100087,100,99959,100,100092,100,99958,100,100102,100,99954,100,100106,100,99950,100,100112,100,99921,100,100117,100,99915,100,100149,100,99912,200
2019-06-28 09:38:00.000000000,100040,239,100037,239,100052,239,99998,239,100082,100,99961,100,100087,100,99959,100,100092,100,99958,100,100102,100,99954,100,100106,100,99950,100,100112,100,99921,100,100117,100,99915,100,100149,100,99912,200
2019-06-28 09:38:02.301274083,100040,239,100037,239,100052,239,99998,239,100082,100,99961,100,100087,100,99959,100,100092,100,99958,100,100102,100,99954,100,100106,100,99950,100,100112,100,99921,100,100117,100,99915,100,100149,100,99912,200
2019-06-28 09:38:10.000000000,100040,156,100037,156,100052,156,99998,156,100082,156,99961,156,100087,156,99959,156,100092,156,99958,156,100102,100,99954,100,100106,100,99950,100,100112,100,99921,100,100117,100,99915,100,100149,100,99912,200
2019-06-28 09:38:10.655186719,100040,56,100037,156,100052,156,99998,156,100082,156,99961,156,100087,156,99959,156,100092,156,99958,156,100102,100,99954,100,100106,100,99950,100,100112,100,99921,100,100117,100,99915,100,100149,100,99912,200
2019-06-28 09:38:13.958864570,100052,156,100040,44,100082,156,100037,156,100087,156,99998,156,100092,156,99961,156,100102,100,99959,156,100106,100,99958,156,100112,100,99954,100,100117,100,99950,100,100149,100,99921,100,100152,100,99915,100
2019-06-28 09:38:18.281984211,100052,156,100040,144,100082,156,100037,156,100087,156,99998,156,100092,156,99961,156,100102,100,99959,156,100106,100,99958,156,100112,100,99954,100,100117,100,99950,100,100149,100,99921,100,100152,100,99915,100
2019-06-28 09:38:20.000000000,100052,170,100040,214,100082,170,100037,170,100087,170,99998,170,100092,170,99961,170,100102,100,99959,100,100106,100,99958,100,100112,100,99954,100,100117,100,99950,100,100149,100,99921,100,100152,100,99915,100
2019-06-28 09:38:30.000000000,100052,156,100040,200,100082,156,100037,156,100087,156,99998,156,100092,156,99961,156,100102,156,99959,156,100106,100,99958,100,100112,100,99954,100,100117,100,99950,100,100149,100,99921,100,100152,100,99915,100
2019-06-28 09:38:33.436918751,100052,56,100040,300,100082,156,100037,156,100087,156,99998,156,100092,156,99961,156,100102,156,99959,156,100106,100,99958,100,100112,100,99954,100,100117,100,99950,100,100149,100,99921,100,100152,100,99915,100
2019-06-28 09:38:34.975290321,100082,156,100052,44,100087,156,100040,300,100092,156,100037,156,100102,156,99998,156,100106,100,99961,156,100112,100,99959,156,100117,100,99958,100,100149,100,99954,100,100152,100,99950,100,100158,100,99921,100
2019-06-28 09:38:40.000000000,100082,195,100052,139,100087,192,100040,336,100092,192,100037,192,100102,100,99998,100,100106,100,99961,100,100112,100,99959,100,100117,100,99958,100,100149,100,99954,100,100152,100,99950,100,100158,100,99921,100
2019-06-28 09:38:47.636910814,100082,195,100052,139,100087,192,100041,100,100092,192,100040,336,100102,100,100037,192,100106,100,99998,100,100112,100,99961,100,100117,100,99959,100,100149,100,99958,100,100152,100,99954,100,100166,100,99950,100
2019-06-28 09:38:50.000000000,100082,378,100052,322,100087,100,100041,100,100092,100,100040,244,100102,100,100037,100,100106,100,99998,100,100112,100,99961,100,100117,100,99959,100,100149,100,99958,100,100152,100,99954,100,100166,100,99950,100
2019-06-28 09:39:00.000000000,100082,170,100052,114,100087,170,100041,170,100092,170,100040,314,100102,170,100037,170,100106,100,99998,100,100112,100,99961,100,100117,100,99959,100,100149,100,99958,100,100152,100,99954,100,100166,100,99950,100
2019-06-28 09:39:09.507944429,100082,70,100052,114,100087,170,100041,170,100092,170,100040,314,100102,170,100037,170,100106,100,99998,100,100112,100,99961,100,100117,100,99959,100,100149,100,99958,100,100152,100,99954,100,100208,100,99950,100
2019-06-28 09:39:10.000000000,100087,378,100052,322,100092,100,100041,100,100102,100,100040,244,100106,100,100037,100,100112,100,99998,100,100117,100,99961,100,100149,100,99959,100,100152,100,99958,100,100208,100,99954,100,100224,100,99950,100
2019-06-28 09:39:16.625184977,100087,378,100052,322,100092,100,100041,100,100102,100,100040,244,100106,100,100037,100,100112,100,99998,100,100117,100,99961,100,100149,100,99959,100,100152,100,99958,100,100208,100,99954,100,100224,100,99950,100
2019-06-28 09:39:18.954917381,100087,278,100052,322,100092,100,100041,100,100102,100,100040,244,100106,100,100037,100,100112,100,99998,100,100117,100,99961,100,100149,100,99959,100,100152,100,99958,100,100208,100,99954,100,100224,100,99950,100
2019-06-28 09:39:20.000000000,100092,239,100052,183,100102,239,100041,239,100106,100,100040,244,100112,100,100037,100,100117,100,99998,100,100149,100,99961,100,100152,100,99959,100,100208,100,99958,100,100224,100,99954,100,100240,100,99950,100
2019-06-28 09:39:30.000000000,100092,156,100052,100,100102,156,100041,156,100106,156,100040,300,100112,156,100037,156,100117,156,99998,156,100149,100,99961,100,100152,100,99959,100,100208,100,99958,100,100224,100,99954,100,100240,100,99950,100
2019-06-28 09:39:35.838453301,100092,156,100052,100,100102,156,100041,156,100106,156,100040,300,100112,156,100037,156,100117,156,99998,156,100149,100,99961,100,100152,100,99959,100,100208,100,99958,100,100224,100,99954,100,100240,100,99950,100
2019-06-28 09:39:37.501107187,100092,156,100052,100,100102,156,100041,156,100106,156,100040,300,100112,156,100037,156,100117,156,99998,156,100149,100,99961,100,100152,100,99959,100,100208,100,99958,100,100224,100,99954,100,100240,100,99950,100
2019-06-28 09:39:39.826303783,100092,56,100052,100,100102,156,100041,156,100106,156,100040,300,100112,156,100037,156,100117,156,99998,156,100149,100,99961,100,100152,100,99959,100,100208,100,99958,100,100224,100,99954,100,100240,100,99950,100
2019-06-28 09:39:40.000000000,100102,195,100052,139,100106,192,100041,192,100112,192,100040,336,100117,100,100037,100,100149,100,99998,100,100152,100,99961,100,100208,100,99959,100,100224,100,99958,100,100240,100,99954,100,100274,100,99950,100
2019-06-28 09:39:50.000000000,100102,195,100052,139,100106,192,100041,192,100112,192,100040,336,100117,100,100037,100,100149,100,99998,100,100152,100,99961,100,100208,100,99959,100,100224,100,99958,100,100240,100,99954,100,100274,100,99950,100
2019-06-28 09:39:56.337991573,100102,95,100052,139,100106,192,100041,192,100112,192,100040,336,100117,100,100037,100,100149,100,99998,100,100152,100,99961,100,100208,100,99959,100,100224,100,99958,100,100240,100,99954,100,100274,100,99950,100
2019-06-28 09:40:00.000000000,100106,170,100052,114,100112,170,100041,170,100117,170,100040,314,100149,170,100037,170,100152,100,99998,100,100208,100,99961,100,100224,100,99959,100,100240,100,99958,100,100274,100,99954,100,100397,100,99950,100
2019-06-28 09:40:10.000000000,100106,156,100052,100,100112,156,100041,156,100117,156,100040,300,100149,156,100037,156,100152,156,99998,156,100208,100,99961,100,100224,100,99959,100,100240,100,99958,100,100274,100,99954,100,100397,100,99950,100
2019-06-28 09:40:14.267181820,100112,156,100106,44,100117,156,100052,100,100149,156,100041,156,100152,156,100040,300,100208,100,100037,156,100224,100,99998,156,100240,100,99961,100,100274,100,99959,100,100397,100,99958,100,100461,100,99954,100
2019-06-28 09:40:20.000000000,100112,156,100106,100,100117,156,100052,100,100149,156,100041,156,100152,156,100040,300,100208,156,100037,156,100224,100,99998,100,100240,100,99961,100,100274,100,99959,100,100397,100,99958,100,100461,100,99954,100
2019-06-28 09:40:21.873921128,100112,156,100106,100,100117,156,100102,100,100149,156,100052,100,100152,156,100041,156,100208,156,100040,300,100224,100,100037,156,100240,100,99998,100,100274,100,99961,100,100397,100,99959,100,100461,100,99958,100
2019-06-28 09:40:30.000000000,100112,239,100106,183,100117,239,100102,239,100149,100,100052,44,100152,100,100041,100,100208,100,100040,244,100224,100,100037,100,100240,100,99998,100,100274,100,99961,100,100397,100,99959,100,100461,100,99958,100
2019-06-28 09:40:40.000000000,100112,170,100106,114,100117,170,100102,170,100149,170,100052,114,100152,170,100041,170,100208,100,100040,244,100224,100,100037,100,100240,100,99998,100,100274,100,99961,100,100397,100,99959,100,100461,100,99958,100
2019-06-28 09:40:50.000000000,100112,378,100106,322,100117,100,100102,100,100149,100,100052,44,100152,100,100041,100,100208,100,100040,244,100224,100,100037,100,100240,100,99998,100,100274,100,99961,100,100397,100,99959,100,100461,100,99958,100
2019-06-28 09:41:00.000000000,100112,156,100106,100,100117,156,100102,156,100149,156,100052,100,100152,156,100041,156,100208,156,100040,300,100224,100,100037,100,100240,100,99998,100,100274,100,99961,100,100397,100,99959,100,100461,100,99958,100
2019-06-28 09:41:00.601577228,100112,156,100106,100,100117,156,100102,156,100149,156,100052,100,100152,156,100041,156,100208,156,100040,300,100224,100,100037,100,100240,100,99998,100,100274,100,99961,100,100397,100,99959,100,100461,100,99958,100
2019-06-28 09:41:00.798943507,100112,156,100106,100,100117,56,100102,156,100149,156,100052,100,100152,156,100041,156,100208,156,100040,300,100224,100,100037,100,100227,100,99998,100,100240,100,99961,100,100274,100,99959,100,100397,100,99958,100
2019-06-28 09:41:10.000000000,100112,156,100106,100,100149,156,100102,156,100152,156,100052,100,100208,156,100041,156,100224,156,100040,300,100227,100,100037,100,100240,100,99998,100,100274,100,99961,100,100397,100,99959,100,100461,100,99958,100
2019-06-28 09:41:20.000000000,100112,170,100106,114,100149,170,100102,170,100152,170,100052,114,100208,170,100041,170,100224,100,100040,244,100227,100,100037,100,100240,100,99998,100,100274,100,99961,100,100397,100,99959,100,100461,100,99958,100
2019-06-28 09:41:29.648511616,100112,170,100106,114,100149,170,100102,170,100152,170,100052,114,100208,170,100041,170,100224,100,100040,244,100227,100,100037,100,100240,100,99998,100,100397,100,99961,100,100461,100,99959,100,100476,100,99958,100
2019-06-28 09:41:30.000000000,100112,156,100106,100,100149,156,100102,156,100152,156,100052,100,100208,156,100041,156,100224,156,100040,300,100227,100,100037,100,100240,100,99998,100,100397,100,99961,100,100461,100,99959,100,100476,100,99958,100
2019-06-28 09:41:40.000000000,100112,195,100106,139,100149,192,100102,192,100152,192,100052,136,100208,100,100041,100,100224,100,100040,244,100227,100,100037,100,100240,100,99998,100,100397,100,99961,100,100461,100,99959,100,100476,100,99958,100
2019-06-28 09:41:50.000000000,100112,378,100106,322,100149,100,100102,100,100152,100,100052,44,100208,100,100041,100,100224,100,100040,244,100227,100,100037,100,100240,100,99998,100,100397,100,99961,100,100461,100,99959,100,100476,100,99958,100
2019-06-28 09:42:00.000000000,100112,170,100106,114,100149,170,100102,170,100152,170,100052,114,100208,170,100041,170,100224,100,100040,244,100227,100,100037,100,100240,100,99998,100,100397,100,99961,100,100461,100,99959,100,100476,100,99958,100
2019-06-28 09:42:10.000000000,100112,170,100106,114,100149,170,100102,170,100152,170,100052,114,100208,170,100041,170,100224,100,100040,244,100227,100,100037,100,100240,100,99998,100,100397,100,99961,100,100461,100,99959,100,100476,100,99958,100
2019-06-28 09:42:20.000000000,100112,378,100106,322,100149,100,100102,100,100152,100,100052,44,100208,100,100041,100,100224,100,100040,244,100227,100,100037,100,100240,100,99998,100,100397,100,99961,100,100461,100,99959,100,100476,100,99958,100
2019-06-28 09:42:22.816276263,100112,378,100106,322,100149,100,100102,100,100152,100,100052,44,100208,100,100041,100,100224,100,100040,244,100227,100,100037,100,100240,100,99961,100,100397,100,99959,100,100461,100,99958,100,100476,100,99954,100
2019-06-28 09:42:30.000000000,100112,170,100106,114,100149,170,100102,170,100152,170,100052,114,100208,170,100041,170,100224,100,100040,244,100227,100,100037,100,100240,100,99961,100,100397,100,99959,100,100461,100,99958,100,100476,100,99954,100
2019-06-28 09:42:40.000000000,100112,156,100106,100,100149,156,100102,156,100152,156,100052,100,100208,156,100041,156,100224,156,100040,300,100227,100,100037,100,100240,100,99961,100,100397,100,99959,100,100461,100,99958,100,100476,100,99954,100
2019-06-28 09:42:50.000000000,100112,239,100106,183,100149,239,100102,239,100152,100,100052,44,100208,100,100041,100,100224,100,100040,244,100227,100,100037,100,100240,100,99961,100,100397,100,99959,100,100461,100,99958,100,100476,100,99954,100
2019-06-28 09:42:51.861107696,100112,239,100106,83,100149,239,100102,239,100152,100,100052,44,100208,100,100041,100,100224,100,100040,244,100227,100,100037,100,100240,100,99961,100,100397,100,99958,100,100461,100,99954,100,100476,100,99950,100
2019-06-28 09:42:54.429162774,100106,17,100102,239,100112,239,100052,44,100149,239,100041,100,100152,100,100040,244,100208,100,100037,100,100224,100,99961,100,100227,100,99958,100,100240,100,99954,100,100397,100,99950,100,100461,100,99928,100
2019-06-28 09:43:00.000000000,100106,156,100102,239,100112,239,100052,183,100149,100,100041,100,100152,100,100040,244,100208,100,100037,100,100224,100,99961,100,100227,100,99958,100,100240,100,99954,100,100397,100,99950,100,100461,100,99928,100
2019-06-28 09:43:02.080739619,100106,156,100102,139,100112,239,100052,183,100149,100,100041,100,100152,100,100040,244,100208,100,100037,100,100224,100,99961,100,100227,100,99958,100,100240,100,99954,100,100397,100,99950,100,100461,100,99928,100
2019-06-28 09:43:04.629713715,100106,156,100102,139,100112,239,100052,183,100149,100,100041,100,100152,100,100040,244,100208,100,100037,100,100224,100,99961,100,100227,100,99958,100,100240,100,99954,100,100397,100,99950,100,100461,100,99928,100
2019-06-28 09:43:08.788482519,100106,156,100102,139,100112,239,100052,183,100149,100,100041,100,100152,100,100040,244,100208,100,100037,100,100224,100,99961,100,100227,100,99958,100,100240,100,99954,100,100397,100,99950,100,100461,100,99928,100
2019-06-28 09:43:10.000000000,100106,73,100052,100,100112,156,100041,156,100149,156,100040,300,100152,156,100037,156,100208,156,99961,156,100224,100,99958,100,100227,100,99954,100,100240,100,99950,100,100397,100,99928,100,100461,100,99921,100
2019-06-28 09:43:11.099703525,100106,73,100041,156,100112,156,100040,300,100149,156,100037,156,100152,156,99961,156,100208,156,99958,100,100224,100,99954,100,100227,100,99928,100,100240,100,99921,100,100397,100,99915,100,100461,100,99912,200
2019-06-28 09:43:20.000000000,100106,156,100041,239,100112,239,100040,383,100149,100,100037,100,100152,100,99961,100,100208,100,99958,100,100224,100,99954,100,100227,100,99928,100,100240,100,99921,100,100397,100,99915,100,100461,100,99912,200
2019-06-28 09:43:22.405668609,100106,156,100041,239,100112,239,100040,339,100149,100,100037,100,100152,100,99961,100,100208,100,99958,100,100224,100,99954,100,100227,100,99928,100,100240,100,99921,100,100397,100,99915,100,100461,100,99912,200
2019-06-28 09:43:23.477690845,100106,156,100041,239,100112,239,100040,339,100149,100,100037,100,100152,100,99961,100,100208,100,99958,100,100224,100,99954,100,100227,100,99928,100,100240,100,99921,100,100397,100,99915,100,100461,100,99912,200
2019-06-28 09:43:29.746223941,100106,156,100041,139,100112,239,100040,339,100149,100,100037,100,100152,100,99961,100,100208,100,99958,100,100224,100,99954,100,100227,100,99928,100,100240,100,99921,100,100397,100,99915,100,100461,100,99912,200
2019-06-28 09:43:30.000000000,100106,87,100040,270,100112,170,100037,170,100149,170,99961,170,100152,170,99958,170,100208,100,99954,100,100224,100,99928,100,100227,100,99921,100,100240,100,99915,100,100397,100,99912,200,100461,100,99907,100
2019-06-28 09:43:40.000000000,100106,87,100040,270,100112,170,100037,170,100149,170,99961,170,100152,170,99958,170,100208,100,99954,100,100224,100,99928,100,100227,100,99921,100,100240,100,99915,100,100397,100,99912,200,100461,100,99907,100
2019-06-28 09:43:50.000000000,100106,73,100040,256,100112,156,100037,156,100149,156,99961,156,100152,156,99958,156,100208,156,99954,156,100224,100,99928,100,100227,100,99921,100,100240,100,99915,100,100397,100,99912,200,100461,100,99907,100
2019-06-28 09:44:00.000000000,100106,73,100040,256,100112,156,100037,156,100149,156,99961,156,100152,156,99958,156,100208,156,99954,156,100224,100,99928,100,100227,100,99921,100,100240,100,99915,100,100397,100,99912,200,100461,100,99907,100
2019-06-28 09:44:08.109457510,100106,73,100040,256,100112,156,100037,156,100149,156,99961,156,100152,156,99958,156,100208,156,99954,156,100224,100,99928,100,100227,100,99921,100,100240,100,99915,100,100397,100,99912,200,100461,100,99907,100
2019-06-28 09:44:10.000000000,100106,156,100040,339,100112,239,100037,239,100149,100,99961,100,100152,100,99958,100,100208,100,99954,100,100224,100,99928,100,100227,100,99921,100,100240,100,99915,100,100397,100,99912,200,100461,100,99907,100
2019-06-28 09:44:13.997748556,100052,100,100040,339,100106,156,100037,239,100112,239,99961,100,100149,100,99958,100,100152,100,99954,100,100208,100,99928,100,100224,100,99921,100,100227,100,99915,100,100240,100,99912,200,100397,100,99907,100
2019-06-28 09:44:15.872818871,100052,100,100040,239,100106,156,100037,239,100112,239,99961,100,100149,100,99958,100,100152,100,99954,100,100208,100,99928,100,100224,100,99921,100,100227,100,99915,100,100240,100,99912,200,100397,100,99907,100
2019-06-28 09:44:20.000000000,100052,156,100040,156,100106,73,100037,156,100112,156,99961,156,100149,156,99958,156,100152,156,99954,156,100208,100,99928,100,100224,100,99921,100,100227,100,99915,100,100240,100,99912,200,100397,100,99907,100
2019-06-28 09:44:21.777296526,100052,156,100040,56,100106,73,100037,156,100112,156,99961,156,100149,156,99958,156,100152,156,99954,156,100208,100,99928,100,100224,100,99921,100,100227,100,99915,100,100240,100,99912,200,100397,100,99907,100
2019-06-28 09:44:30.000000000,100052,378,100037,378,100106,17,99961,100,100112,100,99958,100,100149,100,99954,100,100152,100,99928,100,100208,100,99921,100,100224,100,99915,100,100227,100,99912,200,100240,100,99907,100,100397,100,99873,100
2019-06-28 09:44:40.000000000,100052,170,100037,170,100106,87,99961,170,100112,170,99958,170,100149,170,99954,170,100152,100,99928,100,100208,100,99921,100,100224,100,99915,100,100227,100,99912,200,100240,100,99907,100,100397,100,99873,100
2019-06-28 09:44:50.000000000,100052,195,100037,195,100106,109,99961,192,100112,192,99958,192,100149,100,99954,100,100152,100,99928,100,100208,100,99921,100,100224,100,99915,100,100227,100,99912,200,100240,100,99907,100,100397,100,99873,100
2019-06-28 09:45:00.000000000,100052,239,100037,239,100106,156,99961,239,100112,100,99958,100,100149,100,99954,100,100152,100,99928,100,100208,100,99921,100,100224,100,99915,100,100227,100,99912,200,100240,100,99907,100,100397,100,99873,100
2019-06-28 09:45:10.000000000,100052,170,100037,170,100106,87,99961,170,100112,170,99958,170,100149,170,99954,170,100152,100,99928,100,100208,100,99921,100,100224,100,99915,100,100227,100,99912,200,100240,100,99907,100,100397,100,99873,100
2019-06-28 09:45:20.000000000,100052,156,100037,156,100106,73,99961,156,100112,156,99958,156,100149,156,99954,156,100152,156,99928,156,100208,100,99921,100,100224,100,99915,100,100227,100,99912,200,100240,100,99907,100,100397,100,99873,100
2019-06-28 09:45:30.000000000,100052,156,100037,156,100106,73,99961,156,100112,156,99958,156,100149,156,99954,156,100152,156,99928,156,100208,100,99921,100,100224,100,99915,100,100227,100,99912,200,100240,100,99907,100,100397,100,99873,100
2019-06-28 09:45:40.000000000,100052,378,100037,378,100106,17,99961,100,100112,100,99958,100,100149,100,99954,100,100152,100,99928,100,100208,100,99921,100,100224,100,99915,100,100227,100,99912,200,100240,100,99907,100,100397,100,99873,100
2019-06-28 09:45:46.371919770,100052,278,100037,378,100106,17,99961,100,100112,100,99958,100,100149,100,99954,100,100152,100,99928,100,100208,100,99921,100,100224,100,99915,100,100227,100,99912,200,100240,100,99907,100,100397,100,99873,100
2019-06-28 09:45:50.000000000,100106,156,100037,239,100112,239,99961,239,100149,100,99958,100,100152,100,99954,100,100208,100,99928,100,100224,100,99921,100,100227,100,99915,100,100240,100,99912,200,100397,100,99907,100,100461,100,99873,100
2019-06-28 09:46:00.000000000,100106,112,100037,195,100112,192,99961,192,100149,192,99958,192,100152,100,99954,100,100208,100,99928,100,100224,100,99921,100,100227,100,99915,100,100240,100,99912,200,100397,100,99907,100,100461,100,99873,100
2019-06-28 09:46:03.373954881,100106,112,100037,195,100112,92,99961,192,100149,192,99958,192,100152,100,99954,100,100208,100,99928,100,100224,100,99921,100,100227,100,99915,100,100240,100,99912,200,100397,100,99907,100,100461,100,99873,100
2019-06-28 09:46:04.469560319,100106,12,100037,195,100112,92,99961,192,100149,192,99958,192,100152,100,99954,100,100208,100,99928,100,100224,100,99921,100,100227,100,99915,100,100240,100,99912,200,100397,100,99907,100,100461,100,99873,100
2019-06-28 09:46:10.000000000,100149,170,100037,170,100152,170,99961,170,100208,170,99958,170,100224,170,99954,170,100227,100,99928,100,100240,100,99921,100,100397,100,99915,100,100461,100,99912,200,100476,100,99907,100,100481,100,99873,100
2019-06-28 09:46:20.000000000,100149,156,100037,156,100152,156,99961,156,100208,156,99958,156,100224,156,99954,156,100227,156,99928,156,100240,100,99921,100,100397,100,99915,100,100461,100,99912,200,100476,100,99907,100,100481,100,99873,100
2019-06-28 09:46:30.000000000,100149,170,100037,170,100152,170,99961,170,100208,170,99958,170,100224,170,99954,170,100227,100,99928,100,100240,100,99921,100,100397,100,99915,100,100461,100,99912,200,100476,100,99907,100,100481,100,99873,100
2019-06-28 09:46:40.000000000,100149,195,100037,195,100152,192,99961,192,100208,192,99958,192,100224,100,99954,100,100227,100,99928,100,100240,100,99921,100,100397,100,99915,100,100461,100,99912,200,100476,100,99907,100,100481,100,99873,100
2019-06-28 09:46:50.000000000,100149,170,100037,170,100152,170,99961,170,100208,170,99958,170,100224,170,99954,170,100227,100,99928,100,100240,100,99921,100,100397,100,99915,100,100461,100,99912,200,100476,100,99907,100,100481,100,99873,100
2019-06-28 09:47:00.000000000,100149,239,100037,239,100152,239,99961,239,100208,100,99958,100,100224,100,99954,100,100227,100,99928,100,100240,100,99921,100,100397,100,99915,100,100461,100,99912,200,100476,100,99907,100,100481,100,99873,100
2019-06-28 09:47:10.000000000,100149,156,100037,156,100152,156,99961,156,100208,156,99958,156,100224,156,99954,156,100227,156,99928,156,100240,100,99921,100,100397,100,99915,100,100461,100,99912,200,100476,100,99907,100,100481,100,99873,100
2019-06-28 09:47:20.000000000,100149,378,100037,378,100152,100,99961,100,100208,100,99958,100,100224,100,99954,100,100227,100,99928,100,100240,100,99921,100,100397,100,99915,100,100461,100,99912,200,100476,100,99907,100,100481,100,99873,100
2019-06-28 09:47:30.000000000,100149,239,100037,239,100152,239,99961,239,100208,100,99958,100,100224,100,99954,100,100227,100,99928,100,100240,100,99921,100,100397,100,99915,100,100461,100,99912,200,100476,100,99907,100,100481,100,99873,100
2019-06-28 09:47:40.000000000,100149,156,100037,156,100152,156,99961,156,100208,156,99958,156,100224,156,99954,156,100227,156,99928,156,100240,100,99921,100,100397,100,99915,100,100461,100,99912,200,100476,100,99907,100,100481,100,99873,100
2019-06-28 09:47:50.000000000,100149,156,100037,156,100152,156,99961,156,100208,156,99958,156,100224,156,99954,156,100227,156,99928,156,100240,100,99921,100,100397,100,99915,100,100461,100,99912,200,100476,100,99907,100,100481,100,99873,100
2019-06-28 09:48:00.000000000,100149,156,100037,156,100152,156,99961,156,100208,156,99958,156,100224,156,99954,156,100227,156,99928,156,100240,100,99921,100,100397,100,99915,100,100461,100,99912,200,100476,100,99907,100,100481,100,99873,100
2019-06-28 09:48:02.573761447,100149,156,100037,156,100152,156,99961,156,100208,156,99958,156,100224,156,99954,156,100227,156,99928,56,100240,100,99921,100,100397,100,99915,100,100461,100,99912,200,100476,100,99907,100,100481,100,99873,100
2019-06-28 09:48:06.341299975,100149,156,100037,156,100152,156,99961,156,100208,156,99958,156,100224,156,99954,156,100227,156,99928,56,100240,100,99921,100,100397,100,99915,100,100461,100,99912,200,100476,100,99907,100,100481,100,99873,100
2019-06-28 09:48:10.000000000,100149,378,100037,378,100152,100,99961,100,100208,100,99958,100,100224,100,99954,100,100227,100,99921,100,100240,100,99915,100,100397,100,99912,200,100461,100,99907,100,100476,100,99873,100,100481,100,99649,100
2019-06-28 09:48:20.000000000,100149,195,100037,195,100152,192,99961,192,100208,192,99958,192,100224,100,99954,100,100227,100,99921,100,100240,100,99915,100,100397,100,99912,200,100461,100,99907,100,100476,100,99873,100,100481,100,99649,100
2019-06-28 09:48:22.735291582,100149,195,100037,195,100152,192,99961,192,100208,192,99958,192,100224,100,99954,100,100227,100,99921,100,100240,100,99915,100,100397,100,99912,200,100461,100,99907,100,100476,100,99873,100,100481,100,99649,100
2019-06-28 09:48:27.000633502,100149,95,100037,195,100152,192,99961,192,100208,192,99958,192,100224,100,99954,100,100227,100,99921,100,100240,100,99915,100,100397,100,99912,200,100461,100,99907,100,100476,100,99873,100,100481,100,99649,100
2019-06-28 09:48:30.000000000,100152,195,100037,195,100208,192,99961,192,100224,192,99958,192,100227,100,99954,100,100240,100,99921,100,100397,100,99915,100,100461,100,99912,200,100476,100,99907,100,100481,100,99873,100,100537,100,99649,100
2019-06-28 09:48:40.000000000,100152,156,100037,156,100208,156,99961,156,100224,156,99958,156,100227,156,99954,156,100240,156,99921,156,100397,100,99915,100,100461,100,99912,200,100476,100,99907,100,100481,100,99873,100,100537,100,99649,100
2019-06-28 09:48:50.000000000,100152,170,100037,170,100208,170,99961,170,100224,170,99958,170,100227,170,99954,170,100240,100,99921,100,100397,100,99915,100,100461,100,99912,200,100476,100,99907,100,100481,100,99873,100,100537,100,99649,100
2019-06-28 09:49:00.000000000,100152,170,100037,170,100208,170,99961,170,100224,170,99958,170,100227,170,99954,170,100240,100,99921,100,100397,100,99915,100,100461,100,99912,200,100476,100,99907,100,100481,100,99873,100,100537,100,99649,100
2019-06-28 09:49:10.000000000,100152,378,100037,378,100208,100,99961,100,100224,100,99958,100,100227,100,99954,100,100240,100,99921,100,100397,100,99915,100,100461,100,99912,200,100476,100,99907,100,100481,100,99873,100,100537,100,99649,100
2019-06-28 09:49:20.000000000,100152,239,100037,239,100208,239,99961,239,100224,100,99958,100,100227,100,99954,100,100240,100,99921,100,100397,100,99915,100,100461,100,99912,200,100476,100,99907,100,100481,100,99873,100,100537,100,99649,100
2019-06-28 09:49:25.603087166,100152,239,100037,239,100208,239,99964,100,100224,100,99961,239,100227,100,99958,100,100240,100,99954,100,100397,100,99921,100,100476,100,99915,100,100481,100,99912,200,100537,100,99907,100,100568,100,99873,100
2019-06-28 09:49:30.000000000,100152,195,100037,195,100208,192,99964,192,100224,192,99961,192,100227,100,99958,100,100240,100,99954,100,100397,100,99921,100,100476,100,99915,100,100481,100,99912,200,100537,100,99907,100,100568,100,99873,100
2019-06-28 09:49:38.614489298,100152,195,100037,195,100208,192,99964,192,100224,192,99961,192,100227,100,99958,100,100240,100,99954,100,100397,100,99921,100,100476,100,99915,100,100481,100,99912,200,100537,100,99907,100,100568,100,99873,100
2019-06-28 09:49:40.000000000,100152,195,100037,195,100208,192,99964,192,100224,192,99961,192,100227,100,99958,100,100240,100,99954,100,100397,100,99921,100,100476,100,99915,100,100481,100,99912,200,100537,100,99907,100,100568,100,99873,100
2019-06-28 09:49:49.693621965,100152,195,100037,195,100208,192,99964,192,100224,192,99961,192,100227,100,99958,100,100240,100,99954,100,100397,100,99921,100,100476,100,99915,100,100481,100,99912,200,100537,100,99907,100,100568,100,99873,100
2019-06-28 09:49:50.000000000,100152,378,100037,378,100208,100,99964,100,100224,100,99961,100,100227,100,99958,100,100240,100,99954,100,100397,100,99921,100,100476,100,99915,100,100481,100,99912,200,100537,100,99907,100,100568,100,99873,100
2019-06-28 09:50:00.000000000,100152,195,100037,195,100208,192,99964,192,100224,192,99961,192,100227,100,99958,100,100240,100,99954,100,100397,100,99921,100,100476,100,99915,100,100481,100,99912,200,100537,100,99907,100,100568,100,99873,100
2019-06-28 09:50:10.000000000,100152,156,100037,156,100208,156,99964,156,100224,156,99961,156,100227,156,99958,156,100240,156,99954,156,100397,100,99921,100,100476,100,99915,100,100481,100,99912,200,100537,100,99907,100,100568,100,99873,100
2019-06-28 09:50:20.000000000,100152,239,100037,239,100208,239,99964,239,100224,100,99961,100,100227,100,99958,100,100240,100,99954,100,100397,100,99921,100,100476,100,99915,100,100481,100,99912,200,100537,100,99907,100,100568,100,99873,100
2019-06-28 09:50:30.000000000,100152,170,100037,170,100208,170,99964,170,100224,170,99961,170,100227,170,99958,170,100240,100,99954,100,100397,100,99921,100,100476,100,99915,100,100481,100,99912,200,100537,100,99907,100,100568,100,99873,100
2019-06-28 09:50:40.000000000,100152,170,100037,170,100208,170,99964,170,100224,170,99961,170,100227,170,99958,170,100240,100,99954,100,100397,100,99921,100,100476,100,99915,100,100481,100,99912,200,100537,100,99907,100,100568,100,99873,100
2019-06-28 09:50:44.348474333,100152,170,100037,70,100208,170,99964,170,100224,170,99961,170,100227,170,99958,170,100240,100,99954,100,100397,100,99921,100,100476,100,99915,100,100481,100,99912,200,100537,100,99907,100,100568,100,99873,100
2019-06-28 09:50:50.000000000,100152,239,99964,239,100208,239,99961,239,100224,100,99958,100,100227,100,99954,100,100240,100,99921,100,100397,100,99915,100,100476,100,99912,200,100481,100,99907,100,100537,100,99873,100,100568,100,99696,100
2019-06-28 09:51:00.000000000,100152,378,99964,378,100208,100,99961,100,100224,100,99958,100,100227,100,99954,100,100240,100,99921,100,100397,100,99915,100,100476,100,99912,200,100481,100,99907,100,100537,100,99873,100,100568,100,99696,100
2019-06-28 09:51:10.000000000,100152,378,99964,378,100208,100,99961,100,100224,100,99958,100,100227,100,99954,100,100240,100,99921,100,100397,100,99915,100,100476,100,99912,200,100481,100,99907,100,100537,100,99873,100,100568,100,99696,100
2019-06-28 09:51:14.594162691,100152,378,99964,378,100208,100,99961,100,100224,100,99958,100,100227,100,99954,100,100240,100,99921,100,100397,100,99915,100,100476,100,99912,200,100481,100,99907,100,100537,100,99873,100,100568,100,99696,100
2019-06-28 09:51:20.000000000,100152,378,99964,378,100208,100,99961,100,100224,100,99958,100,100227,100,99954,100,100240,100,99921,100,100397,100,99915,100,100476,100,99912,200,100481,100,99907,100,100537,100,99873,100,100568,100,99696,100
2019-06-28 09:51:21.566382378,100148,100,99964,378,100152,378,99961,100,100208,100,99958,100,100224,100,99954,100,100227,100,99921,100,100240,100,99915,100,100397,100,99912,200,100476,100,99907,100,100481,100,99873,100,100537,100,99696,100
2019-06-28 09:51:30.000000000,100148,156,99964,156,100152,156,99961,156,100208,156,99958,156,100224,156,99954,156,100227,156,99921,156,100240,100,99915,100,100397,100,99912,200,100476,100,99907,100,100481,100,99873,100,100537,100,99696,100
2019-06-28 09:51:32.315711185,100148,156,99964,156,100152,156,99961,156,100208,156,99958,156,100224,156,99954,156,100227,156,99921,156,100240,100,99915,100,100397,100,99912,200,100476,100,99907,100,100481,100,99873,100,100537,100,99707,100
2019-06-28 09:51:40.000000000,100148,239,99964,239,100152,239,99961,239,100208,100,99958,100,100224,100,99954,100,100227,100,99921,100,100240,100,99915,100,100397,100,99912,200,100476,100,99907,100,100481,100,99873,100,100537,100,99707,100
2019-06-28 09:51:50.000000000,100148,378,99964,378,100152,100,99961,100,100208,100,99958,100,100224,100,99954,100,100227,100,99921,100,100240,100,99915,100,100397,100,99912,200,100476,100,99907,100,100481,100,99873,100,100537,100,99707,100
2019-06-28 09:52:00.000000000,100148,156,99964,156,100152,156,99961,156,100208,156,99958,156,100224,156,99954,156,100227,156,99921,156,100240,100,99915,100,100397,100,99912,200,100476,100,99907,100,100481,100,99873,100,100537,100,99707,100
2019-06-28 09:52:10.000000000,100148,195,99964,195,100152,192,99961,192,100208,192,99958,192,100224,100,99954,100,100227,100,99921,100,100240,100,99915,100,100397,100,99912,200,100476,100,99907,100,100481,100,99873,100,100537,100,99707,100
2019-06-28 09:52:20.000000000,100148,239,99964,239,100152,239,99961,239,100208,100,99958,100,100224,100,99954,100,100227,100,99921,100,100240,100,99915,100,100397,100,99912,200,100476,100,99907,100,100481,100,99873,100,100537,100,99707,100
2019-06-28 09:52:27.739009254,100148,139,99964,239,100152,239,99961,239,100208,100,99958,100,100224,100,99954,100,100227,100,99921,100,100240,100,99915,100,100397,100,99912,200,100476,100,99907,100,100481,100,99873,100,100537,100,99707,100
2019-06-28 09:52:30.000000000,100152,378,99964,378,100208,100,99961,100,100224,100,99958,100,100227,100,99954,100,100240,100,99921,100,100397,100,99915,100,100476,100,99912,200,100481,100,99907,100,100537,100,99873,100,100568,100,99707,100
2019-06-28 09:52:37.755569548,100152,378,100038,100,100208,100,99964,378,100224,100,99961,100,100227,100,99958,100,100240,100,99954,100,100397,100,99921,100,100476,100,99915,100,100481,100,99912,200,100537,100,99907,100,100568,100,99873,100
2019-06-28 09:52:40.000000000,100152,170,100038,170,100208,170,99964,170,100224,170,99961,170,100227,170,99958,170,100240,100,99954,100,100397,100,99921,100,100476,100,99915,100,100481,100,99912,200,100537,100,99907,100,100568,100,99873,100
2019-06-28 09:52:50.000000000,100152,239,100038,239,100208,239,99964,239,100224,100,99961,100,100227,100,99958,100,100240,100,99954,100,100397,100,99921,100,100476,100,99915,100,100481,100,99912,200,100537,100,99907,100,100568,100,99873,100
2019-06-28 09:53:00.000000000,100152,239,100038,239,100208,239,99964,239,100224,100,99961,100,100227,100,99958,100,100240,100,99954,100,100397,100,99921,100,100476,100,99915,100,100481,100,99912,200,100537,100,99907,100,100568,100,99873,100
2019-06-28 09:53:10.000000000,100152,239,100038,239,100208,239,99964,239,100224,100,99961,100,100227,100,99958,100,100240,100,99954,100,100397,100,99921,100,100476,100,99915,100,100481,100,99912,200,100537,100,99907,100,100568,100,99873,100
2019-06-28 09:53:18.828630037,100152,239,100141,100,100208,239,100038,239,100227,100,99964,239,100240,100,99961,100,100397,100,99958,100,100476,100,99954,100,100481,100,99921,100,100537,100,99915,100,100568,100,99912,200,100590,100,99907,100
2019-06-28 09:53:20.000000000,100152,170,100141,170,100208,170,100038,170,100227,170,99964,170,100240,170,99961,170,100397,100,99958,100,100476,100,99954,100,100481,100,99921,100,100537,100,99915,100,100568,100,99912,200,100590,100,99907,100
2019-06-28 09:53:30.000000000,100152,170,100141,170,100208,170,100038,170,100227,170,99964,170,100240,170,99961,170,100397,100,99958,100,100476,100,99954,100,100481,100,99921,100,100537,100,99915,100,100568,100,99912,200,100590,100,99907,100
2019-06-28 09:53:40.000000000,100152,195,100141,195,100208,192,100038,192,100227,192,99964,192,100240,100,99961,100,100397,100,99958,100,100476,100,99954,100,100481,100,99921,100,100537,100,99915,100,100568,100,99912,200,100590,100,99907,100
2019-06-28 09:53:49.185406370,100152,95,100141,95,100208,192,100038,192,100227,192,99964,192,100240,100,99961,100,100397,100,99958,100,100476,100,99954,100,100481,100,99921,100,100537,100,99915,100,100568,100,99912,200,100590,100,99907,100
2019-06-28 09:53:50.000000000,100208,156,100038,156,100227,156,99964,156,100240,156,99961,156,100397,156,99958,156,100476,156,99954,156,100481,100,99921,100,100537,100,99915,100,100568,100,99912,200,100590,100,99907,100,100736,100,99873,100
2019-06-28 09:54:00.000000000,100208,195,100038,195,100227,192,99964,192,100240,192,99961,192,100397,100,99958,100,100476,100,99954,100,100481,100,99921,100,100537,100,99915,100,100568,100,99912,200,100590,100,99907,100,100736,100,99873,100
2019-06-28 09:54:10.000000000,100208,195,100038,195,100227,192,99964,192,100240,192,99961,192,100397,100,99958,100,100476,100,99954,100,100481,100,99921,100,100537,100,99915,100,100568,100,99912,200,100590,100,99907,100,100736,100,99873,100
2019-06-28 09:54:19.283166357,100208,195,100038,195,100227,192,99964,192,100240,192,99961,192,100342,100,99958,100,100397,100,99954,100,100476,100,99921,100,100481,100,99915,100,100537,100,99912,200,100568,100,99907,100,100590,100,99873,100
2019-06-28 09:54:20.000000000,100208,170,100038,170,100227,170,99964,170,100240,170,99961,170,100342,170,99958,170,100397,100,99954,100,100476,100,99921,100,100481,100,99915,100,100537,100,99912,200,100568,100,99907,100,100590,100,99873,100
2019-06-28 09:54:30.000000000,100208,156,100038,156,100227,156,99964,156,100240,156,99961,156,100342,156,99958,156,100397,156,99954,156,100476,100,99921,100,100481,100,99915,100,100537,100,99912,200,100568,100,99907,100,100590,100,99873,100
2019-06-28 09:54:30.470572460,100208,156,100038,156,100227,156,99964,156,100240,156,99961,156,100315,100,99958,156,100342,156,99954,156,100397,156,99921,100,100476,100,99915,100,100481,100,99912,200,100537,100,99907,100,100568,100,99873,100
2019-06-28 09:54:30.652293474,100208,156,100148,100,100227,156,100038,156,100240,156,99964,156,100315,100,99961,156,100342,156,99958,156,100397,156,99954,156,100476,100,99921,100,100481,100,99915,100,100537,100,99912,200,100568,100,99907,100
2019-06-28 09:54:40.000000000,100208,378,100148,378,100227,100,100038,100,100240,100,99964,100,100315,100,99961,100,100342,100,99958,100,100397,100,99954,100,100476,100,99921,100,100481,100,99915,100,100537,100,99912,200,100568,100,99907,100
2019-06-28 09:54:47.677288182,100208,378,100148,478,100227,100,100038,100,100240,100,99964,100,100315,100,99961,100,100342,100,99958,100,100397,100,99954,100,100476,100,99921,100,100481,100,99915,100,100537,100,99912,200,100568,100,99907,100
2019-06-28 09:54:50.000000000,100208,378,100148,478,100227,100,100038,100,100240,100,99964,100,100315,100,99961,100,100342,100,99958,100,100397,100,99954,100,100476,100,99921,100,100481,100,99915,100,100537,100,99912,200,100568,100,99907,100
2019-06-28 09:54:57.654319077,100208,378,100148,378,100227,100,100038,100,100240,100,99964,100,100315,100,99961,100,100342,100,99958,100,100397,100,99954,100,100476,100,99921,100,100481,100,99915,100,100537,100,99912,200,100568,100,99907,100
2019-06-28 09:55:00.000000000,100208,170,100148,170,100227,170,100038,170,100240,170,99964,170,100315,170,99961,170,100342,100,99958,100,100397,100,99954,100,100476,100,99921,100,100481,100,99915,100,100537,100,99912,200,100568,100,99907,100
2019-06-28 09:55:10.000000000,100208,195,100148,195,100227,192,100038,192,100240,192,99964,192,100315,100,99961,100,100342,100,99958,100,100397,100,99954,100,100476,100,99921,100,100481,100,99915,100,100537,100,99912,200,100568,100,99907,100
2019-06-28 09:55:11.652784690,100208,195,100148,95,100227,192,100038,192,100240,192,99964,192,100315,100,99961,100,100342,100,99958,100,100397,100,99954,100,100476,100,99921,100,100481,100,99915,100,100537,100,99912,200,100568,100,99907,100
2019-06-28 09:55:17.535928892,100148,5,100038,192,100208,195,99964,192,100227,192,99961,100,100240,192,99958,100,100315,100,99954,100,100342,100,99921,100,100397,100,99915,100,100476,100,99912,200,100481,100,99907,100,100537,100,99873,100
2019-06-28 09:55:20.000000000,100148,283,100038,378,100208,100,99964,100,100227,100,99961,100,100240,100,99958,100,100315,100,99954,100,100342,100,99921,100,100397,100,99915,100,100476,100,99912,200,100481,100,99907,100,100537,100,99873,100
2019-06-28 09:55:30.000000000,100148,100,100038,195,100208,192,99964,192,100227,192,99961,192,100240,100,99958,100,100315,100,99954,100,100342,100,99921,100,100397,100,99915,100,100476,100,99912,200,100481,100,99907,100,100537,100,99873,100
2019-06-28 09:55:40.000000000,100148,100,100038,195,100208,192,99964,192,100227,192,99961,192,100240,100,99958,100,100315,100,99954,100,100342,100,99921,100,100397,100,99915,100,100476,100,99912,200,100481,100,99907,100,100537,100,99873,100
2019-06-28 09:55:47.723835751,100208,192,100038,195,100227,192,99964,192,100240,100,99961,192,100315,100,99958,100,100342,100,99954,100,100397,100,99921,100,100476,100,99915,100,100481,100,99912,200,100537,100,99907,100,100568,100,99873,100
2019-06-28 09:55:50.000000000,100208,170,100038,170,100227,170,99964,170,100240,170,99961,170,100315,170,99958,170,100342,100,99954,100,100397,100,99921,100,100476,100,99915,100,100481,100,99912,200,100537,100,99907,100,100568,100,99873,100
2019-06-28 09:56:00.000000000,100208,239,100038,239,100227,239,99964,239,100240,100,99961,100,100315,100,99958,100,100342,100,99954,100,100397,100,99921,100,100476,100,99915,100,100481,100,99912,200,100537,100,99907,100,100568,100,99873,100
2019-06-28 09:56:10.000000000,100208,170,100038,170,100227,170,99964,170,100240,170,99961,170,100315,170,99958,170,100342,100,99954,100,100397,100,99921,100,100476,100,99915,100,100481,100,99912,200,100537,100,99907,100,100568,100,99873,100
2019-06-28 09:56:20.000000000,100208,195,100038,195,100227,192,99964,192,100240,192,99961,192,100315,100,99958,100,100342,100,99954,100,100397,100,99921,100,100476,100,99915,100,100481,100,99912,200,100537,100,99907,100,100568,100,99873,100
2019-06-28 09:56:30.000000000,100208,195,100038,195,100227,192,99964,192,100240,192,99961,192,100315,100,99958,100,100342,100,99954,100,100397,100,99921,100,100476,100,99915,100,100481,100,99912,200,100537,100,99907,100,100568,100,99873,100
2019-06-28 09:56:40.000000000,100208,195,100038,195,100227,192,99964,192,100240,192,99961,192,100315,100,99958,100,100342,100,99954,100,100397,100,99921,100,100476,100,99915,100,100481,100,99912,200,100537,100,99907,100,100568,100,99873,100
2019-06-28 09:56:50.000000000,100208,239,100038,239,100227,239,99964,239,100240,100,99961,100,100315,100,99958,100,100342,100,99954,100,100397,100,99921,100,100476,100,99915,100,100481,100,99912,200,100537,100,99907,100,100568,100,99873,100
2019-06-28 09:56:57.570268696,100208,239,100148,100,100227,239,100038,239,100240,100,99964,239,100315,100,99961,100,100342,100,99958,100,100397,100,99954,100,100476,100,99921,100,100481,100,99915,100,100537,100,99912,200,100568,100,99907,100
2019-06-28 09:57:00.000000000,100208,239,100148,239,100227,239,100038,239,100240,100,99964,100,100315,100,99961,100,100342,100,99958,100,100397,100,99954,100,100476,100,99921,100,100481,100,99915,100,100537,100,99912,200,100568,100,99907,100
2019-06-28 09:57:10.000000000,100208,239,100148,239,100227,239,100038,239,100240,100,99964,100,100315,100,99961,100,100342,100,99958,100,100397,100,99954,100,100476,100,99921,100,100481,100,99915,100,100537,100,99912,200,100568,100,99907,100
2019-06-28 09:57:20.000000000,100208,156,100148,156,100227,156,100038,156,100240,156,99964,156,100315,156,99961,156,100342,156,99958,156,100397,100,99954,100,100476,100,99921,100,100481,100,99915,100,100537,100,99912,200,100568,100,99907,100
2019-06-28 09:57:27.167842451,100208,56,100148,156,100227,156,100038,156,100240,156,99964,156,100315,156,99961,156,100342,156,99958,156,100397,100,99954,100,100476,100,99921,100,100481,100,99915,100,100537,100,99912,200,100568,100,99907,100
2019-06-28 09:57:29.454315306,100208,56,100149,100,100227,156,100148,156,100240,156,100038,156,100315,156,99964,156,100342,156,99961,156,100397,100,99958,156,100476,100,99954,100,100481,100,99921,100,100537,100,99915,100,100568,100,99912,200
2019-06-28 09:57:30.000000000,100227,195,100149,195,100240,192,100148,192,100315,192,100038,192,100342,100,99964,100,100397,100,99961,100,100476,100,99958,100,100481,100,99954,100,100537,100,99921,100,100568,100,99915,100,100590,100,99912,200
2019-06-28 09:57:36.056871972,100227,195,100149,195,100240,192,100148,192,100315,192,100038,192,100342,100,99964,100,100397,100,99961,100,100476,100,99958,100,100481,100,99954,100,100537,100,99921,100,100568,100,99915,100,100590,100,99912,200
2019-06-28 09:57:36.960733247,100227,95,100149,195,100240,192,100148,192,100315,192,100038,192,100342,100,99964,100,100397,100,99961,100,100476,100,99958,100,100481,100,99954,100,100537,100,99921,100,100590,100,99915,100,100708,100,99912,200
2019-06-28 09:57:40.000000000,100240,170,100149,170,100315,170,100148,170,100342,170,100038,170,100397,170,99964,170,100476,100,99961,100,100481,100,99958,100,100537,100,99954,100,100590,100,99921,100,100708,100,99915,100,100736,100,99912,200
2019-06-28 09:57:50.000000000,100240,378,100149,378,100315,100,100148,100,100342,100,100038,100,100397,100,99964,100,100476,100,99961,100,100481,100,99958,100,100537,100,99954,100,100590,100,99921,100,100708,100,99915,100,100736,100,99912,200
2019-06-28 09:57:52.139026439,100240,278,100149,378,100315,100,100148,100,100342,100,100038,100,100397,100,99964,100,100476,100,99961,100,100481,100,99958,100,100537,100,99954,100,100590,100,99921,100,100708,100,99915,100,100736,100,99912,200
2019-06-28 09:57:57.322842387,100240,278,100149,378,100315,100,100148,100,100342,100,100038,100,100397,100,99964,100,100425,100,99961,100,100476,100,99958,100,100481,100,99954,100,100537,100,99921,100,100590,100,99915,100,100708,100,99912,200
2019-06-28 09:58:00.000000000,100315,170,100149,170,100342,170,100148,170,100397,170,100038,170,100425,170,99964,170,100476,100,99961,100,100481,100,99958,100,100537,100,99954,100,100590,100,99921,100,100708,100,99915,100,100736,100,99912,200
2019-06-28 09:58:10.000000000,100315,170,100149,170,100342,170,100148,170,100397,170,100038,170,100425,170,99964,170,100476,100,99961,100,100481,100,99958,100,100537,100,99954,100,100590,100,99921,100,100708,100,99915,100,100736,100,99912,200
2019-06-28 09:58:18.656692081,100315,170,100149,170,100342,170,100148,170,100397,170,100038,170,100425,170,99964,170,100476,100,99961,100,100481,100,99958,100,100515,100,99954,100,100537,100,99921,100,100590,100,99915,100,100708,100,99912,200
2019-06-28 09:58:20.000000000,100315,156,100149,156,100342,156,100148,156,100397,156,100038,156,100425,156,99964,156,100476,156,99961,156,100481,100,99958,100,100515,100,99954,100,100537,100,99921,100,100590,100,99915,100,100708,100,99912,200
2019-06-28 09:58:30.000000000,100315,156,100149,156,100342,156,100148,156,100397,156,100038,156,100425,156,99964,156,100476,156,99961,156,100481,100,99958,100,100515,100,99954,100,100537,100,99921,100,100590,100,99915,100,100708,100,99912,200
2019-06-28 09:58:35.867525831,100315,56,100149,156,100342,156,100148,156,100397,156,100038,156,100425,156,99964,156,100476,156,99961,156,100481,100,99958,100,100515,100,99954,100,100537,100,99921,100,100590,100,99915,100,100708,100,99912,200
2019-06-28 09:58:40.000000000,100342,195,100149,195,100397,192,100148,192,100425,192,100038,192,100476,100,99964,100,100481,100,99961,100,100515,100,99958,100,100537,100,99954,100,100590,100,99921,100,100708,100,99915,100,100736,100,99912,200
2019-06-28 09:58:50.000000000,100342,170,100149,170,100397,170,100148,170,100425,170,100038,170,100476,170,99964,170,100481,100,99961,100,100515,100,99958,100,100537,100,99954,100,100590,100,99921,100,100708,100,99915,100,100736,100,99912,200
2019-06-28 09:59:00.000000000,100342,195,100149,195,100397,192,100148,192,100425,192,100038,192,100476,100,99964,100,100481,100,99961,100,100515,100,99958,100,100537,100,99954,100,100590,100,99921,100,100708,100,99915,100,100736,100,99912,200
2019-06-28 09:59:04.581819172,100342,195,100149,195,100397,192,100148,192,100425,192,100038,192,100476,100,99964,100,100481,100,99961,100,100515,100,99958,100,100537,100,99954,100,100590,100,99921,100,100708,100,99915,100,101197,100,99912,200
2019-06-28 09:59:10.000000000,100342,170,100149,170,100397,170,100148,170,100425,170,100038,170,100476,170,99964,170,100481,100,99961,100,100515,100,99958,100,100537,100,99954,100,100590,100,99921,100,100708,100,99915,100,101197,100,99912,200
2019-06-28 09:59:17.814188416,100342,170,100149,170,100397,170,100148,170,100425,170,100038,170,100476,170,99964,170,100481,100,99961,100,100515,100,99958,100,100537,100,99954,100,100590,100,99921,100,100708,100,99915,100,101197,100,99912,200
2019-06-28 09:59:20.000000000,100342,239,100149,239,100397,239,100148,239,100425,100,100038,100,100476,100,99964,100,100481,100,99961,100,100515,100,99958,100,100537,100,99954,100,100590,100,99921,100,100708,100,99915,100,101197,100,99912,200
2019-06-28 09:59:30.000000000,100342,239,100149,239,100397,239,100148,239,100425,100,100038,100,100476,100,99964,100,100481,100,99961,100,100515,100,99958,100,100537,100,99954,100,100590,100,99921,100,100708,100,99915,100,101197,100,99912,200
2019-06-28 09:59:38.472390436,100342,239,100149,239,100397,239,100148,239,100425,100,100109,100,100476,100,100038,100,100481,100,99964,100,100515,100,99961,100,100537,100,99958,100,100590,100,99954,100,100708,100,99921,100,101197,100,99915,100
2019-06-28 09:59:40.000000000,100342,195,100149,195,100397,192,100148,192,100425,192,100109,192,100476,100,100038,100,100481,100,99964,100,100515,100,99961,100,100537,100,99958,100,100590,100,99954,100,100708,100,99921,100,101197,100,99915,100
2019-06-28 09:59:44.344650641,100314,100,100149,195,100342,195,100148,192,100397,192,100109,192,100425,192,100038,100,100476,100,99964,100,100481,100,99961,100,100515,100,99958,100,100537,100,99954,100,100590,100,99921,100,100708,100,99915,100
2019-06-28 09:59:50.000000000,100314,378,100149,378,100342,100,100148,100,100397,100,100109,100,100425,100,100038,100,100476,100,99964,100,100481,100,99961,100,100515,100,99958,100,100537,100,99954,100,100590,100,99921,100,100708,100,99915,100
2019-06-28 10:00:00.000000000,100314,195,100149,195,100342,192,100148,192,100397,192,100109,192,100425,100,100038,100,100476,100,99964,100,100481,100,99961,100,100515,100,99958,100,100537,100,99954,100,100590,100,99921,100,100708,100,99915,100
2019-06-28 10:00:05.556341050,100314,195,100149,95,100342,192,100148,192,100397,192,100109,192,100425,100,100038,100,100476,100,99964,100,100481,100,99961,100,100515,100,99958,100,100537,100,99954,100,100590,100,99921,100,100708,100,99915,100
2019-06-28 10:00:10.000000000,100314,378,100148,378,100342,100,100109,100,100397,100,100038,100,100425,100,99964,100,100476,100,99961,100,100481,100,99958,100,100515,100,99954,100,100537,100,99921,100,100590,100,99915,100,100708,100,99912,200
2019-06-28 10:00:11.507413846,100314,378,100268,100,100342,100,100148,378,100397,100,100038,100,100425,100,99964,100,100476,100,99961,100,100481,100,99958,100,100515,100,99954,100,100537,100,99921,100,100590,100,99915,100,100708,100,99912,200
2019-06-28 10:00:20.000000000,100314,156,100268,156,100342,156,100148,156,100397,156,100038,156,100425,156,99964,156,100476,156,99961,156,100481,100,99958,100,100515,100,99954,100,100537,100,99921,100,100590,100,99915,100,100708,100,99912,200
2019-06-28 10:00:21.872558237,100314,156,100268,156,100342,156,100148,156,100397,156,100038,156,100425,156,99964,156,100476,156,99961,156,100481,100,99958,100,100515,100,99921,100,100537,100,99915,100,100590,100,99912,200,100708,100,99911,100
2019-06-28 10:00:30.000000000,100314,156,100268,156,100342,156,100148,156,100397,156,100038,156,100425,156,99964,156,100476,156,99961,156,100481,100,99958,100,100515,100,99921,100,100537,100,99915,100,100590,100,99912,200,100708,100,99911,100
2019-06-28 10:00:40.000000000,100314,378,100268,378,100342,100,100148,100,100397,100,100038,100,100425,100,99964,100,100476,100,99961,100,100481,100,99958,100,100515,100,99921,100,100537,100,99915,100,100590,100,99912,200,100708,100,99911,100
2019-06-28 10:00:40.998865336,100314,378,100268,278,100342,100,100148,100,100397,100,100038,100,100425,100,99964,100,100476,100,99961,100,100481,100,99958,100,100515,100,99921,100,100537,100,99915,100,100590,100,99912,200,100708,100,99911,100
2019-06-28 10:00:42.268867427,100314,378,100268,178,100342,100,100148,100,100397,100,100038,100,100425,100,99964,100,100476,100,99961,100,100481,100,99958,100,100515,100,99921,100,100537,100,99915,100,100590,100,99912,200,100708,100,99911,100
2019-06-28 10:00:48.285814327,100314,378,100268,78,100342,100,100148,100,100397,100,100038,100,100425,100,99964,100,100476,100,99961,100,100481,100,99958,100,100515,100,99921,100,100537,100,99915,100,100590,100,99912,100,100708,100,99911,100
2019-06-28 10:00:50.000000000,100314,239,100148,239,100342,239,100038,239,100397,100,99964,100,100425,100,99961,100,100476,100,99958,100,100481,100,99921,100,100515,100,99915,100,100537,100,99912,100,100590,100,99911,100,100708,100,99907,100
2019-06-28 10:00:57.501185638,100268,100,100148,239,100314,239,100038,239,100342,239,99964,100,100397,100,99961,100,100425,100,99958,100,100476,100,99921,100,100481,100,99915,100,100515,100,99912,100,100537,100,99911,100,100590,100,99907,100
2019-06-28 10:01:00.000000000,100268,156,100148,156,100314,156,100038,156,100342,156,99964,156,100397,156,99961,156,100425,156,99958,156,100476,100,99921,100,100481,100,99915,100,100515,100,99912,100,100537,100,99911,100,100590,100,99907,100
2019-06-28 10:01:06.504703959,100268,156,100148,156,100314,156,100086,100,100342,156,100038,156,100397,156,99964,156,100425,156,99961,156,100476,100,99958,156,100481,100,99921,100,100515,100,99912,100,100537,100,99911,100,100590,100,99907,100
2019-06-28 10:01:10.000000000,100268,239,100148,239,100314,239,100086,239,100342,100,100038,100,100397,100,99964,100,100425,100,99961,100,100476,100,99958,100,100481,100,99921,100,100515,100,99912,100,100537,100,99911,100,100590,100,99907,100
2019-06-28 10:01:20.000000000,100268,378,100148,378,100314,100,100086,100,100342,100,100038,100,100397,100,99964,100,100425,100,99961,100,100476,100,99958,100,100481,100,99921,100,100515,100,99912,100,100537,100,99911,100,100590,100,99907,100
2019-06-28 10:01:30.000000000,100268,195,100148,195,100314,192,100086,192,100342,192,100038,192,100397,100,99964,100,100425,100,99961,100,100476,100,99958,100,100481,100,99921,100,100515,100,99912,100,100537,100,99911,100,100590,100,99907,100
2019-06-28 10:01:31.800660826,100268,95,100148,195,100314,192,100086,192,100342,192,100038,192,100397,100,99964,100,100425,100,99961,100,100476,100,99958,100,100481,100,99921,100,100515,100,99912,100,100537,100,99911,100,100590,100,99907,100
2019-06-28 10:01:34.227461138,100268,95,100148,195,100314,192,100086,192,100342,192,100038,192,100397,100,100021,100,100425,100,99961,100,100476,100,99958,100,100481,100,99921,100,100515,100,99912,100,100537,100,99911,100,100590,100,99907,100
2019-06-28 10:01:40.000000000,100314,156,100148,156,100342,156,100086,156,100397,156,100038,156,100425,156,100021,156,100476,156,99961,156,100481,100,99958,100,100515,100,99921,100,100537,100,99912,100,100590,100,99911,100,100708,100,99907,100
2019-06-28 10:01:50.000000000,100314,156,100148,156,100342,156,100086,156,100397,156,100038,156,100425,156,100021,156,100476,156,99961,156,100481,100,99958,100,100515,100,99921,100,100537,100,99912,100,100590,100,99911,100,100708,100,99907,100
2019-06-28 10:01:53.878660438,100314,156,100148,156,100342,156,100086,156,100397,156,100038,156,100425,156,100021,156,100476,156,99961,156,100481,100,99958,100,100515,100,99912,100,100537,100,99911,100,100565,100,99907,100,100590,100,99873,100
2019-06-28 10:02:00.000000000,100314,156,100148,156,100342,156,100086,156,100397,156,100038,156,100425,156,100021,156,100476,156,99961,156,100481,100,99958,100,100515,100,99912,100,100537,100,99911,100,100565,100,99907,100,100590,100,99873,100
2019-06-28 10:02:10.000000000,100314,239,100148,239,100342,239,100086,239,100397,100,100038,100,100425,100,100021,100,100476,100,99961,100,100481,100,99958,100,100515,100,99912,100,100537,100,99911,100,100565,100,99907,100,100590,100,99873,100
2019-06-28 10:02:20.000000000,100314,239,100148,239,100342,239,100086,239,100397,100,100038,100,100425,100,100021,100,100476,100,99961,100,100481,100,99958,100,100515,100,99912,100,100537,100,99911,100,100565,100,99907,100,100590,100,99873,100
2019-06-28 10:02:30.000000000,100314,156,100148,156,100342,156,100086,156,100397,156,100038,156,100425,156,100021,156,100476,156,99961,156,100481,100,99958,100,100515,100,99912,100,100537,100,99911,100,100565,100,99907,100,100590,100,99873,100
2019-06-28 10:02:40.000000000,100314,378,100148,378,100342,100,100086,100,100397,100,100038,100,100425,100,100021,100,100476,100,99961,100,100481,100,99958,100,100515,100,99912,100,100537,100,99911,100,100565,100,99907,100,100590,100,99873,100
2019-06-28 10:02:46.127518522,100314,378,100148,378,100342,100,100086,100,100397,100,100038,100,100476,100,100021,100,100481,100,99961,100,100515,100,99958,100,100537,100,99912,100,100565,100,99911,100,100590,100,99907,100,100708,100,99873,100
2019-06-28 10:02:50.000000000,100314,170,100148,170,100342,170,100086,170,100397,170,100038,170,100476,170,100021,170,100481,100,99961,100,100515,100,99958,100,100537,100,99912,100,100565,100,99911,100,100590,100,99907,100,100708,100,99873,100
2019-06-28 10:03:00.000000000,100314,170,100148,170,100342,170,100086,170,100397,170,100038,170,100476,170,100021,170,100481,100,99961,100,100515,100,99958,100,100537,100,99912,100,100565,100,99911,100,100590,100,99907,100,100708,100,99873,100
2019-06-28 10:03:10.000000000,100314,195,100148,195,100342,192,100086,192,100397,192,100038,192,100476,100,100021,100,100481,100,99961,100,100515,100,99958,100,100537,100,99912,100,100565,100,99911,100,100590,100,99907,100,100708,100,99873,100
2019-06-28 10:03:20.000000000,100314,378,100148,378,100342,100,100086,100,100397,100,100038,100,100476,100,100021,100,100481,100,99961,100,100515,100,99958,100,100537,100,99912,100,100565,100,99911,100,100590,100,99907,100,100708,100,99873,100
2019-06-28 10:03:28.135080848,100314,378,100148,378,100342,100,100086,100,100397,100,100038,100,100476,100,100021,100,100481,100,99961,100,100537,100,99958,100,100565,100,99912,100,100590,100,99911,100,100708,100,99907,100,100897,100,99873,100
2019-06-28 10:03:30.000000000,100314,239,100148,239,100342,239,100086,239,100397,100,100038,100,100476,100,100021,100,100481,100,99961,100,100537,100,99958,100,100565,100,99912,100,100590,100,99911,100,100708,100,99907,100,100897,100,99873,100
2019-06-28 10:03:40.000000000,100314,239,100148,239,100342,239,100086,239,100397,100,100038,100,100476,100,100021,100,100481,100,99961,100,100537,100,99958,100,100565,100,99912,100,100590,100,99911,100,100708,100,99907,100,100897,100,99873,100
2019-06-28 10:03:50.000000000,100314,156,100148,156,100342,156,100086,156,100397,156,100038,156,100476,156,100021,156,100481,156,99961,156,100537,100,99958,100,100565,100,99912,100,100590,100,99911,100,100708,100,99907,100,100897,100,99873,100
2019-06-28 10:04:00.000000000,100314,239,100148,239,100342,239,100086,239,100397,100,100038,100,100476,100,100021,100,100481,100,99961,100,100537,100,99958,100,100565,100,99912,100,100590,100,99911,100,100708,100,99907,100,100897,100,99873,100
2019-06-28 10:04:10.000000000,100314,156,100148,156,100342,156,100086,156,100397,156,100038,156,100476,156,100021,156,100481,156,99961,156,100537,100,99958,100,100565,100,99912,100,100590,100,99911,100,100708,100,99907,100,100897,100,99873,100
2019-06-28 10:04:20.000000000,100314,170,100148,170,100342,170,100086,170,100397,170,100038,170,100476,170,100021,170,100481,100,99961,100,100537,100,99958,100,100565,100,99912,100,100590,100,99911,100,100708,100,99907,100,100897,100,99873,100
2019-06-28 10:04:21.319976319,100314,170,100268,100,100342,170,100148,170,100397,170,100086,170,100476,170,100038,170,100481,100,100021,170,100537,100,99961,100,100565,100,99958,100,100590,100,99912,100,100708,100,99911,100,100897,100,99907,100
2019-06-28 10:04:27.017710558,100314,170,100268,100,100342,170,100231,100,100397,170,100148,170,100476,170,100086,170,100481,100,100038,170,100537,100,100021,170,100565,100,99961,100,100590,100,99958,100,100708,100,99911,100,100897,100,99907,100
2019-06-28 10:04:30.000000000,100314,239,100268,239,100342,239,100231,239,100397,100,100148,100,100476,100,100086,100,100481,100,100038,100,100537,100,100021,100,100565,100,99961,100,100590,100,99958,100,100708,100,99911,100,100897,100,99907,100
2019-06-28 10:04:32.803208333,100314,239,100268,239,100342,239,100247,100,100476,100,100231,239,100481,100,100148,100,100537,100,100086,100,100565,100,100038,100,100590,100,100021,100,100708,100,99961,100,100897,100,99958,100,101197,100,99911,100
2019-06-28 10:04:40.000000000,100314,195,100268,195,100342,192,100247,192,100476,192,100231,192,100481,100,100148,100,100537,100,100086,100,100565,100,100038,100,100590,100,100021,100,100708,100,99961,100,100897,100,99958,100,101197,100,99911,100
2019-06-28 10:04:43.474526175,100314,195,100268,295,100342,192,100247,192,100476,192,100231,192,100481,100,100148,100,100537,100,100086,100,100565,100,100038,100,100590,100,100021,100,100708,100,99961,100,100897,100,99958,100,101197,100,99911,100
2019-06-28 10:04:48.343153752,100314,95,100268,295,100342,192,100247,192,100476,192,100231,192,100481,100,100148,100,100537,100,100086,100,100565,100,100038,100,100590,100,100021,100,100708,100,99961,100,100897,100,99958,100,101197,100,99911,100
2019-06-28 10:04:50.000000000,100342,195,100268,295,100476,192,100247,192,100481,192,100231,192,100537,100,100148,100,100565,100,100086,100,100590,100,100038,100,100708,100,100021,100,100897,100,99961,100,101197,100,99958,100,101337,100,99911,100
2019-06-28 10:04:56.993097140,100342,195,100268,295,100387,100,100247,192,100476,192,100231,192,100481,192,100148,100,100537,100,100086,100,100565,100,100038,100,100590,100,100021,100,100708,100,99961,100,100897,100,99958,100,101197,100,99911,100
2019-06-28 10:05:00.000000000,100342,378,100268,478,100387,100,100247,100,100476,100,100231,100,100481,100,100148,100,100537,100,100086,100,100565,100,100038,100,100590,100,100021,100,100708,100,99961,100,100897,100,99958,100,101197,100,99911,100
2019-06-28 10:05:05.585581137,100313,100,100268,478,100342,378,100247,100,100387,100,100231,100,100476,100,100148,100,100481,100,100086,100,100537,100,100038,100,100565,100,100021,100,100590,100,99961,100,100708,100,99958,100,100897,100,99911,100
2019-06-28 10:05:08.679790005,100313,100,100301,100,100342,378,100268,478,100387,100,100247,100,100476,100,100231,100,100481,100,100148,100,100537,100,100086,100,100565,100,100038,100,100590,100,100021,100,100708,100,99961,100,100897,100,99958,100
2019-06-28 10:05:09.498143005,100313,100,100301,100,100342,378,100268,478,100387,100,100247,100,100476,100,100231,100,100481,100,100148,100,100537,100,100130,100,100565,100,100086,100,100708,100,100038,100,100897,100,100021,100,101197,100,99961,100
2019-06-28 10:05:10.000000000,100313,239,100301,239,100342,239,100268,339,100387,100,100247,100,100476,100,100231,100,100481,100,100148,100,100537,100,100130,100,100565,100,100086,100,100708,100,100038,100,100897,100,100021,100,101197,100,99961,100
2019-06-28 10:05:18.004998160,100313,239,100301,239,100342,239,100268,339,100387,100,100247,100,100402,100,100231,100,100476,100,100148,100,100481,100,100130,100,100537,100,100086,100,100565,100,100038,100,100708,100,100021,100,100897,100,99961,100
2019-06-28 10:05:20.000000000,100313,378,100301,378,100342,100,100268,200,100387,100,100247,100,100402,100,100231,100,100476,100,100148,100,100481,100,100130,100,100537,100,100086,100,100565,100,100038,100,100708,100,100021,100,100897,100,99961,100
2019-06-28 10:05:30.000000000,100313,378,100301,378,100342,100,100268,200,100387,100,100247,100,100402,100,100231,100,100476,100,100148,100,100481,100,100130,100,100537,100,100086,100,100565,100,100038,100,100708,100,100021,100,100897,100,99961,100
2019-06-28 10:05:30.436952587,100313,378,100301,378,100342,100,100268,200,100387,100,100247,100,100402,100,100231,100,100403,100,100148,100,100476,100,100130,100,100481,100,100086,100,100537,100,100038,100,100565,100,100021,100,100708,100,99961,100
2019-06-28 10:05:40.000000000,100313,378,100301,378,100342,100,100268,200,100387,100,100247,100,100402,100,100231,100,100403,100,100148,100,100476,100,100130,100,100481,100,100086,100,100537,100,100038,100,100565,100,100021,100,100708,100,99961,100
2019-06-28 10:05:43.875448276,100313,278,100301,378,100342,100,100268,200,100387,100,100247,100,100403,100,100231,100,100476,100,100148,100,100481,100,100130,100,100537,100,100086,100,100565,100,100038,100,100708,100,100021,100,100897,100,99961,100
2019-06-28 10:05:47.137993378,100313,278,100301,378,100342,100,100268,200,100387,100,100247,100,100403,100,100231,100,100476,100,100148,100,100481,100,100130,100,100537,100,100086,100,100565,100,100038,100,100627,100,100021,100,100708,100,99961,100
2019-06-28 10:05:50.000000000,100342,170,100301,170,100387,170,100268,270,100403,170,100247,170,100476,170,100231,170,100481,100,100148,100,100537,100,100130,100,100565,100,100086,100,100627,100,100038,100,100708,100,100021,100,100897,100,99961,100
2019-06-28 10:06:00.000000000,100342,156,100301,156,100387,156,100268,256,100403,156,100247,156,100476,156,100231,156,100481,156,100148,156,100537,100,100130,100,100565,100,100086,100,100627,100,100038,100,100708,100,100021,100,100897,100,99961,100
2019-06-28 10:06:10.000000000,100342,239,100301,239,100387,239,100268,339,100403,100,100247,100,100476,100,100231,100,100481,100,100148,100,100537,100,100130,100,100565,100,100086,100,100627,100,100038,100,100708,100,100021,100,100897,100,99961,100
2019-06-28 10:06:11.220063934,100342,239,100301,239,100387,239,100268,339,100403,100,100247,100,100476,100,100231,100,100481,100,100148,100,100537,100,100130,100,100565,100,100086,100,100627,100,100038,100,100708,100,99961,100,100877,100,99958,100
2019-06-28 10:06:20.000000000,100342,170,100301,170,100387,170,100268,270,100403,170,100247,170,100476,170,100231,170,100481,100,100148,100,100537,100,100130,100,100565,100,100086,100,100627,100,100038,100,100708,100,99961,100,100877,100,99958,100
2019-06-28 10:06:29.689136932,100342,170,100301,170,100387,170,100268,270,100403,170,100247,170,100476,170,100231,170,100481,100,100148,100,100537,100,100130,100,100565,100,100086,100,100627,100,100038,100,100759,100,99961,100,100877,100,99958,100
2019-06-28 10:06:30.000000000,100342,170,100301,170,100387,170,100268,270,100403,170,100247,170,100476,170,100231,170,100481,100,100148,100,100537,100,100130,100,100565,100,100086,100,100627,100,100038,100,100759,100,99961,100,100877,100,99958,100
2019-06-28 10:06:40.000000000,100342,170,100301,170,100387,170,100268,270,100403,170,100247,170,100476,170,100231,170,100481,100,100148,100,100537,100,100130,100,100565,100,100086,100,100627,100,100038,100,100759,100,99961,100,100877,100,99958,100
2019-06-28 10:06:48.705549419,100342,170,100301,170,100387,170,100268,270,100390,100,100247,170,100403,170,100231,170,100476,170,100148,100,100481,100,100130,100,100537,100,100086,100,100565,100,100038,100,100627,100,99961,100,100759,100,99958,100
2019-06-28 10:06:50.000000000,100342,239,100301,239,100387,239,100268,339,100390,100,100247,100,100403,100,100231,100,100476,100,100148,100,100481,100,100130,100,100537,100,100086,100,100565,100,100038,100,100627,100,99961,100,100759,100,99958,100
2019-06-28 10:06:59.761945858,100342,239,100301,239,100387,239,100268,339,100390,100,100247,100,100403,100,100231,100,100476,100,100148,100,100481,100,100130,100,100494,100,100086,100,100537,100,100038,100,100565,100,99961,100,100627,100,99958,100
2019-06-28 10:07:00.000000000,100342,170,100301,170,100387,170,100268,270,100390,170,100247,170,100403,170,100231,170,100476,100,100148,100,100481,100,100130,100,100494,100,100086,100,100537,100,100038,100,100565,100,99961,100,100627,100,99958,100
2019-06-28 10:07:10.000000000,100342,156,100301,156,100387,156,100268,256,100390,156,100247,156,100403,156,100231,156,100476,156,100148,156,100481,100,100130,100,100494,100,100086,100,100537,100,100038,100,100565,100,99961,100,100627,100,99958,100
2019-06-28 10:07:20.000000000,100342,170,100301,170,100387,170,100268,270,100390,170,100247,170,100403,170,100231,170,100476,100,100148,100,100481,100,100130,100,100494,100,100086,100,100537,100,100038,100,100565,100,99961,100,100627,100,99958,100
2019-06-28 10:07:30.000000000,100342,195,100301,195,100387,192,100268,292,100390,192,100247,192,100403,100,100231,100,100476,100,100148,100,100481,100,100130,100,100494,100,100086,100,100537,100,100038,100,100565,100,99961,100,100627,100,99958,100
2019-06-28 10:07:40.000000000,100342,239,100301,239,100387,239,100268,339,100390,100,100247,100,100403,100,100231,100,100476,100,100148,100,100481,100,100130,100,100494,100,100086,100,100537,100,100038,100,100565,100,99961,100,100627,100,99958,100
2019-06-28 10:07:50.000000000,100342,156,100301,156,100387,156,100268,256,100390,156,100247,156,100403,156,100231,156,100476,156,100148,156,100481,100,100130,100,100494,100,100086,100,100537,100,100038,100,100565,100,99961,100,100627,100,99958,100
2019-06-28 10:08:00.000000000,100342,378,100301,378,100387,100,100268,200,100390,100,100247,100,100403,100,100231,100,100476,100,100148,100,100481,100,100130,100,100494,100,100086,100,100537,100,100038,100,100565,100,99961,100,100627,100,99958,100
2019-06-28 10:08:10.000000000,100342,195,100301,195,100387,192,100268,292,100390,192,100247,192,100403,100,100231,100,100476,100,100148,100,100481,100,100130,100,100494,100,100086,100,100537,100,100038,100,100565,100,99961,100,100627,100,99958,100
2019-06-28 10:08:20.000000000,100342,239,100301,239,100387,239,100268,339,100390,100,100247,100,100403,100,100231,100,100476,100,100148,100,100481,100,100130,100,100494,100,100086,100,100537,100,100038,100,100565,100,99961,100,100627,100,99958,100
2019-06-28 10:08:29.523980368,100342,239,100313,100,100387,239,100301,239,100390,100,100268,339,100403,100,100247,100,100476,100,100231,100,100481,100,100130,100,100494,100,100086,100,100537,100,100038,100,100565,100,99961,100,100627,100,99958,100
2019-06-28 10:08:30.000000000,100342,156,100313,156,100387,156,100301,156,100390,156,100268,256,100403,156,100247,156,100476,156,100231,156,100481,100,100130,100,100494,100,100086,100,100537,100,100038,100,100565,100,99961,100,100627,100,99958,100
2019-06-28 10:08:32.810991630,100342,156,100313,256,100387,156,100301,156,100390,156,100268,256,100403,156,100247,156,100476,156,100231,156,100481,100,100130,100,100494,100,100086,100,100537,100,100038,100,100565,100,99961,100,100627,100,99958,100
2019-06-28 10:08:40.000000000,100342,378,100313,478,100387,100,100301,100,100390,100,100268,200,100403,100,100247,100,100476,100,100231,100,100481,100,100130,100,100494,100,100086,100,100537,100,100038,100,100565,100,99961,100,100627,100,99958,100
2019-06-28 10:08:50.000000000,100342,170,100313,270,100387,170,100301,170,100390,170,100268,270,100403,170,100247,170,100476,100,100231,100,100481,100,100130,100,100494,100,100086,100,100537,100,100038,100,100565,100,99961,100,100627,100,99958,100
2019-06-28 10:09:00.000000000,100342,239,100313,339,100387,239,100301,239,100390,100,100268,200,100403,100,100247,100,100476,100,100231,100,100481,100,100130,100,100494,100,100086,100,100537,100,100038,100,100565,100,99961,100,100627,100,99958,100
2019-06-28 10:09:10.000000000,100342,195,100313,295,100387,192,100301,192,100390,192,100268,292,100403,100,100247,100,100476,100,100231,100,100481,100,100130,100,100494,100,100086,100,100537,100,100038,100,100565,100,99961,100,100627,100,99958,100
