,ask_price_1,ask_size_1,bid_price_1,bid_size_1,ask_price_2,ask_size_2,bid_price_2,bid_size_2,ask_price_3,ask_size_3,bid_price_3,bid_size_3,ask_price_4,ask_size_4,bid_price_4,bid_size_4,ask_price_5,ask_size_5,bid_price_5,bid_size_5,ask_price_6,ask_size_6,bid_price_6,bid_size_6,ask_price_7,ask_size_7,bid_price_7,bid_size_7,ask_price_8,ask_size_8,bid_price_8,bid_size_8,ask_price_9,ask_size_9,bid_price_9,bid_size_9,ask_price_10,ask_size_10,bid_price_10,bid_size_10
2019-06-28 09:30:00.000000003,100158,100,,,,,,,,,,,,,,,,,,,,,,,,,,,,,,,,,,,,,,
2019-06-28 09:30:00.000000004,99939,100,,,100158,100,,,,,,,,,,,,,,,,,,,,,,,,,,,,,,,,,,
2019-06-28 09:30:00.000000005,99939,100,99896,100,100132,100,,,100158,100,,,,,,,,,,,,,,,,,,,,,,,,,,,,,,
2019-06-28 09:30:00.000000006,99939,100,99896,100,100078,100,,,100132,100,,,100158,100,,,,,,,,,,,,,,,,,,,,,,,,,,
2019-06-28 09:30:00.000000007,99939,100,99896,100,100056,100,99888,100,100078,100,,,100132,100,,,100158,100,,,,,,,,,,,,,,,,,,,,,,
2019-06-28 09:30:00.000000008,99939,100,99916,100,100056,100,99896,100,100078,100,99888,100,100132,100,,,100158,100,,,,,,,,,,,,,,,,,,,,,,
2019-06-28 09:30:00.000000009,99939,100,99916,100,100056,100,99896,100,100078,100,99888,100,100102,100,,,100132,100,,,100158,100,,,,,,,,,,,,,,,,,,
2019-06-28 09:30:00.000000012,100056,100,99916,100,100078,100,99896,100,100102,100,99888,100,100132,100,,,100158,100,,,100178,100,,,,,,,,,,,,,,,,,,
2019-06-28 09:30:00.000000013,100056,100,99916,100,100078,100,99896,100,100102,100,99888,100,100132,100,99853,100,100158,100,,,100178,100,,,,,,,,,,,,,,,,,,
2019-06-28 09:30:00.000000014,100056,100,99919,100,100078,100,99916,100,100102,100,99896,200,100132,100,99892,100,100158,100,99888,100,100178,100,99853,100,,,,,,,,,,,,,,,,
2019-06-28 09:30:00.000000019,100030,100,99919,100,100056,100,99916,100,100078,100,99896,200,100102,100,99892,100,100132,100,99888,100,100158,100,99853,100,100178,100,,,,,,,,,,,,,,
2019-06-28 09:30:00.000000020,100030,100,100016,100,100056,100,99919,100,100078,100,99916,100,100102,100,99896,200,100132,100,99892,100,100158,100,99888,100,100178,100,99853,100,,,,,,,,,,,,
2019-06-28 09:30:00.000000021,100030,100,100016,100,100056,100,100006,100,100057,100,99919,100,100078,100,99916,100,100102,100,99896,200,100132,100,99892,100,100158,100,99888,100,100178,100,99853,100,,,,,,,,
2019-06-28 09:30:00.000000024,100030,100,100016,100,100056,100,100006,100,100057,100,99919,100,100075,100,99916,100,100078,100,99896,200,100082,100,99892,100,100102,100,99888,100,100132,100,99853,100,100158,100,,,100178,100,,
2019-06-28 09:30:00.000000025,100030,100,100016,100,100056,100,100006,100,100057,100,99919,100,100075,100,99916,100,100078,100,99896,200,100082,100,99892,100,100102,100,99888,100,100108,100,99853,100,100132,100,,,100158,100,,
2019-06-28 09:30:00.000000027,100030,100,100006,100,100056,100,99939,100,100057,100,99919,100,100058,100,99916,100,100075,100,99896,200,100078,100,99892,100,100082,100,99888,100,100102,100,99853,100,100108,100,,,100132,100,,
2019-06-28 09:30:00.000000029,100030,100,100006,100,100056,100,99939,100,100057,100,99919,100,100058,100,99916,100,100075,100,99896,200,100078,100,99892,100,100082,100,99888,100,100102,100,99853,100,100108,100,,,100118,100,,
2019-06-28 09:30:00.000000031,100030,100,100006,100,100056,100,99985,100,100057,100,99939,100,100058,100,99919,100,100075,100,99916,100,100078,100,99896,200,100082,100,99892,100,100102,100,99888,100,100108,100,99853,100,100118,100,,
2019-06-28 09:30:00.000000032,100016,100,100006,100,100030,100,99985,100,100056,100,99939,100,100057,100,99919,100,100058,100,99916,100,100075,100,99896,200,100078,100,99892,100,100082,100,99888,100,100102,100,99853,100,100108,100,,
2019-06-28 09:30:00.000000033,100016,100,100006,100,100030,100,99985,100,100055,100,99939,100,100056,100,99919,100,100057,100,99916,100,100058,100,99896,200,100075,100,99892,100,100078,100,99888,100,100082,100,99853,100,100102,100,99849,100
2019-06-28 09:30:00.000000034,100016,100,100006,100,100030,100,99985,100,100055,100,99939,100,100056,100,99929,100,100057,100,99919,100,100058,100,99916,100,100075,100,99896,200,100078,100,99892,100,100082,100,99888,100,100102,100,99853,100
2019-06-28 09:30:00.000000038,100016,100,100006,100,100030,100,99985,100,100055,100,99939,100,100056,100,99932,100,100057,100,99929,100,100058,100,99919,100,100075,100,99916,100,100078,100,99896,200,100082,100,99892,100,100102,100,99888,100
2019-06-28 09:30:00.000000039,100016,100,100006,100,100030,100,99985,100,100055,100,99975,100,100056,100,99939,100,100057,100,99932,100,100058,100,99929,100,100075,100,99919,100,100078,100,99916,100,100082,100,99896,200,100102,100,99892,100
2019-06-28 09:30:00.000000046,100016,100,100006,100,100024,100,99985,100,100030,100,99975,100,100055,100,99939,100,100056,100,99932,100,100057,100,99929,100,100058,100,99919,100,100075,100,99916,100,100078,100,99896,200,100082,100,99892,100
2019-06-28 09:30:00.000000049,100016,200,100006,100,100024,100,99985,100,100030,100,99975,100,100055,100,99939,100,100056,200,99932,100,100057,100,99929,100,100058,100,99919,100,100075,100,99916,100,100078,100,99896,200,100082,100,99892,100
2019-06-28 09:30:00.000000050,100016,200,100006,100,100024,100,99985,100,100030,100,99975,100,100055,100,99939,100,100056,200,99932,100,100057,100,99929,100,100058,100,99919,100,100069,100,99916,100,100075,100,99896,200,100078,100,99892,100
2019-06-28 09:30:00.000000051,100016,300,100006,100,100024,100,99985,100,100030,100,99975,100,100055,100,99939,100,100056,200,99932,100,100057,100,99929,100,100058,100,99919,100,100069,100,99916,100,100075,100,99896,200,100078,100,99892,100
2019-06-28 09:30:00.000000052,100016,400,100006,100,100024,100,99985,100,100030,100,99975,100,100055,100,99939,100,100056,200,99932,100,100057,100,99929,100,100058,100,99919,100,100069,100,99916,100,100075,100,99896,200,100078,100,99892,100
2019-06-28 09:30:00.000000055,100016,400,100006,100,100024,100,99985,100,100030,100,99975,100,100055,100,99939,100,100056,200,99932,100,100057,100,99929,100,100058,100,99919,100,100069,100,99916,100,100075,100,99896,200,100076,100,99892,100
2019-06-28 09:30:00.000000057,100016,400,100006,100,100024,100,99985,100,100030,100,99975,100,100055,100,99939,100,100056,200,99932,100,100057,100,99929,100,100058,100,99919,100,100069,100,99918,100,100075,100,99916,100,100076,100,99896,200
2019-06-28 09:30:00.000000058,100016,500,100006,100,100024,100,99985,100,100030,100,99975,100,100055,100,99939,100,100056,200,99932,100,100057,100,99929,100,100058,100,99919,100,100069,100,99918,100,100075,100,99916,100,100076,100,99896,200
2019-06-28 09:30:00.000000059,100016,500,100006,100,100024,100,99985,100,100030,100,99975,100,100055,100,99939,100,100056,200,99932,100,100057,100,99929,100,100058,100,99919,100,100069,100,99918,100,100075,100,99916,100,100076,100,99896,200
2019-06-28 09:30:00.000000062,100016,400,100006,100,100024,100,99985,100,100030,100,99975,100,100055,100,99939,100,100056,200,99932,100,100057,100,99929,100,100058,100,99919,100,100069,100,99918,100,100075,100,99916,100,100076,100,99896,200
2019-06-28 09:30:00.000000063,100016,400,100006,100,100024,100,99985,100,100030,100,99975,100,100055,100,99939,100,100056,200,99932,100,100057,100,99929,100,100058,100,99919,100,100069,100,99918,100,100075,100,99916,100,100076,100,99915,100
2019-06-28 09:30:00.000000065,100016,400,100006,100,100024,100,99985,100,100030,100,99975,100,100055,100,99939,100,100056,200,99932,100,100057,100,99929,100,100058,100,99919,100,100069,100,99918,100,100075,100,99916,100,100076,100,99915,100
2019-06-28 09:30:00.000000067,100016,400,100006,100,100024,100,99985,100,100030,100,99975,100,100034,100,99939,100,100055,100,99932,100,100056,200,99929,100,100057,100,99919,100,100058,100,99918,100,100069,100,99916,100,100075,100,99915,100
2019-06-28 09:30:00.000000071,100016,400,100006,100,100024,100,99998,100,100030,100,99985,100,100034,100,99975,100,100055,100,99939,100,100056,200,99932,100,100057,100,99929,100,100058,100,99919,100,100069,100,99918,100,100075,100,99916,100
2019-06-28 09:30:00.000000072,100016,200,100006,100,100024,100,99998,100,100030,100,99985,100,100034,100,99975,100,100055,100,99945,100,100056,200,99939,100,100057,100,99932,100,100058,100,99929,100,100069,100,99919,100,100075,100,99918,100
2019-06-28 09:30:00.000000073,100016,200,99998,100,100024,100,99985,100,100030,100,99975,100,100034,100,99945,100,100055,100,99939,100,100056,200,99932,100,100057,100,99929,100,100058,100,99919,100,100069,100,99918,100,100075,100,99916,100
2019-06-28 09:30:00.000000074,100016,200,99998,100,100024,100,99985,100,100030,100,99975,100,100034,100,99945,100,100055,100,99939,100,100056,200,99932,100,100057,100,99929,100,100058,100,99919,100,100069,100,99918,100,100075,100,99916,100
2019-06-28 09:30:00.000000075,100016,200,99998,100,100024,100,99985,100,100030,100,99975,100,100034,100,99945,100,100055,100,99939,100,100056,200,99932,100,100057,100,99929,100,100058,100,99919,100,100069,100,99918,100,100075,100,99916,100
2019-06-28 09:30:00.000000076,100016,200,99998,100,100024,100,99985,100,100030,100,99975,100,100034,100,99945,100,100055,100,99939,100,100056,200,99932,100,100057,100,99929,100,100058,100,99919,100,100069,100,99918,100,100075,100,99916,100
2019-06-28 09:30:00.000000077,100016,200,99998,100,100024,100,99985,100,100030,100,99975,100,100034,100,99965,100,100055,100,99945,100,100056,200,99939,100,100057,100,99932,100,100058,100,99929,100,100069,100,99919,100,100075,100,99918,100
2019-06-28 09:30:00.000000078,100016,200,100006,100,100024,100,99998,100,100030,100,99985,100,100034,100,99975,100,100055,100,99965,100,100056,200,99945,100,100057,100,99939,100,100058,100,99932,100,100069,100,99929,100,100075,100,99919,100
2019-06-28 09:30:00.000000080,100016,200,100006,100,100024,100,99998,100,100030,100,99985,100,100034,100,99975,100,100055,100,99965,100,100056,200,99945,100,100057,100,99944,100,100058,100,99939,100,100069,100,99932,100,100075,100,99929,100
2019-06-28 09:30:00.000000081,100016,200,100006,200,100024,100,99998,100,100030,100,99985,100,100034,100,99975,100,100055,100,99965,100,100056,200,99945,100,100057,100,99944,100,100058,100,99939,100,100069,100,99932,100,100075,100,99929,100
2019-06-28 09:30:00.000000083,100016,200,100006,200,100024,100,99998,100,100030,100,99985,100,100034,100,99975,100,100055,100,99965,100,100056,200,99945,100,100057,100,99944,100,100058,100,99939,100,100069,100,99932,100,100075,100,99929,100
2019-06-28 09:30:00.000000086,100016,200,100006,200,100024,100,99998,100,100030,100,99985,100,100034,100,99975,100,100055,100,99965,100,100056,200,99945,100,100057,100,99944,100,100058,100,99939,100,100069,100,99932,100,100075,100,99929,100
2019-06-28 09:30:00.000000087,100016,200,100006,200,100024,100,99998,100,100030,100,99985,100,100034,100,99975,100,100055,100,99965,100,100056,200,99945,100,100057,100,99944,100,100058,100,99939,100,100069,100,99932,100,100075,100,99929,100
2019-06-28 09:30:00.000000088,100016,200,100006,300,100024,100,99998,100,100030,100,99985,100,100034,100,99975,100,100055,100,99965,100,100056,200,99945,100,100057,100,99944,100,100058,100,99939,100,100069,100,99932,100,100075,100,99929,100
2019-06-28 09:30:00.000000093,100016,200,100006,400,100024,100,99998,100,100030,100,99985,100,100034,100,99975,100,100055,100,99965,100,100056,200,99945,100,100057,100,99944,100,100058,100,99939,100,100069,100,99932,100,100075,100,99929,100
2019-06-28 09:30:00.000000094,100016,200,100006,400,100024,100,99998,100,100030,100,99985,100,100034,100,99975,100,100055,100,99965,100,100056,200,99945,100,100057,100,99944,100,100058,100,99939,100,100069,100,99932,100,100075,100,99929,100
2019-06-28 09:30:00.000000096,100016,100,100006,400,100024,100,99998,100,100030,100,99985,100,100034,100,99975,100,100055,100,99965,100,100056,200,99945,100,100057,100,99944,100,100058,100,99939,100,100069,100,99932,100,100075,100,99929,100
2019-06-28 09:30:08.614462370,100024,100,100006,400,100030,100,99998,100,100034,100,99985,100,100055,100,99975,100,100056,200,99965,100,100057,100,99945,100,100058,100,99944,100,100069,100,99939,100,100075,100,99932,100,100076,100,99929,100
2019-06-28 09:30:10.000000000,100024,222,100006,522,100030,219,99998,219,100034,219,99985,219,100055,100,99975,100,100056,200,99965,100,100057,100,99945,100,100058,100,99944,100,100069,100,99939,100,100075,100,99932,100,100076,100,99929,100
2019-06-28 09:30:20.000000000,100024,190,100006,490,100030,190,99998,190,100034,190,99985,190,100055,190,99975,190,100056,200,99965,100,100057,100,99945,100,100058,100,99944,100,100069,100,99939,100,100075,100,99932,100,100076,100,99929,100
2019-06-28 09:30:21.393721872,100024,90,100006,490,100030,190,99998,190,100034,190,99985,190,100055,190,99975,190,100056,200,99965,100,100057,100,99945,100,100058,100,99944,100,100069,100,99939,100,100075,100,99932,100,100076,100,99929,100
2019-06-28 09:30:29.453848837,100024,90,100006,490,100030,190,99998,190,100034,190,99985,190,100055,190,99975,90,100056,200,99965,100,100057,100,99945,100,100058,100,99944,100,100069,100,99939,100,100075,100,99932,100,100076,100,99929,100
2019-06-28 09:30:29.775976289,100024,90,100006,490,100030,190,99998,90,100034,190,99985,190,100055,190,99975,90,100056,200,99965,100,100057,100,99955,100,100058,100,99945,100,100069,100,99944,100,100075,100,99939,100,100076,100,99932,100
2019-06-28 09:30:30.000000000,100030,222,100006,522,100034,219,99985,219,100055,219,99965,219,100056,200,99955,100,100057,100,99945,100,100058,100,99944,100,100069,100,99939,100,100075,100,99932,100,100076,100,99929,100,100078,100,99919,100
2019-06-28 09:30:35.570326547,100030,222,100016,100,100034,219,100006,422,100055,219,99985,219,100056,200,99965,219,100057,100,99955,100,100058,100,99945,100,100069,100,99944,100,100075,100,99939,100,100076,100,99932,100,100078,100,99929,100
2019-06-28 09:30:39.825624654,100030,222,100016,200,100034,219,100006,422,100055,219,99985,219,100056,200,99965,219,100057,100,99955,100,100058,100,99945,100,100069,100,99944,100,100075,100,99939,100,100076,100,99932,100,100078,100,99929,100
2019-06-28 09:30:40.000000000,100030,172,100016,272,100034,172,100006,372,100055,172,99985,172,100056,272,99965,172,100057,172,99955,172,100058,100,99945,100,100069,100,99944,100,100075,100,99939,100,100076,100,99932,100,100078,100,99929,100
2019-06-28 09:30:50.000000000,100030,190,100016,290,100034,190,100006,390,100055,190,99985,190,100056,290,99965,190,100057,100,99955,100,100058,100,99945,100,100069,100,99944,100,100075,100,99939,100,100076,100,99932,100,100078,100,99929,100
2019-06-28 09:31:00.000000000,100030,190,100016,290,100034,190,100006,390,100055,190,99985,190,100056,290,99965,190,100057,100,99955,100,100058,100,99945,100,100069,100,99944,100,100075,100,99939,100,100076,100,99932,100,100078,100,99929,100
2019-06-28 09:31:10.000000000,100030,460,100016,560,100034,100,100006,300,100055,100,99985,100,100056,200,99965,100,100057,100,99955,100,100058,100,99945,100,100069,100,99944,100,100075,100,99939,100,100076,100,99932,100,100078,100,99929,100
2019-06-28 09:31:14.838350827,100030,460,100016,460,100034,100,100006,300,100055,100,99985,100,100056,200,99965,100,100057,100,99955,100,100058,100,99945,100,100069,100,99944,100,100075,100,99939,100,100076,100,99932,100,100078,100,99929,100
2019-06-28 09:31:15.566038176,100030,460,100016,460,100034,100,100006,300,100055,100,99985,100,100056,200,99965,100,100057,100,99955,100,100058,100,99945,100,100069,100,99944,100,100075,100,99939,100,100076,100,99932,100,100078,100,99929,100
2019-06-28 09:31:20.000000000,100030,280,100016,280,100034,280,100006,480,100055,100,99985,100,100056,200,99965,100,100057,100,99955,100,100058,100,99945,100,100069,100,99944,100,100075,100,99939,100,100076,100,99932,100,100078,100,99929,100
2019-06-28 09:31:30.000000000,100030,222,100016,222,100034,219,100006,419,100055,219,99985,219,100056,200,99965,100,100057,100,99955,100,100058,100,99945,100,100069,100,99944,100,100075,100,99939,100,100076,100,99932,100,100078,100,99929,100
2019-06-28 09:31:33.540272546,100030,122,100016,222,100034,219,100006,419,100055,219,99985,219,100056,200,99965,100,100057,100,99955,100,100058,100,99945,100,100069,100,99944,100,100075,100,99939,100,100076,100,99932,100,100078,100,99929,100
2019-06-28 09:31:40.000000000,100034,222,100016,222,100055,219,100006,419,100056,319,99985,219,100057,100,99965,100,100058,100,99955,100,100069,100,99945,100,100075,100,99944,100,100076,100,99939,100,100078,100,99932,100,100082,100,99929,100
2019-06-28 09:31:40.935912320,100034,222,100016,222,100055,219,100006,419,100056,319,99985,219,100057,100,99965,100,100058,100,99955,100,100069,100,99945,100,100075,100,99944,100,100076,100,99939,100,100078,100,99932,100,100082,100,99929,100
2019-06-28 09:31:47.333967354,100034,222,100016,122,100055,219,100006,419,100056,319,99985,219,100058,100,99965,100,100069,100,99955,100,100075,100,99945,100,100076,100,99944,100,100078,100,99939,100,100082,100,99932,100,100092,100,99929,100
2019-06-28 09:31:50.000000000,100034,190,100006,390,100055,190,99985,190,100056,290,99965,190,100058,190,99955,190,100069,100,99945,100,100075,100,99944,100,100076,100,99939,100,100078,100,99932,100,100082,100,99929,100,100092,100,99919,100
2019-06-28 09:32:00.000000000,100034,172,100006,372,100055,172,99985,172,100056,272,99965,172,100058,172,99955,172,100069,172,99945,172,100075,100,99944,100,100076,100,99939,100,100078,100,99932,100,100082,100,99929,100,100092,100,99919,100
2019-06-28 09:32:10.000000000,100034,460,100006,660,100055,100,99985,100,100056,200,99965,100,100058,100,99955,100,100069,100,99945,100,100075,100,99944,100,100076,100,99939,100,100078,100,99932,100,100082,100,99929,100,100092,100,99919,100
2019-06-28 09:32:10.104532325,100034,460,100006,560,100055,100,99985,100,100056,200,99965,100,100058,100,99955,100,100069,100,99945,100,100075,100,99944,100,100076,100,99939,100,100078,100,99932,100,100082,100,99929,100,100092,100,99919,100
2019-06-28 09:32:13.419781644,100034,460,100006,560,100055,100,99985,100,100056,200,99965,100,100058,100,99955,100,100069,100,99945,100,100075,100,99944,100,100076,100,99939,100,100078,100,99932,100,100082,100,99929,100,100092,100,99919,100
2019-06-28 09:32:20.000000000,100034,280,100006,380,100055,280,99985,280,100056,200,99965,100,100058,100,99955,100,100069,100,99945,100,100075,100,99944,100,100076,100,99939,100,100078,100,99932,100,100082,100,99929,100,100092,100,99919,100
2019-06-28 09:32:20.463116180,100034,280,100006,280,100055,180,99985,280,100056,200,99965,100,100058,100,99955,100,100069,100,99945,100,100075,100,99944,100,100076,100,99939,100,100078,100,99932,100,100082,100,99929,100,100092,100,99919,100
2019-06-28 09:32:30.000000000,100034,190,100006,190,100056,290,99985,190,100058,190,99965,190,100069,190,99955,190,100075,100,99945,100,100076,100,99944,100,100078,100,99939,100,100082,100,99932,100,100092,100,99929,100,100102,100,99919,100
2019-06-28 09:32:40.000000000,100034,222,100006,222,100056,319,99985,219,100058,219,99965,219,100069,100,99955,100,100075,100,99945,100,100076,100,99944,100,100078,100,99939,100,100082,100,99932,100,100092,100,99929,100,100102,100,99919,100
2019-06-28 09:32:50.000000000,100034,190,100006,190,100056,290,99985,190,100058,190,99965,190,100069,190,99955,190,100075,100,99945,100,100076,100,99944,100,100078,100,99939,100,100082,100,99932,100,100092,100,99929,100,100102,100,99919,100
2019-06-28 09:33:00.000000000,100034,190,100006,190,100056,290,99985,190,100058,190,99965,190,100069,190,99955,190,100075,100,99945,100,100076,100,99944,100,100078,100,99939,100,100082,100,99932,100,100092,100,99929,100,100102,100,99919,100
2019-06-28 09:33:03.423617683,100034,190,100006,90,100056,290,99985,190,100058,190,99965,190,100069,190,99955,190,100075,100,99945,100,100076,100,99944,100,100078,100,99939,100,100082,100,99932,100,100092,100,99929,100,100102,100,99919,100
2019-06-28 09:33:10.000000000,100034,460,99985,460,100056,200,99965,100,100058,100,99955,100,100069,100,99945,100,100075,100,99944,100,100076,100,99939,100,100078,100,99932,100,100082,100,99929,100,100092,100,99919,100,100102,100,99918,100
2019-06-28 09:33:13.248672079,100034,460,99985,360,100056,200,99965,100,100069,100,99955,100,100075,100,99945,100,100076,100,99944,100,100078,100,99939,100,100082,100,99932,100,100092,100,99929,100,100102,100,99919,100,100108,100,99918,100
2019-06-28 09:33:17.005621373,100034,460,99985,360,100056,200,99965,100,100069,100,99955,100,100075,100,99945,100,100076,100,99944,100,100078,100,99939,100,100082,100,99932,100,100092,100,99929,100,100102,100,99919,100,100113,100,99918,100
2019-06-28 09:33:18.801079784,100034,460,99985,260,100056,200,99965,100,100069,100,99955,100,100075,100,99945,100,100076,100,99944,100,100078,100,99939,100,100082,100,99929,100,100092,100,99919,100,100102,100,99918,100,100113,100,99915,100
2019-06-28 09:33:20.000000000,100034,280,99965,280,100056,380,99955,280,100069,100,99945,100,100075,100,99944,100,100076,100,99939,100,100078,100,99929,100,100082,100,99919,100,100092,100,99918,100,100102,100,99915,100,100113,100,99909,100
2019-06-28 09:33:20.356683520,100034,280,99965,280,100056,380,99955,280,100069,100,99945,100,100075,100,99944,100,100076,100,99939,100,100078,100,99929,100,100082,100,99919,100,100102,100,99918,100,100113,100,99915,100,100118,100,99909,100
2019-06-28 09:33:23.733398967,100034,280,99965,280,100056,380,99955,280,100069,100,99945,100,100075,100,99944,100,100076,100,99939,100,100078,100,99929,100,100082,100,99919,100,100102,100,99918,100,100113,100,99915,100,100118,100,99909,100
2019-06-28 09:33:30.000000000,100034,190,99965,190,100056,290,99955,190,100069,190,99945,190,100075,190,99944,190,100076,100,99939,100,100078,100,99929,100,100082,100,99919,100,100102,100,99918,100,100113,100,99915,100,100118,100,99909,100
2019-06-28 09:33:32.926859809,99985,100,99965,190,100034,190,99955,190,100056,290,99945,190,100069,190,99944,190,100075,190,99939,100,100076,100,99929,100,100078,100,99919,100,100082,100,99918,100,100102,100,99915,100,100113,100,99909,100
2019-06-28 09:33:40.000000000,99985,190,99965,190,100034,190,99955,190,100056,290,99945,190,100069,190,99944,190,100075,100,99939,100,100076,100,99929,100,100078,100,99919,100,100082,100,99918,100,100102,100,99915,100,100113,100,99909,100
2019-06-28 09:33:44.012916660,99985,290,99965,190,100034,190,99955,190,100056,290,99945,190,100069,190,99944,190,100075,100,99939,100,100076,100,99929,100,100078,100,99919,100,100082,100,99918,100,100102,100,99915,100,100113,100,99909,100
2019-06-28 09:33:50.000000000,99985,560,99965,460,100034,100,99955,100,100056,200,99945,100,100069,100,99944,100,100075,100,99939,100,100076,100,99929,100,100078,100,99919,100,100082,100,99918,100,100102,100,99915,100,100113,100,99909,100
2019-06-28 09:34:00.000000000,99985,290,99965,190,100034,190,99955,190,100056,290,99945,190,100069,190,99944,190,100075,100,99939,100,100076,100,99929,100,100078,100,99919,100,100082,100,99918,100,100102,100,99915,100,100113,100,99909,100
2019-06-28 09:34:02.788711473,99985,390,99965,190,100034,190,99955,190,100056,290,99945,190,100069,190,99944,190,100075,100,99939,100,100076,100,99929,100,100078,100,99919,100,100082,100,99918,100,100102,100,99915,100,100113,100,99909,100
2019-06-28 09:34:08.404014551,99985,390,99965,190,100034,190,99955,190,100056,290,99945,190,100069,190,99944,190,100075,100,99939,100,100076,100,99929,100,100078,100,99919,100,100082,100,99918,100,100102,100,99915,100,100113,100,99909,100
2019-06-28 09:34:10.000000000,99985,660,99965,460,100034,100,99955,100,100056,200,99945,100,100069,100,99944,100,100075,100,99939,100,100076,100,99929,100,100078,100,99919,100,100082,100,99918,100,100102,100,99915,100,100113,100,99909,100
2019-06-28 09:34:17.889887225,99985,760,99965,460,100034,100,99955,100,100056,200,99945,100,100069,100,99944,100,100075,100,99939,100,100076,100,99929,100,100078,100,99919,100,100082,100,99918,100,100102,100,99915,100,100113,100,99909,100
2019-06-28 09:34:20.000000000,99985,580,99965,280,100034,280,99955,280,100056,200,99945,100,100069,100,99944,100,100075,100,99939,100,100076,100,99929,100,100078,100,99919,100,100082,100,99918,100,100102,100,99915,100,100113,100,99909,100
2019-06-28 09:34:21.024629576,99985,580,99965,80,100034,280,99955,280,100056,200,99945,100,100069,100,99944,100,100075,100,99939,100,100076,100,99929,100,100078,100,99919,100,100082,100,99918,100,100102,100,99915,100,100113,100,99909,100
2019-06-28 09:34:30.000000000,99985,522,99955,222,100034,219,99945,219,100056,319,99944,219,100069,100,99939,100,100075,100,99929,100,100076,100,99919,100,100078,100,99918,100,100082,100,99915,100,100102,100,99909,100,100113,100,99896,200
2019-06-28 09:34:34.866861973,99984,100,99955,222,99985,422,99945,219,100034,219,99944,219,100056,319,99939,100,100069,100,99929,100,100075,100,99919,100,100076,100,99918,100,100078,100,99915,100,100082,100,99909,100,100102,100,99896,200
2019-06-28 09:34:40.000000000,99984,460,99955,460,99985,300,99945,100,100034,100,99944,100,100056,200,99939,100,100069,100,99929,100,100075,100,99919,100,100076,100,99918,100,100078,100,99915,100,100082,100,99909,100,100102,100,99896,200
2019-06-28 09:34:50.000000000,99984,190,99955,190,99985,390,99945,190,100034,190,99944,190,100056,290,99939,190,100069,100,99929,100,100075,100,99919,100,100076,100,99918,100,100078,100,99915,100,100082,100,99909,100,100102,100,99896,200
2019-06-28 09:35:00.000000000,99984,172,99955,172,99985,372,99945,172,100034,172,99944,172,100056,272,99939,172,100069,172,99929,172,100075,100,99919,100,100076,100,99918,100,100078,100,99915,100,100082,100,99909,100,100102,100,99896,200
2019-06-28 09:35:10.000000000,99984,460,99955,460,99985,300,99945,100,100034,100,99944,100,100056,200,99939,100,100069,100,99929,100,100075,100,99919,100,100076,100,99918,100,100078,100,99915,100,100082,100,99909,100,100102,100,99896,200
2019-06-28 09:35:13.830311110,99984,460,99955,460,99985,300,99945,100,100034,100,99944,100,100056,200,99939,100,100075,100,99929,100,100076,100,99919,100,100078,100,99918,100,100082,100,99915,100,100102,100,99909,100,100105,100,99896,200
2019-06-28 09:35:14.715477949,99984,460,99966,100,99985,300,99955,460,100034,100,99945,100,100056,200,99944,100,100075,100,99929,100,100076,100,99919,100,100078,100,99918,100,100082,100,99915,100,100102,100,99909,100,100105,100,99896,200
2019-06-28 09:35:20.000000000,99984,172,99966,172,99985,372,99955,172,100034,172,99945,172,100056,272,99944,172,100075,172,99929,172,100076,100,99919,100,100078,100,99918,100,100082,100,99915,100,100102,100,99909,100,100105,100,99896,200
2019-06-28 09:35:30.000000000,99984,460,99966,460,99985,300,99955,100,100034,100,99945,100,100056,200,99944,100,100075,100,99929,100,100076,100,99919,100,100078,100,99918,100,100082,100,99915,100,100102,100,99909,100,100105,100,99896,200
2019-06-28 09:35:39.057921806,99984,460,99966,360,99985,300,99955,100,100034,100,99945,100,100056,200,99944,100,100075,100,99929,100,100076,100,99919,100,100078,100,99918,100,100082,100,99915,100,100102,100,99909,100,100105,100,99896,200
2019-06-28 09:35:40.000000000,99984,280,99955,280,99985,480,99945,280,100034,100,99944,100,100056,200,99929,100,100075,100,99919,100,100076,100,99918,100,100078,100,99915,100,100082,100,99909,100,100102,100,99896,200,100105,100,99890,100
2019-06-28 09:35:42.807626106,99975,100,99955,280,99984,280,99945,280,99985,480,99944,100,100034,100,99929,100,100056,100,99919,100,100075,100,99918,100,100076,100,99915,100,100078,100,99909,100,100082,100,99896,200,100102,100,99890,100
2019-06-28 09:35:50.000000000,99975,280,99955,280,99984,280,99945,280,99985,300,99944,100,100034,100,99929,100,100056,100,99919,100,100075,100,99918,100,100076,100,99915,100,100078,100,99909,100,100082,100,99896,200,100102,100,99890,100
2019-06-28 09:35:53.839909895,99975,280,99955,180,99984,280,99945,280,99985,300,99944,100,100034,100,99929,100,100056,100,99919,100,100075,100,99918,100,100076,100,99915,100,100078,100,99909,100,100082,100,99896,200,100102,100,99890,100
2019-06-28 09:35:54.641255248,99975,280,99955,180,99984,280,99945,280,99985,300,99944,100,100034,100,99929,100,100056,100,99919,100,100075,100,99918,100,100076,100,99915,100,100078,100,99909,100,100082,100,99896,200,100102,100,99890,100
2019-06-28 09:36:00.000000000,99975,222,99945,222,99984,219,99944,219,99985,419,99929,219,100034,100,99919,100,100056,100,99918,100,100075,100,99915,100,100076,100,99909,100,100078,100,99896,200,100082,100,99890,100,100102,100,99888,200
2019-06-28 09:36:03.618873093,99975,222,99945,222,99984,219,99944,119,99985,419,99929,219,100034,100,99922,100,100056,100,99919,100,100075,100,99918,100,100076,100,99915,100,100078,100,99909,100,100082,100,99896,200,100102,100,99890,100
2019-06-28 09:36:10.000000000,99975,460,99945,460,99984,100,99929,100,99985,300,99922,100,100034,100,99919,100,100056,100,99918,100,100075,100,99915,100,100076,100,99909,100,100078,100,99896,200,100082,100,99890,100,100102,100,99888,200
2019-06-28 09:36:20.000000000,99975,460,99945,460,99984,100,99929,100,99985,300,99922,100,100034,100,99919,100,100056,100,99918,100,100075,100,99915,100,100076,100,99909,100,100078,100,99896,200,100082,100,99890,100,100102,100,99888,200
2019-06-28 09:36:30.000000000,99975,460,99945,460,99984,100,99929,100,99985,300,99922,100,100034,100,99919,100,100056,100,99918,100,100075,100,99915,100,100076,100,99909,100,100078,100,99896,200,100082,100,99890,100,100102,100,99888,200
2019-06-28 09:36:40.000000000,99975,460,99945,460,99984,100,99929,100,99985,300,99922,100,100034,100,99919,100,100056,100,99918,100,100075,100,99915,100,100076,100,99909,100,100078,100,99896,200,100082,100,99890,100,100102,100,99888,200
2019-06-28 09:36:49.897356838,99975,460,99945,460,99984,100,99929,100,99985,300,99922,100,100034,100,99919,100,100056,100,99918,100,100075,100,99915,100,100076,100,99909,100,100078,100,99896,200,100082,200,99890,100,100102,100,99888,200
2019-06-28 09:36:50.000000000,99975,190,99945,190,99984,190,99929,190,99985,390,99922,190,100034,190,99919,190,100056,100,99918,100,100075,100,99915,100,100076,100,99909,100,100078,100,99896,200,100082,200,99890,100,100102,100,99888,200
2019-06-28 09:37:00.000000000,99975,280,99945,280,99984,280,99929,280,99985,300,99922,100,100034,100,99919,100,100056,100,99918,100,100075,100,99915,100,100076,100,99909,100,100078,100,99896,200,100082,200,99890,100,100102,100,99888,200
2019-06-28 09:37:00.705552745,99975,280,99945,280,99984,280,99929,280,99985,300,99922,100,100034,100,99919,100,100056,100,99918,100,100075,100,99915,100,100076,100,99909,100,100078,100,99896,200,100082,200,99890,100,100102,100,99888,200
2019-06-28 09:37:10.000000000,99975,172,99945,172,99984,172,99929,172,99985,372,99922,172,100034,172,99919,172,100056,172,99918,172,100075,100,99915,100,100076,100,99909,100,100078,100,99896,200,100082,200,99890,100,100102,100,99888,200
2019-06-28 09:37:20.000000000,99975,222,99945,222,99984,219,99929,219,99985,419,99922,219,100034,100,99919,100,100056,100,99918,100,100075,100,99915,100,100076,100,99909,100,100078,100,99896,200,100082,200,99890,100,100102,100,99888,200
2019-06-28 09:37:22.061036170,99966,100,99945,222,99975,222,99929,219,99984,219,99922,219,99985,419,99919,100,100034,100,99918,100,100056,100,99915,100,100075,100,99909,100,100076,100,99896,200,100078,100,99890,100,100082,200,99888,200
2019-06-28 09:37:30.000000000,99966,222,99945,222,99975,219,99929,219,99984,219,99922,219,99985,300,99919,100,100034,100,99918,100,100056,100,99915,100,100075,100,99909,100,100076,100,99896,200,100078,100,99890,100,100082,200,99888,200
2019-06-28 09:37:40.000000000,99966,460,99945,460,99975,100,99929,100,99984,100,99922,100,99985,300,99919,100,100034,100,99918,100,100056,100,99915,100,100075,100,99909,100,100076,100,99896,200,100078,100,99890,100,100082,200,99888,200
2019-06-28 09:37:44.859580211,99966,460,99945,460,99975,100,99929,100,99984,100,99922,100,99985,300,99919,100,100034,200,99918,100,100056,100,99915,100,100075,100,99909,100,100076,100,99896,100,100078,100,99890,100,100082,200,99888,200
2019-06-28 09:37:50.000000000,99966,280,99945,280,99975,280,99929,280,99984,100,99922,100,99985,300,99919,100,100034,200,99918,100,100056,100,99915,100,100075,100,99909,100,100076,100,99896,100,100078,100,99890,100,100082,200,99888,200
2019-06-28 09:37:53.435206946,99966,280,99945,280,99975,280,99929,280,99984,100,99922,100,99985,200,99919,100,100034,200,99918,100,100056,100,99915,100,100075,100,99909,100,100076,100,99896,100,100078,100,99890,100,100082,200,99888,200
2019-06-28 09:38:00.000000000,99966,280,99945,280,99975,280,99929,280,99984,100,99922,100,99985,200,99919,100,100034,200,99918,100,100056,100,99915,100,100075,100,99909,100,100076,100,99896,100,100078,100,99890,100,100082,200,99888,200
2019-06-28 09:38:10.000000000,99966,222,99945,222,99975,219,99929,219,99984,219,99922,219,99985,200,99919,100,100034,200,99918,100,100056,100,99915,100,100075,100,99909,100,100076,100,99896,100,100078,100,99890,100,100082,200,99888,200
2019-06-28 09:38:20.000000000,99966,172,99945,172,99975,172,99929,172,99984,172,99922,172,99985,272,99919,172,100034,272,99918,172,100056,100,99915,100,100075,100,99909,100,100076,100,99896,100,100078,100,99890,100,100082,200,99888,200
2019-06-28 09:38:30.000000000,99966,222,99945,222,99975,219,99929,219,99984,219,99922,219,99985,200,99919,100,100034,200,99918,100,100056,100,99915,100,100075,100,99909,100,100076,100,99896,100,100078,100,99890,100,100082,200,99888,200
2019-06-28 09:38:40.000000000,99966,172,99945,172,99975,172,99929,172,99984,172,99922,172,99985,272,99919,172,100034,272,99918,172,100056,100,99915,100,100075,100,99909,100,100076,100,99896,100,100078,100,99890,100,100082,200,99888,200
2019-06-28 09:38:50.000000000,99966,222,99945,222,99975,219,99929,219,99984,219,99922,219,99985,200,99919,100,100034,200,99918,100,100056,100,99915,100,100075,100,99909,100,100076,100,99896,100,100078,100,99890,100,100082,200,99888,200
2019-06-28 09:39:00.000000000,99966,222,99945,222,99975,219,99929,219,99984,219,99922,219,99985,200,99919,100,100034,200,99918,100,100056,100,99915,100,100075,100,99909,100,100076,100,99896,100,100078,100,99890,100,100082,200,99888,200
2019-06-28 09:39:09.974438763,99966,222,99945,222,99975,219,99929,219,99984,219,99922,219,99985,200,99919,100,100034,200,99918,100,100056,100,99915,100,100075,100,99909,100,100076,100,99896,100,100078,100,99890,100,100082,200,99888,200
2019-06-28 09:39:10.000000000,99966,222,99945,222,99975,219,99929,219,99984,219,99922,219,99985,200,99919,100,100034,200,99918,100,100056,100,99915,100,100075,100,99909,100,100076,100,99896,100,100078,100,99890,100,100082,200,99888,200
2019-06-28 09:39:20.000000000,99966,172,99945,172,99975,172,99929,172,99984,172,99922,172,99985,272,99919,172,100034,272,99918,172,100056,100,99915,100,100075,100,99909,100,100076,100,99896,100,100078,100,99890,100,100082,200,99888,200
2019-06-28 09:39:30.000000000,99966,280,99945,280,99975,280,99929,280,99984,100,99922,100,99985,200,99919,100,100034,200,99918,100,100056,100,99915,100,100075,100,99909,100,100076,100,99896,100,100078,100,99890,100,100082,200,99888,200
2019-06-28 09:39:34.952087068,99966,280,99945,280,99975,280,99929,280,99984,100,99922,100,99985,200,99919,100,100034,200,99918,100,100056,100,99915,100,100075,100,99909,100,100076,100,99896,100,100078,100,99890,100,100082,200,99888,200
2019-06-28 09:39:40.000000000,99966,190,99945,190,99975,190,99929,190,99984,190,99922,190,99985,290,99919,190,100034,200,99918,100,100056,100,99915,100,100075,100,99909,100,100076,100,99896,100,100078,100,99890,100,100082,200,99888,200
2019-06-28 09:39:50.000000000,99966,460,99945,460,99975,100,99929,100,99984,100,99922,100,99985,200,99919,100,100034,200,99918,100,100056,100,99915,100,100075,100,99909,100,100076,100,99896,100,100078,100,99890,100,100082,200,99888,200
2019-06-28 09:39:53.440297677,99966,460,99945,460,99975,100,99929,100,99984,100,99922,100,99985,200,99919,100,100034,200,99918,100,100056,100,99915,100,100075,100,99909,100,100076,100,99896,100,100078,100,99890,100,100082,200,99888,200
2019-06-28 09:40:00.000000000,99966,280,99945,280,99975,280,99929,280,99984,100,99922,100,99985,200,99919,100,100034,200,99918,100,100056,100,99915,100,100075,100,99909,100,100076,100,99896,100,100078,100,99890,100,100082,200,99888,200
2019-06-28 09:40:00.713618793,99966,180,99945,280,99975,280,99929,280,99984,100,99922,100,99985,200,99919,100,100034,200,99918,100,100075,100,99915,100,100076,100,99909,100,100078,100,99896,100,100082,200,99890,100,100102,100,99888,200
2019-06-28 09:40:08.971841662,99966,180,99945,280,99975,280,99929,280,99984,100,99922,100,99985,200,99919,100,100034,200,99918,100,100075,100,99915,100,100076,100,99909,100,100078,100,99896,100,100082,200,99890,100,100102,100,99888,200
2019-06-28 09:40:10.000000000,99975,460,99945,460,99984,100,99929,100,99985,200,99922,100,100034,200,99919,100,100075,100,99918,100,100076,100,99915,100,100078,100,99909,100,100082,200,99896,100,100102,100,99890,100,100105,100,99888,200
2019-06-28 09:40:20.000000000,99975,460,99945,460,99984,100,99929,100,99985,200,99922,100,100034,200,99919,100,100075,100,99918,100,100076,100,99915,100,100078,100,99909,100,100082,200,99896,100,100102,100,99890,100,100105,100,99888,200
2019-06-28 09:40:28.192324835,99975,460,99956,100,99984,100,99945,460,99985,200,99929,100,100034,200,99922,100,100075,100,99919,100,100076,100,99918,100,100078,100,99915,100,100082,200,99909,100,100102,100,99896,100,100105,100,99890,100
2019-06-28 09:40:30.000000000,99975,222,99956,222,99984,219,99945,219,99985,319,99929,219,100034,200,99922,100,100075,100,99919,100,100076,100,99918,100,100078,100,99915,100,100082,200,99909,100,100102,100,99896,100,100105,100,99890,100
2019-06-28 09:40:33.510218817,99975,222,99956,222,99984,219,99945,219,99985,319,99929,219,100034,200,99922,100,100075,100,99919,100,100076,100,99918,100,100078,100,99915,100,100082,200,99909,100,100102,100,99896,100,100105,100,99890,100
2019-06-28 09:40:40.000000000,99975,460,99956,460,99984,100,99945,100,99985,200,99929,100,100034,200,99922,100,100075,100,99919,100,100076,100,99918,100,100078,100,99915,100,100082,200,99909,100,100102,100,99896,100,100105,100,99890,100
2019-06-28 09:40:50.000000000,99975,280,99956,280,99984,280,99945,280,99985,200,99929,100,100034,200,99922,100,100075,100,99919,100,100076,100,99918,100,100078,100,99915,100,100082,200,99909,100,100102,100,99896,100,100105,100,99890,100
2019-06-28 09:41:00.000000000,99975,280,99956,280,99984,280,99945,280,99985,200,99929,100,100034,200,99922,100,100075,100,99919,100,100076,100,99918,100,100078,100,99915,100,100082,200,99909,100,100102,100,99896,100,100105,100,99890,100
2019-06-28 09:41:10.000000000,99975,222,99956,222,99984,219,99945,219,99985,319,99929,219,100034,200,99922,100,100075,100,99919,100,100076,100,99918,100,100078,100,99915,100,100082,200,99909,100,100102,100,99896,100,100105,100,99890,100
2019-06-28 09:41:20.000000000,99975,222,99956,222,99984,219,99945,219,99985,319,99929,219,100034,200,99922,100,100075,100,99919,100,100076,100,99918,100,100078,100,99915,100,100082,200,99909,100,100102,100,99896,100,100105,100,99890,100
2019-06-28 09:41:30.000000000,99975,280,99956,280,99984,280,99945,280,99985,200,99929,100,100034,200,99922,100,100075,100,99919,100,100076,100,99918,100,100078,100,99915,100,100082,200,99909,100,100102,100,99896,100,100105,100,99890,100
2019-06-28 09:41:40.000000000,99975,190,99956,190,99984,190,99945,190,99985,290,99929,190,100034,290,99922,190,100075,100,99919,100,100076,100,99918,100,100078,100,99915,100,100082,200,99909,100,100102,100,99896,100,100105,100,99890,100
2019-06-28 09:41:40.751313243,99975,190,99956,190,99984,190,99945,190,99985,290,99929,190,100034,290,99922,90,100075,100,99919,100,100076,100,99918,100,100078,100,99915,100,100082,200,99909,100,100102,100,99896,100,100105,100,99890,100
2019-06-28 09:41:43.552496525,99975,90,99956,190,99984,190,99945,190,99985,290,99929,190,100034,290,99922,90,100075,100,99919,100,100076,100,99918,100,100078,100,99915,100,100082,200,99909,100,100102,100,99896,100,100105,100,99890,100
2019-06-28 09:41:45.760048494,99984,190,99975,10,99985,290,99956,190,100034,290,99945,190,100075,100,99929,190,100076,100,99922,90,100078,100,99919,100,100082,200,99918,100,100102,100,99915,100,100105,100,99909,100,100113,100,99896,100
2019-06-28 09:41:50.000000000,99984,280,99975,190,99985,380,99956,280,100034,200,99945,100,100075,100,99929,100,100076,100,99919,100,100078,100,99918,100,100082,200,99915,100,100102,100,99909,100,100105,100,99896,100,100113,100,99890,100
2019-06-28 09:41:58.707199466,99984,280,99975,290,99985,380,99956,280,100034,200,99945,100,100075,100,99929,100,100076,100,99919,100,100078,100,99918,100,100082,200,99915,100,100102,100,99909,100,100105,100,99896,100,100113,100,99890,100
2019-06-28 09:42:00.000000000,99984,460,99975,470,99985,200,99956,100,100034,200,99945,100,100075,100,99929,100,100076,100,99919,100,100078,100,99918,100,100082,200,99915,100,100102,100,99909,100,100105,100,99896,100,100113,100,99890,100
2019-06-28 09:42:10.000000000,99984,190,99975,200,99985,290,99956,190,100034,290,99945,190,100075,190,99929,190,100076,100,99919,100,100078,100,99918,100,100082,200,99915,100,100102,100,99909,100,100105,100,99896,100,100113,100,99890,100
2019-06-28 09:42:20.000000000,99984,460,99975,470,99985,200,99956,100,100034,200,99945,100,100075,100,99929,100,100076,100,99919,100,100078,100,99918,100,100082,200,99915,100,100102,100,99909,100,100105,100,99896,100,100113,100,99890,100
2019-06-28 09:42:30.000000000,99984,222,99975,232,99985,319,99956,219,100034,319,99945,219,100075,100,99929,100,100076,100,99919,100,100078,100,99918,100,100082,200,99915,100,100102,100,99909,100,100105,100,99896,100,100113,100,99890,100
2019-06-28 09:42:35.195734952,99984,122,99975,232,99985,319,99956,219,100034,319,99945,119,100075,100,99929,100,100076,100,99919,100,100078,100,99918,100,100082,200,99915,100,100102,100,99909,100,100105,100,99896,100,100113,100,99890,100
2019-06-28 09:42:40.000000000,99985,380,99975,290,100034,380,99956,280,100075,100,99929,100,100076,100,99919,100,100078,100,99918,100,100082,200,99915,100,100102,100,99909,100,100105,100,99896,100,100113,100,99890,100,100118,100,99888,200
2019-06-28 09:42:50.000000000,99985,290,99975,200,100034,290,99956,190,100075,190,99929,190,100076,190,99919,190,100078,100,99918,100,100082,200,99915,100,100102,100,99909,100,100105,100,99896,100,100113,100,99890,100,100118,100,99888,200
2019-06-28 09:43:00.000000000,99985,380,99975,290,100034,380,99956,280,100075,100,99929,100,100076,100,99919,100,100078,100,99918,100,100082,200,99915,100,100102,100,99909,100,100105,100,99896,100,100113,100,99890,100,100118,100,99888,200
2019-06-28 09:43:10.000000000,99985,272,99975,182,100034,272,99956,172,100075,172,99929,172,100076,172,99919,172,100078,172,99918,172,100082,200,99915,100,100102,100,99909,100,100105,100,99896,100,100113,100,99890,100,100118,100,99888,200
2019-06-28 09:43:19.593643944,99985,272,99975,82,100034,272,99956,172,100075,172,99929,172,100076,172,99919,72,100078,172,99918,172,100082,200,99915,100,100102,100,99909,100,100105,100,99896,100,100113,100,99890,100,100118,100,99888,200
2019-06-28 09:43:20.000000000,99985,322,99975,132,100034,319,99956,219,100075,219,99929,219,100076,100,99918,100,100078,100,99915,100,100082,200,99909,100,100102,100,99896,100,100105,100,99890,100,100113,100,99888,200,100118,100,99881,100
2019-06-28 09:43:20.501659748,99985,322,99975,132,100034,319,99956,219,100075,219,99954,100,100076,100,99929,219,100078,100,99918,100,100082,200,99915,100,100102,100,99909,100,100105,100,99896,100,100113,100,99890,100,100118,100,99888,200
2019-06-28 09:43:28.133538556,99983,100,99975,132,99985,322,99956,219,100034,319,99954,100,100075,219,99929,219,100076,100,99918,100,100078,100,99915,100,100082,200,99909,100,100102,100,99896,100,100105,100,99890,100,100113,100,99888,200
2019-06-28 09:43:30.000000000,99983,222,99975,132,99985,319,99956,219,100034,319,99954,219,100075,100,99929,100,100076,100,99918,100,100078,100,99915,100,100082,200,99909,100,100102,100,99896,100,100105,100,99890,100,100113,100,99888,200
2019-06-28 09:43:34.928429555,99983,222,99975,132,99985,319,99956,219,100011,100,99954,219,100034,319,99929,100,100075,100,99918,100,100076,100,99915,100,100078,100,99909,100,100082,200,99896,100,100102,100,99890,100,100105,100,99888,200
2019-06-28 09:43:40.000000000,99983,222,99975,132,99985,319,99956,219,100011,219,99954,219,100034,200,99929,100,100075,100,99918,100,100076,100,99915,100,100078,100,99909,100,100082,200,99896,100,100102,100,99890,100,100105,100,99888,200
2019-06-28 09:43:50.000000000,99983,190,99975,100,99985,290,99956,190,100011,190,99954,190,100034,290,99929,190,100075,100,99918,100,100076,100,99915,100,100078,100,99909,100,100082,200,99896,100,100102,100,99890,100,100105,100,99888,200
2019-06-28 09:44:00.000000000,99983,190,99975,100,99985,290,99956,190,100011,190,99954,190,100034,290,99929,190,100075,100,99918,100,100076,100,99915,100,100078,100,99909,100,100082,200,99896,100,100102,100,99890,100,100105,100,99888,200
2019-06-28 09:44:10.000000000,99983,460,99975,370,99985,200,99956,100,100011,100,99954,100,100034,200,99929,100,100075,100,99918,100,100076,100,99915,100,100078,100,99909,100,100082,200,99896,100,100102,100,99890,100,100105,100,99888,200
2019-06-28 09:44:20.000000000,99983,280,99975,190,99985,380,99956,280,100011,100,99954,100,100034,200,99929,100,100075,100,99918,100,100076,100,99915,100,100078,100,99909,100,100082,200,99896,100,100102,100,99890,100,100105,100,99888,200
2019-06-28 09:44:26.204780012,99983,280,99975,190,99985,380,99956,280,100011,100,99954,100,100034,200,99929,100,100075,100,99918,100,100076,100,99915,100,100078,100,99909,100,100082,200,99896,100,100102,100,99890,100,100105,100,99888,200
2019-06-28 09:44:26.860092265,99983,280,99975,90,99985,380,99956,280,100011,100,99954,100,100034,200,99929,100,100075,100,99918,100,100076,100,99915,100,100078,100,99909,100,100082,200,99896,100,100102,100,99890,100,100105,100,99888,200
2019-06-28 09:44:30.000000000,99983,460,99956,460,99985,200,99954,100,100011,100,99929,100,100034,200,99918,100,100075,100,99915,100,100076,100,99909,100,100078,100,99896,100,100082,200,99890,100,100102,100,99888,200,100105,100,99881,100
2019-06-28 09:44:38.518342802,99975,100,99956,460,99983,460,99954,100,99985,200,99929,100,100011,100,99918,100,100034,200,99915,100,100075,100,99909,100,100076,100,99896,100,100078,100,99890,100,100082,200,99888,200,100102,100,99881,100
2019-06-28 09:44:40.000000000,99975,280,99956,280,99983,280,99954,280,99985,200,99929,100,100011,100,99918,100,100034,200,99915,100,100075,100,99909,100,100076,100,99896,100,100078,100,99890,100,100082,200,99888,200,100102,100,99881,100
2019-06-28 09:44:40.224404505,99975,380,99956,280,99983,280,99954,280,99985,200,99929,100,100011,100,99918,100,100034,200,99915,100,100075,100,99909,100,100076,100,99896,100,100078,100,99890,100,100082,200,99888,200,100102,100,99881,100
2019-06-28 09:44:50.000000000,99975,290,99956,190,99983,190,99954,190,99985,290,99929,190,100011,190,99918,190,100034,200,99915,100,100075,100,99909,100,100076,100,99896,100,100078,100,99890,100,100082,200,99888,200,100102,100,99881,100
2019-06-28 09:45:00.000000000,99975,272,99956,172,99983,172,99954,172,99985,272,99929,172,100011,172,99918,172,100034,272,99915,172,100075,100,99909,100,100076,100,99896,100,100078,100,99890,100,100082,200,99888,200,100102,100,99881,100
2019-06-28 09:45:05.994960580,99975,272,99956,172,99983,172,99954,172,99985,272,99929,172,100011,172,99918,172,100034,272,99915,172,100075,100,99909,100,100076,100,99896,100,100078,100,99890,100,100082,200,99888,200,100102,100,99881,100
2019-06-28 09:45:09.461851205,99975,272,99956,172,99983,172,99954,172,99985,272,99929,172,100011,172,99918,172,100034,272,99915,72,100075,100,99909,100,100076,100,99896,100,100078,100,99890,100,100082,200,99888,200,100102,100,99881,100
2019-06-28 09:45:10.000000000,99975,272,99956,172,99983,172,99954,172,99985,272,99929,172,100011,172,99918,172,100034,272,99909,172,100075,100,99896,100,100076,100,99890,100,100078,100,99888,200,100082,200,99881,100,100102,100,99861,100
2019-06-28 09:45:20.000000000,99975,272,99956,172,99983,172,99954,172,99985,272,99929,172,100011,172,99918,172,100034,272,99909,172,100075,100,99896,100,100076,100,99890,100,100078,100,99888,200,100082,200,99881,100,100102,100,99861,100
2019-06-28 09:45:30.000000000,99975,560,99956,460,99983,100,99954,100,99985,200,99929,100,100011,100,99918,100,100034,200,99909,100,100075,100,99896,100,100076,100,99890,100,100078,100,99888,200,100082,200,99881,100,100102,100,99861,100
2019-06-28 09:45:37.632880600,99975,560,99956,360,99983,100,99954,100,99985,200,99929,100,100011,100,99918,100,100034,200,99909,100,100075,100,99896,100,100076,100,99890,100,100078,100,99888,100,100082,200,99881,100,100102,100,99861,100
2019-06-28 09:45:40.000000000,99975,290,99954,190,99983,190,99929,190,99985,290,99918,190,100011,190,99909,190,100034,200,99896,100,100075,100,99890,100,100076,100,99888,100,100078,100,99881,100,100082,200,99861,100,100102,100,99849,100
2019-06-28 09:45:50.000000000,99975,322,99954,222,99983,219,99929,219,99985,319,99918,219,100011,100,99909,100,100034,200,99896,100,100075,100,99890,100,100076,100,99888,100,100078,100,99881,100,100082,200,99861,100,100102,100,99849,100
2019-06-28 09:46:00.000000000,99975,290,99954,190,99983,190,99929,190,99985,290,99918,190,100011,190,99909,190,100034,200,99896,100,100075,100,99890,100,100076,100,99888,100,100078,100,99881,100,100082,200,99861,100,100102,100,99849,100
2019-06-28 09:46:10.000000000,99975,272,99954,172,99983,172,99929,172,99985,272,99918,172,100011,172,99909,172,100034,272,99896,172,100075,100,99890,100,100076,100,99888,100,100078,100,99881,100,100082,200,99861,100,100102,100,99849,100
2019-06-28 09:46:13.797524505,99975,272,99954,172,99983,172,99929,172,99985,272,99918,172,100011,172,99909,172,100034,272,99896,172,100075,100,99890,100,100076,100,99888,100,100078,100,99881,100,100082,200,99861,100,100102,100,99849,100
2019-06-28 09:46:20.000000000,99975,290,99954,190,99983,190,99929,190,99985,290,99918,190,100011,190,99909,190,100034,200,99896,100,100075,100,99890,100,100076,100,99888,100,100078,100,99881,100,100082,200,99861,100,100102,100,99849,100
2019-06-28 09:46:22.849014868,99974,100,99954,190,99975,190,99929,190,99983,190,99918,190,99985,290,99909,190,100011,190,99896,100,100034,200,99890,100,100075,100,99888,100,100076,100,99881,100,100078,100,99861,100,100082,200,99849,100
2019-06-28 09:46:30.000000000,99974,280,99954,280,99975,280,99929,280,99983,100,99918,100,99985,200,99909,100,100011,100,99896,100,100034,200,99890,100,100075,100,99888,100,100076,100,99881,100,100078,100,99861,100,100082,200,99849,100
2019-06-28 09:46:40.000000000,99974,460,99954,460,99975,100,99929,100,99983,100,99918,100,99985,200,99909,100,100011,100,99896,100,100034,200,99890,100,100075,100,99888,100,100076,100,99881,100,100078,100,99861,100,100082,200,99849,100
2019-06-28 09:46:50.000000000,99974,280,99954,280,99975,280,99929,280,99983,100,99918,100,99985,200,99909,100,100011,100,99896,100,100034,200,99890,100,100075,100,99888,100,100076,100,99881,100,100078,100,99861,100,100082,200,99849,100
2019-06-28 09:47:00.000000000,99974,222,99954,222,99975,219,99929,219,99983,219,99918,219,99985,200,99909,100,100011,100,99896,100,100034,200,99890,100,100075,100,99888,100,100076,100,99881,100,100078,100,99861,100,100082,200,99849,100
2019-06-28 09:47:10.000000000,99974,172,99954,172,99975,172,99929,172,99983,172,99918,172,99985,272,99909,172,100011,172,99896,172,100034,200,99890,100,100075,100,99888,100,100076,100,99881,100,100078,100,99861,100,100082,200,99849,100
2019-06-28 09:47:16.737129492,99974,172,99954,172,99975,172,99929,172,99983,172,99918,172,99985,272,99909,172,100011,172,99896,172,100034,200,99890,100,100075,100,99888,100,100076,100,99881,100,100078,100,99861,100,100082,200,99814,100
2019-06-28 09:47:17.787769331,99974,172,99954,72,99975,172,99929,172,99983,172,99918,172,99985,272,99909,172,100011,172,99896,172,100034,200,99890,100,100075,100,99888,100,100076,100,99881,100,100078,100,99861,100,100082,200,99814,100
2019-06-28 09:47:20.000000000,99974,222,99929,222,99975,219,99918,219,99983,219,99909,219,99985,200,99896,100,100011,100,99890,100,100034,200,99888,100,100075,100,99881,100,100076,100,99861,100,100078,100,99814,100,100082,200,99797,100
2019-06-28 09:47:20.240406468,99974,222,99929,222,99975,219,99918,219,99983,219,99909,219,99985,200,99896,100,100011,100,99890,100,100034,200,99888,100,100075,100,99861,100,100076,100,99814,100,100078,100,99797,100,100082,200,99544,100
2019-06-28 09:47:23.684862473,99974,222,99929,222,99975,219,99918,219,99983,219,99909,219,99985,200,99896,100,100011,100,99890,100,100034,200,99861,100,100075,100,99814,100,100076,100,99797,100,100078,100,99791,100,100082,200,99544,100
2019-06-28 09:47:25.986357421,99974,222,99929,122,99975,219,99918,219,99983,219,99909,219,99985,200,99896,100,100011,100,99890,100,100034,200,99861,100,100075,100,99814,100,100076,100,99797,100,100078,100,99791,100,100082,200,99544,100
2019-06-28 09:47:30.000000000,99974,280,99918,280,99975,280,99909,280,99983,100,99896,100,99985,200,99890,100,100011,100,99861,100,100034,200,99814,100,100075,100,99797,100,100076,100,99791,100,100078,100,99544,100,100082,200,99540,100
2019-06-28 09:47:31.370199809,99974,280,99918,180,99975,280,99909,280,99983,100,99896,100,99985,200,99890,100,100011,100,99861,100,100034,200,99814,100,100075,100,99797,100,100076,100,99791,100,100078,100,99544,100,100082,200,99540,100
2019-06-28 09:47:37.877884785,99974,280,99918,80,99975,280,99909,280,99983,100,99896,100,99985,200,99890,100,100011,100,99861,100,100034,200,99814,100,100075,100,99797,100,100076,100,99791,100,100078,100,99544,100,100082,200,99540,100
2019-06-28 09:47:40.000000000,99974,280,99909,280,99975,280,99896,280,99983,100,99890,100,99985,200,99861,100,100011,100,99814,100,100034,200,99797,100,100075,100,99791,100,100076,100,99544,100,100078,100,99540,100,100082,200,99513,100
2019-06-28 09:47:45.487575909,99974,280,99909,280,99975,280,99896,180,99983,100,99890,100,99985,200,99861,100,100011,100,99814,100,100034,200,99797,100,100075,100,99791,100,100076,100,99544,100,100078,100,99540,100,100082,200,99513,100
2019-06-28 09:47:50.000000000,99974,222,99909,222,99975,219,99890,219,99983,219,99861,219,99985,200,99814,100,100011,100,99797,100,100034,200,99791,100,100075,100,99544,100,100076,100,99540,100,100078,100,99513,100,100082,200,99495,100
2019-06-28 09:47:55.276439051,99918,100,99909,222,99974,222,99890,219,99975,219,99861,219,99983,219,99814,100,99985,200,99797,100,100011,100,99791,100,100034,200,99544,100,100075,100,99540,100,100076,100,99513,100,100078,100,99495,100
2019-06-28 09:48:00.000000000,99918,222,99909,222,99974,219,99890,219,99975,219,99861,219,99983,100,99814,100,99985,200,99797,100,100011,100,99791,100,100034,200,99544,100,100075,100,99540,100,100076,100,99513,100,100078,100,99495,100
2019-06-28 09:48:02.970778002,99918,322,99909,222,99974,219,99890,219,99975,219,99861,219,99983,100,99814,100,99985,100,99797,100,100011,100,99791,100,100034,200,99544,100,100075,100,99540,100,100076,100,99513,100,100078,100,99495,100
2019-06-28 09:48:09.766066258,99918,422,99909,222,99974,219,99890,219,99975,219,99861,219,99983,100,99814,100,99985,100,99797,100,100011,100,99791,100,100034,200,99544,100,100075,100,99540,100,100076,100,99513,100,100078,100,99495,100
2019-06-28 09:48:10.000000000,99918,660,99909,460,99974,100,99890,100,99975,100,99861,100,99983,100,99814,100,99985,100,99797,100,100011,100,99791,100,100034,200,99544,100,100075,100,99540,100,100076,100,99513,100,100078,100,99495,100
2019-06-28 09:48:20.000000000,99918,390,99909,190,99974,190,99890,190,99975,190,99861,190,99983,190,99814,190,99985,100,99797,100,100011,100,99791,100,100034,200,99544,100,100075,100,99540,100,100076,100,99513,100,100078,100,99495,100
2019-06-28 09:48:20.323361374,99918,390,99909,190,99974,190,99890,190,99975,190,99861,190,99983,190,99814,190,99985,100,99797,100,100011,100,99791,100,100034,200,99761,100,100075,100,99544,100,100076,100,99540,100,100078,100,99513,100
2019-06-28 09:48:28.914890820,99918,390,99909,190,99974,190,99890,190,99975,190,99861,190,99983,190,99820,100,99985,100,99814,190,100011,100,99797,100,100034,200,99791,100,100075,100,99761,100,100076,100,99544,100,100078,100,99540,100
2019-06-28 09:48:30.000000000,99918,422,99909,222,99974,219,99890,219,99975,219,99861,219,99983,100,99820,100,99985,100,99814,100,100011,100,99797,100,100034,200,99791,100,100075,100,99761,100,100076,100,99544,100,100078,100,99540,100
2019-06-28 09:48:31.832549695,99918,422,99909,222,99974,219,99890,219,99975,219,99861,219,99983,100,99820,100,99985,100,99814,100,100011,100,99797,100,100034,200,99791,100,100075,100,99761,100,100076,100,99546,100,100078,100,99544,100
2019-06-28 09:48:33.062715885,99918,422,99909,122,99974,219,99890,219,99975,219,99861,219,99983,100,99820,100,99985,100,99814,100,100011,100,99797,100,100034,200,99791,100,100075,100,99761,100,100076,100,99546,100,100078,100,99544,100
2019-06-28 09:48:37.334580114,99918,422,99909,122,99974,219,99890,219,99975,119,99861,219,99983,100,99820,100,99985,100,99814,100,100011,100,99797,100,100034,200,99791,100,100075,100,99761,100,100076,100,99546,100,100078,100,99544,100
2019-06-28 09:48:40.000000000,99918,422,99890,222,99974,219,99861,219,99983,219,99820,219,99985,100,99814,100,100011,100,99797,100,100034,200,99791,100,100075,100,99761,100,100076,100,99546,100,100078,100,99544,100,100082,100,99540,100
2019-06-28 09:48:50.000000000,99918,422,99890,222,99974,219,99861,219,99983,219,99820,219,99985,100,99814,100,100011,100,99797,100,100034,200,99791,100,100075,100,99761,100,100076,100,99546,100,100078,100,99544,100,100082,100,99540,100
2019-06-28 09:48:59.276560794,99918,422,99890,122,99974,219,99861,219,99983,219,99820,219,99985,100,99814,100,100011,100,99797,100,100034,200,99791,100,100075,100,99761,100,100076,100,99546,100,100078,100,99544,100,100082,100,99540,100
2019-06-28 09:49:00.000000000,99918,660,99861,460,99974,100,99820,100,99983,100,99814,100,99985,100,99797,100,100011,100,99791,100,100034,200,99761,100,100075,100,99546,100,100076,100,99544,100,100078,100,99540,100,100082,100,99513,100
2019-06-28 09:49:10.000000000,99918,390,99861,190,99974,190,99820,190,99983,190,99814,190,99985,190,99797,190,100011,100,99791,100,100034,200,99761,100,100075,100,99546,100,100076,100,99544,100,100078,100,99540,100,100082,100,99513,100
2019-06-28 09:49:20.000000000,99918,480,99861,280,99974,280,99820,280,99983,100,99814,100,99985,100,99797,100,100011,100,99791,100,100034,200,99761,100,100075,100,99546,100,100076,100,99544,100,100078,100,99540,100,100082,100,99513,100
2019-06-28 09:49:30.000000000,99918,660,99861,460,99974,100,99820,100,99983,100,99814,100,99985,100,99797,100,100011,100,99791,100,100034,200,99761,100,100075,100,99546,100,100076,100,99544,100,100078,100,99540,100,100082,100,99513,100
2019-06-28 09:49:39.715876656,99918,660,99861,360,99974,100,99820,100,99983,100,99814,100,99985,100,99797,100,100011,100,99791,100,100034,200,99761,100,100075,100,99546,100,100076,100,99544,100,100078,100,99540,100,100082,100,99513,100
2019-06-28 09:49:40.000000000,99918,390,99820,190,99974,190,99814,190,99983,190,99797,190,99985,190,99791,190,100011,100,99761,100,100034,200,99546,100,100075,100,99544,100,100076,100,99540,100,100078,100,99513,100,100082,100,99495,100
2019-06-28 09:49:48.673473935,99918,390,99820,190,99974,190,99814,190,99983,190,99797,190,99985,190,99791,190,100011,100,99761,100,100034,200,99560,100,100075,100,99546,100,100076,100,99544,100,100078,100,99513,100,100082,100,99495,100
2019-06-28 09:49:50.000000000,99918,480,99820,280,99974,280,99814,280,99983,100,99797,100,99985,100,99791,100,100011,100,99761,100,100034,200,99560,100,100075,100,99546,100,100076,100,99544,100,100078,100,99513,100,100082,100,99495,100
2019-06-28 09:49:55.503950066,99890,100,99820,280,99918,380,99814,280,99974,280,99797,100,99983,100,99791,100,99985,100,99761,100,100011,100,99560,100,100034,200,99546,100,100075,100,99544,100,100076,100,99513,100,100078,100,99495,100
2019-06-28 09:49:59.162140985,99890,100,99820,280,99918,380,99814,280,99974,280,99797,100,99983,100,99791,100,99985,100,99761,100,100011,100,99560,100,100034,200,99546,100,100075,100,99544,100,100076,100,99514,100,100078,100,99513,100
2019-06-28 09:50:00.000000000,99890,460,99820,460,99918,200,99814,100,99974,100,99797,100,99983,100,99791,100,99985,100,99761,100,100011,100,99560,100,100034,200,99546,100,100075,100,99544,100,100076,100,99514,100,100078,100,99513,100
2019-06-28 09:50:01.797397935,99890,560,99820,460,99918,200,99814,100,99974,100,99797,100,99985,100,99791,100,100011,100,99761,100,100034,200,99560,100,100075,100,99546,100,100076,100,99544,100,100078,100,99514,100,100082,100,99513,100
2019-06-28 09:50:07.995038492,99890,560,99820,460,99918,200,99814,100,99974,100,99797,100,99985,100,99791,100,100011,100,99761,100,100034,200,99698,100,100075,100,99560,100,100076,100,99546,100,100078,100,99544,100,100082,100,99514,100
2019-06-28 09:50:10.000000000,99890,290,99820,190,99918,290,99814,190,99974,190,99797,190,99985,190,99791,190,100011,100,99761,100,100034,200,99698,100,100075,100,99560,100,100076,100,99546,100,100078,100,99544,100,100082,100,99514,100
2019-06-28 09:50:17.579172917,99890,390,99820,190,99918,290,99814,190,99974,190,99797,190,99985,190,99791,190,100011,100,99761,100,100034,200,99698,100,100075,100,99560,100,100076,100,99546,100,100078,100,99544,100,100102,100,99514,100
2019-06-28 09:50:20.000000000,99890,660,99820,460,99918,200,99814,100,99974,100,99797,100,99985,100,99791,100,100011,100,99761,100,100034,200,99698,100,100075,100,99560,100,100076,100,99546,100,100078,100,99544,100,100102,100,99514,100
2019-06-28 09:50:30.000000000,99890,390,99820,190,99918,290,99814,190,99974,190,99797,190,99985,190,99791,190,100011,100,99761,100,100034,200,99698,100,100075,100,99560,100,100076,100,99546,100,100078,100,99544,100,100102,100,99514,100
2019-06-28 09:50:36.856452554,99890,390,99820,190,99918,290,99814,190,99974,190,99797,190,99985,190,99791,190,100011,100,99765,100,100034,200,99761,100,100075,100,99698,100,100076,100,99560,100,100078,100,99546,100,100102,100,99544,100
2019-06-28 09:50:40.000000000,99890,480,99820,280,99918,380,99814,280,99974,100,99797,100,99985,100,99791,100,100011,100,99765,100,100034,200,99761,100,100075,100,99698,100,100076,100,99560,100,100078,100,99546,100,100102,100,99544,100
2019-06-28 09:50:43.439546386,99881,100,99820,280,99890,480,99814,280,99918,380,99797,100,99974,100,99791,100,99985,100,99765,100,100011,100,99761,100,100034,200,99698,100,100075,100,99560,100,100076,100,99546,100,100078,100,99544,100
2019-06-28 09:50:45.046167139,99881,100,99820,280,99890,580,99814,280,99918,280,99797,100,99974,100,99791,100,99985,100,99765,100,100011,100,99761,100,100034,200,99698,100,100075,100,99560,100,100076,100,99546,100,100078,100,99544,100
2019-06-28 09:50:50.000000000,99881,172,99820,172,99890,472,99814,172,99918,172,99797,172,99974,172,99791,172,99985,172,99765,172,100011,100,99761,100,100034,200,99698,100,100075,100,99560,100,100076,100,99546,100,100078,100,99544,100
2019-06-28 09:50:54.089952604,99881,172,99820,172,99890,572,99814,172,99918,172,99797,172,99974,172,99791,172,99985,72,99765,172,100011,100,99761,100,100034,200,99698,100,100075,100,99560,100,100076,100,99546,100,100078,100,99544,100
2019-06-28 09:50:54.638713642,99881,172,99820,172,99890,672,99814,172,99918,172,99797,172,99974,172,99791,172,99985,72,99765,172,100011,100,99761,100,100034,200,99698,100,100075,100,99560,100,100076,100,99546,100,100078,100,99544,100
2019-06-28 09:51:00.000000000,99881,280,99820,280,99890,780,99814,280,99918,100,99797,100,99974,100,99791,100,100011,100,99765,100,100034,200,99761,100,100075,100,99698,100,100076,100,99560,100,100078,100,99546,100,100105,100,99544,100
2019-06-28 09:51:10.000000000,99881,172,99820,172,99890,672,99814,172,99918,172,99797,172,99974,172,99791,172,100011,172,99765,172,100034,200,99761,100,100075,100,99698,100,100076,100,99560,100,100078,100,99546,100,100105,100,99544,100
2019-06-28 09:51:11.473480939,99831,100,99820,172,99881,172,99814,172,99890,672,99797,172,99918,172,99791,172,99974,172,99765,172,100011,172,99761,100,100034,200,99698,100,100075,100,99560,100,100076,100,99546,100,100078,100,99544,100
2019-06-28 09:51:20.000000000,99831,172,99820,172,99881,172,99814,172,99890,672,99797,172,99918,172,99791,172,99974,172,99765,172,100011,100,99761,100,100034,200,99698,100,100075,100,99560,100,100076,100,99546,100,100078,100,99544,100
2019-06-28 09:51:30.000000000,99831,222,99820,222,99881,219,99814,219,99890,719,99797,219,99918,100,99791,100,99974,100,99765,100,100011,100,99761,100,100034,200,99698,100,100075,100,99560,100,100076,100,99546,100,100078,100,99544,100
2019-06-28 09:51:40.000000000,99831,222,99820,222,99881,219,99814,219,99890,719,99797,219,99918,100,99791,100,99974,100,99765,100,100011,100,99761,100,100034,200,99698,100,100075,100,99560,100,100076,100,99546,100,100078,100,99544,100
2019-06-28 09:51:44.265228428,99831,122,99820,222,99881,219,99814,219,99890,719,99797,219,99918,100,99791,100,99974,100,99765,100,100011,100,99761,100,100034,200,99698,100,100075,100,99560,100,100076,100,99546,100,100078,100,99544,100
2019-06-28 09:51:44.722178392,99831,22,99820,222,99881,219,99814,219,99890,719,99797,219,99918,100,99791,100,99974,100,99765,100,100011,100,99761,100,100034,200,99698,100,100075,100,99560,100,100076,100,99546,100,100078,100,99544,100
2019-06-28 09:51:49.999496976,99831,22,99820,222,99881,219,99814,219,99890,719,99797,219,99918,100,99791,100,99974,100,99765,100,100011,100,99761,100,100034,200,99698,100,100075,100,99560,100,100076,100,99546,100,100078,100,99544,100
2019-06-28 09:51:50.000000000,99881,172,99820,172,99890,672,99814,172,99918,172,99797,172,99974,172,99791,172,100011,172,99765,172,100034,200,99761,100,100075,100,99698,100,100076,100,99560,100,100078,100,99546,100,100105,100,99544,100
2019-06-28 09:52:00.000000000,99881,172,99820,172,99890,672,99814,172,99918,172,99797,172,99974,172,99791,172,100011,172,99765,172,100034,200,99761,100,100075,100,99698,100,100076,100,99560,100,100078,100,99546,100,100105,100,99544,100
2019-06-28 09:52:10.000000000,99881,222,99820,222,99890,719,99814,219,99918,219,99797,219,99974,100,99791,100,100011,100,99765,100,100034,200,99761,100,100075,100,99698,100,100076,100,99560,100,100078,100,99546,100,100105,100,99544,100
2019-06-28 09:52:10.607354170,99881,222,99820,222,99890,719,99814,219,99918,219,99797,219,99974,100,99791,100,100011,100,99765,100,100034,200,99761,100,100075,100,99698,100,100076,100,99560,100,100078,100,99546,100,100105,100,99544,100
2019-06-28 09:52:20.000000000,99881,460,99820,460,99890,600,99814,100,99918,100,99797,100,99974,100,99791,100,100011,100,99765,100,100034,200,99761,100,100075,100,99698,100,100076,100,99560,100,100078,100,99546,100,100105,100,99544,100
2019-06-28 09:52:30.000000000,99881,172,99820,172,99890,672,99814,172,99918,172,99797,172,99974,172,99791,172,100011,172,99765,172,100034,200,99761,100,100075,100,99698,100,100076,100,99560,100,100078,100,99546,100,100105,100,99544,100
2019-06-28 09:52:33.589772829,99881,72,99820,172,99890,672,99814,172,99918,172,99797,72,99974,172,99791,172,100011,172,99765,172,100034,200,99761,100,100075,100,99698,100,100076,100,99560,100,100078,100,99546,100,100105,100,99544,100
2019-06-28 09:52:39.639332845,99881,72,99820,172,99890,572,99814,172,99918,172,99797,72,99974,172,99791,172,100011,172,99765,172,100034,200,99761,100,100075,100,99698,100,100076,100,99560,100,100078,100,99546,100,100105,100,99544,100
2019-06-28 09:52:40.000000000,99890,590,99820,190,99918,190,99814,190,99974,190,99791,190,100011,190,99765,190,100034,200,99761,100,100075,100,99698,100,100076,100,99560,100,100078,100,99546,100,100105,100,99544,100,100118,100,99513,100
2019-06-28 09:52:50.000000000,99890,860,99820,460,99918,100,99814,100,99974,100,99791,100,100011,100,99765,100,100034,200,99761,100,100075,100,99698,100,100076,100,99560,100,100078,100,99546,100,100105,100,99544,100,100118,100,99513,100
2019-06-28 09:53:00.000000000,99890,860,99820,460,99918,100,99814,100,99974,100,99791,100,100011,100,99765,100,100034,200,99761,100,100075,100,99698,100,100076,100,99560,100,100078,100,99546,100,100105,100,99544,100,100118,100,99513,100
2019-06-28 09:53:09.382875263,99890,860,99820,460,99918,100,99791,100,99974,100,99765,100,100011,100,99761,100,100034,200,99698,100,100075,100,99560,100,100076,100,99546,100,100078,100,99544,100,100105,100,99513,100,100118,100,99495,100
2019-06-28 09:53:10.000000000,99890,860,99820,460,99918,100,99791,100,99974,100,99765,100,100011,100,99761,100,100034,200,99698,100,100075,100,99560,100,100076,100,99546,100,100078,100,99544,100,100105,100,99513,100,100118,100,99495,100
2019-06-28 09:53:13.629208696,99890,760,99820,460,99918,100,99791,100,99974,100,99765,100,100011,100,99761,100,100034,200,99698,100,100075,100,99560,100,100076,100,99546,100,100078,100,99544,100,100105,100,99513,100,100118,100,99495,100
2019-06-28 09:53:20.000000000,99890,490,99820,190,99918,190,99791,190,99974,190,99765,190,100011,190,99761,190,100034,200,99698,100,100075,100,99560,100,100076,100,99546,100,100078,100,99544,100,100105,100,99513,100,100118,100,99495,100
2019-06-28 09:53:30.000000000,99890,580,99820,280,99918,280,99791,280,99974,100,99765,100,100011,100,99761,100,100034,200,99698,100,100075,100,99560,100,100076,100,99546,100,100078,100,99544,100,100105,100,99513,100,100118,100,99495,100
2019-06-28 09:53:40.000000000,99890,522,99820,222,99918,219,99791,219,99974,219,99765,219,100011,100,99761,100,100034,200,99698,100,100075,100,99560,100,100076,100,99546,100,100078,100,99544,100,100105,100,99513,100,100118,100,99495,100
2019-06-28 09:53:50.000000000,99890,522,99820,222,99918,219,99791,219,99974,219,99765,219,100011,100,99761,100,100034,200,99698,100,100075,100,99560,100,100076,100,99546,100,100078,100,99544,100,100105,100,99513,100,100118,100,99495,100
2019-06-28 09:54:00.000000000,99890,472,99820,172,99918,172,99791,172,99974,172,99765,172,100011,172,99761,172,100034,272,99698,172,100075,100,99560,100,100076,100,99546,100,100078,100,99544,100,100105,100,99513,100,100118,100,99495,100
2019-06-28 09:54:10.000000000,99890,760,99820,460,99918,100,99791,100,99974,100,99765,100,100011,100,99761,100,100034,200,99698,100,100075,100,99560,100,100076,100,99546,100,100078,100,99544,100,100105,100,99513,100,100118,100,99495,100
2019-06-28 09:54:20.000000000,99890,490,99820,190,99918,190,99791,190,99974,190,99765,190,100011,190,99761,190,100034,200,99698,100,100075,100,99560,100,100076,100,99546,100,100078,100,99544,100,100105,100,99513,100,100118,100,99495,100
2019-06-28 09:54:30.000000000,99890,760,99820,460,99918,100,99791,100,99974,100,99765,100,100011,100,99761,100,100034,200,99698,100,100075,100,99560,100,100076,100,99546,100,100078,100,99544,100,100105,100,99513,100,100118,100,99495,100
2019-06-28 09:54:30.430339400,99890,660,99820,460,99918,100,99791,100,99974,100,99765,100,100011,100,99761,100,100034,200,99698,100,100075,100,99560,100,100076,100,99546,100,100078,100,99544,100,100105,100,99495,100,100118,100,,
2019-06-28 09:54:31.013776836,99890,560,99820,460,99918,100,99791,100,99974,100,99765,100,100011,100,99761,100,100034,200,99698,100,100075,100,99560,100,100076,100,99546,100,100078,100,99544,100,100105,100,99495,100,100118,100,,
2019-06-28 09:54:38.559530588,99890,460,99820,460,99918,100,99791,100,99974,100,99765,100,100011,100,99761,100,100034,200,99698,100,100075,100,99560,100,100076,100,99546,100,100078,100,99544,100,100105,100,99495,100,100242,100,,
2019-06-28 09:54:40.000000000,99890,280,99820,280,99918,280,99791,280,99974,100,99765,100,100011,100,99761,100,100034,200,99698,100,100075,100,99560,100,100076,100,99546,100,100078,100,99544,100,100105,100,99495,100,100242,100,,
2019-06-28 09:54:50.000000000,99890,222,99820,222,99918,219,99791,219,99974,219,99765,219,100011,100,99761,100,100034,200,99698,100,100075,100,99560,100,100076,100,99546,100,100078,100,99544,100,100105,100,99495,100,100242,100,,
2019-06-28 09:54:59.839306781,99890,122,99820,222,99918,219,99791,219,99974,119,99765,219,100011,100,99761,100,100034,200,99698,100,100075,100,99560,100,100076,100,99546,100,100078,100,99544,100,100105,100,99495,100,100242,100,,
2019-06-28 09:55:00.000000000,99918,222,99820,222,100011,219,99791,219,100034,319,99765,219,100075,100,99761,100,100076,100,99698,100,100078,100,99560,100,100105,100,99546,100,100242,100,99544,100,100289,100,99495,100,100526,100,,
2019-06-28 09:55:05.152729394,99918,122,99820,222,100011,219,99791,219,100034,319,99765,219,100075,100,99761,100,100076,100,99698,100,100078,100,99560,100,100105,100,99546,100,100242,100,99544,100,100289,100,99495,100,100526,100,,
2019-06-28 09:55:10.000000000,100011,280,99820,280,100034,380,99791,280,100075,100,99765,100,100076,100,99761,100,100078,100,99698,100,100105,100,99560,100,100242,100,99546,100,100289,100,99544,100,100526,100,99495,100,100894,100,,
2019-06-28 09:55:10.339692919,100011,280,99890,100,100034,380,99820,280,100075,100,99791,280,100076,100,99765,100,100078,100,99761,100,100105,100,99698,100,100242,100,99560,100,100289,100,99546,100,100526,100,99544,100,100894,100,99495,100
2019-06-28 09:55:20.000000000,100011,280,99890,280,100034,380,99820,280,100075,100,99791,100,100076,100,99765,100,100078,100,99761,100,100105,100,99698,100,100242,100,99560,100,100289,100,99546,100,100526,100,99544,100,100894,100,99495,100
2019-06-28 09:55:21.822430441,100011,280,99890,280,100034,380,99820,280,100075,100,99791,100,100076,100,99765,100,100078,100,99761,100,100105,100,99698,100,100242,100,99560,100,100289,100,99546,100,100526,100,99544,100,100894,100,99495,100
2019-06-28 09:55:30.000000000,100011,222,99890,222,100034,319,99820,219,100075,219,99791,219,100076,100,99765,100,100078,100,99761,100,100105,100,99698,100,100242,100,99560,100,100289,100,99546,100,100526,100,99544,100,100894,100,99495,100
2019-06-28 09:55:34.048927551,100011,22,99890,222,100034,319,99820,219,100075,219,99791,219,100076,100,99765,100,100078,100,99761,100,100105,100,99698,100,100242,100,99560,100,100289,100,99546,100,100526,100,99544,100,100894,100,99495,100
2019-06-28 09:55:37.224647077,100011,22,99890,222,100034,319,99820,219,100075,219,99791,219,100076,100,99765,100,100078,100,99761,100,100105,100,99698,100,100242,100,99560,100,100289,100,99546,100,100526,100,99544,100,100894,100,99495,100
2019-06-28 09:55:40.000000000,100034,380,99890,280,100075,280,99820,280,100076,100,99791,100,100078,100,99765,100,100105,100,99761,100,100242,100,99698,100,100289,100,99560,100,100526,100,99546,100,100894,100,99544,100,101015,100,99495,100
2019-06-28 09:55:50.000000000,100034,272,99890,172,100075,172,99820,172,100076,172,99791,172,100078,172,99765,172,100105,172,99761,172,100242,100,99698,100,100289,100,99560,100,100526,100,99546,100,100894,100,99544,100,101015,100,99495,100
2019-06-28 09:56:00.000000000,100034,290,99890,190,100075,190,99820,190,100076,190,99791,190,100078,190,99765,190,100105,100,99761,100,100242,100,99698,100,100289,100,99560,100,100526,100,99546,100,100894,100,99544,100,101015,100,99495,100
2019-06-28 09:56:10.000000000,100034,272,99890,172,100075,172,99820,172,100076,172,99791,172,100078,172,99765,172,100105,172,99761,172,100242,100,99698,100,100289,100,99560,100,100526,100,99546,100,100894,100,99544,100,101015,100,99495,100
2019-06-28 09:56:19.079583189,100034,172,99890,172,100075,172,99820,172,100076,172,99791,172,100078,172,99765,172,100105,172,99761,172,100242,100,99698,100,100289,100,99560,100,100526,100,99546,100,100894,100,99544,100,101015,100,99495,100
2019-06-28 09:56:20.000000000,100034,190,99890,190,100075,190,99820,190,100076,190,99791,190,100078,190,99765,190,100105,100,99761,100,100242,100,99698,100,100289,100,99560,100,100526,100,99546,100,100894,100,99544,100,101015,100,99495,100
2019-06-28 09:56:21.882610564,100034,190,100011,100,100075,190,99890,190,100076,190,99820,190,100078,190,99791,190,100105,100,99765,190,100242,100,99761,100,100289,100,99698,100,100526,100,99560,100,100894,100,99546,100,101015,100,99544,100
2019-06-28 09:56:24.074355205,100034,190,100011,100,100075,190,99890,190,100076,190,99820,190,100078,190,99791,190,100105,100,99765,190,100242,100,99761,100,100289,100,99698,100,100526,100,99560,100,100894,100,99544,100,101015,100,99495,100
2019-06-28 09:56:30.000000000,100034,172,100011,172,100075,172,99890,172,100076,172,99820,172,100078,172,99791,172,100105,172,99765,172,100242,100,99761,100,100289,100,99698,100,100526,100,99560,100,100894,100,99544,100,101015,100,99495,100
2019-06-28 09:56:40.000000000,100034,190,100011,190,100075,190,99890,190,100076,190,99820,190,100078,190,99791,190,100105,100,99765,100,100242,100,99761,100,100289,100,99698,100,100526,100,99560,100,100894,100,99544,100,101015,100,99495,100
2019-06-28 09:56:50.000000000,100034,222,100011,222,100075,219,99890,219,100076,219,99820,219,100078,100,99791,100,100105,100,99765,100,100242,100,99761,100,100289,100,99698,100,100526,100,99560,100,100894,100,99544,100,101015,100,99495,100
2019-06-28 09:57:00.000000000,100034,460,100011,460,100075,100,99890,100,100076,100,99820,100,100078,100,99791,100,100105,100,99765,100,100242,100,99761,100,100289,100,99698,100,100526,100,99560,100,100894,100,99544,100,101015,100,99495,100
2019-06-28 09:57:03.505751251,100034,360,100011,460,100075,100,99890,100,100076,100,99820,100,100078,100,99791,100,100105,100,99765,100,100242,100,99761,100,100289,100,99698,100,100526,100,99560,100,100894,100,99544,100,101015,100,99495,100
2019-06-28 09:57:06.328653536,100034,360,100011,460,100075,100,99890,100,100076,100,99820,100,100078,100,99791,100,100105,100,99765,100,100242,100,99761,100,100289,100,99698,100,100894,100,99560,100,101015,100,99544,100,101329,100,99495,100
2019-06-28 09:57:10.000000000,100075,172,100011,172,100076,172,99890,172,100078,172,99820,172,100105,172,99791,172,100242,172,99765,172,100289,100,99761,100,100894,100,99698,100,101015,100,99560,100,101329,100,99544,100,101350,100,99495,100
2019-06-28 09:57:20.000000000,100075,190,100011,190,100076,190,99890,190,100078,190,99820,190,100105,190,99791,190,100242,100,99765,100,100289,100,99761,100,100894,100,99698,100,101015,100,99560,100,101329,100,99544,100,101350,100,99495,100
2019-06-28 09:57:30.000000000,100075,190,100011,190,100076,190,99890,190,100078,190,99820,190,100105,190,99791,190,100242,100,99765,100,100289,100,99761,100,100894,100,99698,100,101015,100,99560,100,101329,100,99544,100,101350,100,99495,100
2019-06-28 09:57:40.000000000,100075,172,100011,172,100076,172,99890,172,100078,172,99820,172,100105,172,99791,172,100242,172,99765,172,100289,100,99761,100,100894,100,99698,100,101015,100,99560,100,101329,100,99544,100,101350,100,99495,100
2019-06-28 09:57:50.000000000,100075,222,100011,222,100076,219,99890,219,100078,219,99820,219,100105,100,99791,100,100242,100,99765,100,100289,100,99761,100,100894,100,99698,100,101015,100,99560,100,101329,100,99544,100,101350,100,99495,100
2019-06-28 09:58:00.000000000,100075,460,100011,460,100076,100,99890,100,100078,100,99820,100,100105,100,99791,100,100242,100,99765,100,100289,100,99761,100,100894,100,99698,100,101015,100,99560,100,101329,100,99544,100,101350,100,99495,100
2019-06-28 09:58:07.051034724,100075,360,100011,460,100076,100,99890,100,100078,100,99820,100,100105,100,99791,100,100242,100,99765,100,100289,100,99761,100,100894,100,99698,100,101015,100,99560,100,101329,100,99544,100,101350,100,99495,100
2019-06-28 09:58:10.000000000,100076,280,100011,280,100078,280,99890,280,100105,100,99820,100,100242,100,99791,100,100289,100,99765,100,100894,100,99761,100,101015,100,99698,100,101329,100,99560,100,101350,100,99544,100,101361,100,99495,100
2019-06-28 09:58:20.000000000,100076,222,100011,222,100078,219,99890,219,100105,219,99820,219,100242,100,99791,100,100289,100,99765,100,100894,100,99761,100,101015,100,99698,100,101329,100,99560,100,101350,100,99544,100,101361,100,99495,100
2019-06-28 09:58:30.000000000,100076,460,100011,460,100078,100,99890,100,100105,100,99820,100,100242,100,99791,100,100289,100,99765,100,100894,100,99761,100,101015,100,99698,100,101329,100,99560,100,101350,100,99544,100,101361,100,99495,100
2019-06-28 09:58:40.000000000,100076,460,100011,460,100078,100,99890,100,100105,100,99820,100,100242,100,99791,100,100289,100,99765,100,100894,100,99761,100,101015,100,99698,100,101329,100,99560,100,101350,100,99544,100,101361,100,99495,100
2019-06-28 09:58:50.000000000,100076,460,100011,460,100078,100,99890,100,100105,100,99820,100,100242,100,99791,100,100289,100,99765,100,100894,100,99761,100,101015,100,99698,100,101329,100,99560,100,101350,100,99544,100,101361,100,99495,100
2019-06-28 09:58:54.199188055,100076,360,100011,460,100078,100,99890,100,100105,100,99820,100,100242,100,99791,100,100289,100,99765,100,100894,100,99761,100,101015,100,99698,100,101329,100,99560,100,101350,100,99544,100,101361,100,99495,100
2019-06-28 09:59:00.000000000,100078,460,100011,460,100105,100,99890,100,100242,100,99820,100,100289,100,99791,100,100894,100,99765,100,101015,100,99761,100,101329,100,99698,100,101350,100,99560,100,101361,100,99544,100,101385,100,99495,100
2019-06-28 09:59:10.000000000,100078,460,100011,460,100105,100,99890,100,100242,100,99820,100,100289,100,99791,100,100894,100,99765,100,101015,100,99761,100,101329,100,99698,100,101350,100,99560,100,101361,100,99544,100,101385,100,99495,100
2019-06-28 09:59:20.000000000,100078,222,100011,222,100105,219,99890,219,100242,219,99820,219,100289,100,99791,100,100894,100,99765,100,101015,100,99761,100,101329,100,99698,100,101350,100,99560,100,101361,100,99544,100,101385,100,99495,100
2019-06-28 09:59:28.188255608,100078,122,100011,222,100105,219,99890,219,100242,219,99820,219,100289,100,99791,100,100894,100,99765,100,101015,100,99761,100,101329,100,99698,100,101350,100,99560,100,101361,100,99544,100,101385,100,99495,100
2019-06-28 09:59:30.000000000,100105,280,100011,280,100242,280,99890,280,100289,100,99820,100,100894,100,99791,100,101015,100,99765,100,101329,100,99761,100,101350,100,99698,100,101361,100,99560,100,101385,100,99544,100,101403,100,99495,100
2019-06-28 09:59:32.712411237,100105,180,100011,280,100242,280,99890,280,100289,100,99820,100,100894,100,99791,100,101329,100,99765,100,101350,100,99761,100,101361,100,99698,100,101385,100,99560,100,101403,100,99544,100,,,99495,100
2019-06-28 09:59:37.970710267,100105,180,100011,280,100242,280,99890,280,100289,100,99820,100,100477,100,99791,100,100894,100,99765,100,101329,100,99761,100,101350,100,99698,100,101361,100,99560,100,101385,100,99544,100,101403,100,99495,100
2019-06-28 09:59:40.000000000,100242,172,100011,172,100289,172,99890,172,100477,172,99820,172,100894,172,99791,172,101329,172,99765,172,101350,100,99761,100,101361,100,99698,100,101385,100,99560,100,101403,100,99544,100,,,99495,100
2019-06-28 09:59:50.000000000,100242,172,100011,172,100289,172,99890,172,100477,172,99820,172,100894,172,99791,172,101329,172,99765,172,101350,100,99761,100,101361,100,99698,100,101385,100,99560,100,101403,100,99544,100,,,99495,100
2019-06-28 09:59:56.939484996,100242,72,100011,172,100289,172,99890,172,100477,172,99820,172,100894,172,99791,172,101329,172,99765,172,101350,100,99761,100,101361,100,99698,100,101385,100,99560,100,101403,100,99544,100,,,99495,100
2019-06-28 10:00:00.000000000,100289,280,100011,280,100477,280,99890,280,100894,100,99820,100,101329,100,99791,100,101350,100,99765,100,101361,100,99761,100,101385,100,99698,100,101403,100,99560,100,,,99544,100,,,99495,100
2019-06-28 10:00:10.000000000,100289,222,100011,222,100477,219,99890,219,100894,219,99820,219,101329,100,99791,100,101350,100,99765,100,101361,100,99761,100,101385,100,99698,100,101403,100,99560,100,,,99544,100,,,99495,100
2019-06-28 10:00:20.000000000,100289,172,100011,172,100477,172,99890,172,100894,172,99820,172,101329,172,99791,172,101350,172,99765,172,101361,100,99761,100,101385,100,99698,100,101403,100,99560,100,,,99544,100,,,99495,100
2019-06-28 10:00:25.147430402,100102,100,100011,172,100289,172,99890,172,100477,172,99820,172,100894,172,99791,172,101329,172,99765,72,101350,172,99761,100,101361,100,99698,100,101385,100,99560,100,101403,100,99544,100,,,99495,100
2019-06-28 10:00:30.000000000,100102,222,100011,222,100289,219,99890,219,100477,219,99820,219,100894,100,99791,100,101329,100,99761,100,101350,100,99698,100,101361,100,99560,100,101385,100,99544,100,101403,100,99495,100,,,,
2019-06-28 10:00:40.000000000,100102,280,100011,280,100289,280,99890,280,100477,100,99820,100,100894,100,99791,100,101329,100,99761,100,101350,100,99698,100,101361,100,99560,100,101385,100,99544,100,101403,100,99495,100,,,,
2019-06-28 10:00:42.666488944,100102,280,100011,280,100289,280,99890,280,100477,100,99879,100,100894,100,99820,100,101329,100,99791,100,101350,100,99761,100,101361,100,99698,100,101385,100,99560,100,101403,100,99544,100,,,99495,100
2019-06-28 10:00:45.612776820,100102,280,100011,280,100197,100,99890,280,100289,280,99879,100,100477,100,99820,100,100894,100,99791,100,101329,100,99761,100,101350,100,99698,100,101361,100,99560,100,101385,100,99544,100,101403,100,99495,100
2019-06-28 10:00:46.432961870,100102,280,100011,280,100197,100,99890,280,100289,280,99879,100,100477,100,99849,100,100894,100,99820,100,101329,100,99791,100,101350,100,99761,100,101361,100,99698,100,101385,100,99560,100,101403,100,99544,100
2019-06-28 10:00:50.000000000,100102,222,100011,222,100197,219,99890,219,100289,219,99879,219,100477,100,99849,100,100894,100,99820,100,101329,100,99791,100,101350,100,99761,100,101361,100,99698,100,101385,100,99560,100,101403,100,99544,100
2019-06-28 10:00:54.734948350,100091,100,100011,222,100102,222,99890,219,100197,219,99879,219,100289,219,99849,100,100477,100,99820,100,100894,100,99791,100,101329,100,99761,100,101350,100,99698,100,101361,100,99560,100,101385,100,99544,100
2019-06-28 10:01:00.000000000,100091,172,100011,172,100102,172,99890,172,100197,172,99879,172,100289,172,99849,172,100477,172,99820,172,100894,100,99791,100,101329,100,99761,100,101350,100,99698,100,101361,100,99560,100,101385,100,99544,100
2019-06-28 10:01:04.090381961,100091,172,100045,100,100102,172,100011,172,100197,172,99890,172,100289,172,99879,172,100477,172,99849,172,100894,100,99820,172,101329,100,99791,100,101350,100,99761,100,101361,100,99698,100,101385,100,99560,100
2019-06-28 10:01:07.831050708,100091,72,100045,100,100102,172,100011,172,100197,172,99890,172,100289,172,99879,172,100477,172,99849,172,100894,100,99820,172,101329,100,99791,100,101350,100,99761,100,101361,100,99698,100,101385,100,99560,100
2019-06-28 10:01:10.000000000,100102,190,100045,190,100197,190,100011,190,100289,190,99890,190,100477,190,99879,190,100894,100,99849,100,101329,100,99820,100,101350,100,99791,100,101361,100,99761,100,101385,100,99698,100,,,99560,100
2019-06-28 10:01:20.000000000,100102,190,100045,190,100197,190,100011,190,100289,190,99890,190,100477,190,99879,190,100894,100,99849,100,101329,100,99820,100,101350,100,99791,100,101361,100,99761,100,101385,100,99698,100,,,99560,100
2019-06-28 10:01:30.000000000,100102,280,100045,280,100197,280,100011,280,100289,100,99890,100,100477,100,99879,100,100894,100,99849,100,101329,100,99820,100,101350,100,99791,100,101361,100,99761,100,101385,100,99698,100,,,99560,100
2019-06-28 10:01:30.013954090,100102,280,100045,280,100197,280,100011,280,100266,100,99890,100,100289,100,99879,100,100477,100,99849,100,100894,100,99820,100,101329,100,99791,100,101350,100,99761,100,101361,100,99698,100,101385,100,99560,100
2019-06-28 10:01:40.000000000,100102,460,100045,460,100197,100,100011,100,100266,100,99890,100,100289,100,99879,100,100477,100,99849,100,100894,100,99820,100,101329,100,99791,100,101350,100,99761,100,101361,100,99698,100,101385,100,99560,100
2019-06-28 10:01:50.000000000,100102,460,100045,460,100197,100,100011,100,100266,100,99890,100,100289,100,99879,100,100477,100,99849,100,100894,100,99820,100,101329,100,99791,100,101350,100,99761,100,101361,100,99698,100,101385,100,99560,100
2019-06-28 10:02:00.000000000,100102,280,100045,280,100197,280,100011,280,100266,100,99890,100,100289,100,99879,100,100477,100,99849,100,100894,100,99820,100,101329,100,99791,100,101350,100,99761,100,101361,100,99698,100,101385,100,99560,100
2019-06-28 10:02:04.778304654,100102,280,100045,280,100197,280,100011,280,100266,100,99890,100,100289,100,99879,100,100477,100,99849,100,100894,100,99820,100,101329,100,99791,100,101350,100,99761,100,101361,100,99698,100,101385,100,99560,100
2019-06-28 10:02:10.000000000,100102,280,100045,280,100197,280,100011,280,100266,100,99890,100,100289,100,99879,100,100477,100,99849,100,100894,100,99820,100,101329,100,99791,100,101350,100,99761,100,101361,100,99698,100,101385,100,99560,100
2019-06-28 10:02:20.000000000,100102,190,100045,190,100197,190,100011,190,100266,190,99890,190,100289,190,99879,190,100477,100,99849,100,100894,100,99820,100,101329,100,99791,100,101350,100,99761,100,101361,100,99698,100,101385,100,99560,100
2019-06-28 10:02:28.517816435,100102,190,100045,190,100197,190,100011,190,100266,190,99890,190,100289,190,99879,190,100477,100,99849,100,100894,100,99820,100,101329,100,99791,100,101350,100,99761,100,101361,100,99698,100,101385,100,99560,100
2019-06-28 10:02:30.000000000,100102,280,100045,280,100197,280,100011,280,100266,100,99890,100,100289,100,99879,100,100477,100,99849,100,100894,100,99820,100,101329,100,99791,100,101350,100,99761,100,101361,100,99698,100,101385,100,99560,100
2019-06-28 10:02:40.000000000,100102,460,100045,460,100197,100,100011,100,100266,100,99890,100,100289,100,99879,100,100477,100,99849,100,100894,100,99820,100,101329,100,99791,100,101350,100,99761,100,101361,100,99698,100,101385,100,99560,100
2019-06-28 10:02:50.000000000,100102,460,100045,460,100197,100,100011,100,100266,100,99890,100,100289,100,99879,100,100477,100,99849,100,100894,100,99820,100,101329,100,99791,100,101350,100,99761,100,101361,100,99698,100,101385,100,99560,100
2019-06-28 10:02:51.713732559,100090,100,100045,460,100102,460,100011,100,100197,100,99890,100,100266,100,99879,100,100289,100,99849,100,100477,100,99820,100,100894,100,99791,100,101329,100,99761,100,101350,100,99698,100,101361,100,99560,100
2019-06-28 10:02:56.140950397,100090,100,100045,460,100102,460,100011,100,100197,100,99890,100,100266,100,99879,100,100289,100,99849,100,100477,100,99820,100,100894,100,99791,100,101329,100,99761,100,101350,100,99698,100,101361,100,99560,100
2019-06-28 10:02:57.752645563,100090,100,100045,360,100102,460,100011,100,100197,100,99890,100,100266,100,99879,100,100289,100,99849,100,100477,100,99820,100,100894,100,99791,100,101329,100,99761,100,101361,100,99698,100,101385,100,99560,100
2019-06-28 10:03:00.000000000,100090,190,100011,190,100102,190,99890,190,100197,190,99879,190,100266,190,99849,190,100289,100,99820,100,100477,100,99791,100,100894,100,99761,100,101329,100,99698,100,101361,100,99560,100,101385,100,99544,100
2019-06-28 10:03:10.000000000,100090,460,100011,460,100102,100,99890,100,100197,100,99879,100,100266,100,99849,100,100289,100,99820,100,100477,100,99791,100,100894,100,99761,100,101329,100,99698,100,101361,100,99560,100,101385,100,99544,100
2019-06-28 10:03:20.000000000,100090,172,100011,172,100102,172,99890,172,100197,172,99879,172,100266,172,99849,172,100289,172,99820,172,100477,100,99791,100,100894,100,99761,100,101329,100,99698,100,101361,100,99560,100,101385,100,99544,100
2019-06-28 10:03:25.188665129,100090,172,100011,172,100102,172,99890,172,100197,172,99879,172,100266,72,99849,172,100289,172,99820,172,100477,100,99791,100,100894,100,99761,100,101329,100,99698,100,101361,100,99560,100,101385,100,99544,100
2019-06-28 10:03:29.867814026,100090,172,100011,172,100102,172,99890,172,100197,172,99879,172,100266,72,99849,172,100289,172,99820,172,100477,100,99791,100,100894,100,99761,100,101329,100,99698,100,101361,100,99560,100,101385,100,99544,100
2019-06-28 10:03:30.000000000,100090,222,100011,222,100102,219,99890,219,100197,219,99879,219,100289,100,99849,100,100477,100,99820,100,100894,100,99791,100,101329,100,99761,100,101361,100,99698,100,101385,100,99560,100,,,99544,100
2019-06-28 10:03:31.849983878,100090,222,100011,122,100102,219,99890,219,100197,219,99879,219,100289,100,99849,100,100477,100,99820,100,100894,100,99761,100,101329,100,99698,100,101361,100,99560,100,101385,100,99544,100,,,99484,100
2019-06-28 10:03:35.919607654,100090,222,100011,22,100102,219,99890,219,100197,219,99879,219,100289,100,99849,100,100477,100,99820,100,100894,100,99761,100,101329,100,99698,100,101361,100,99560,100,101385,100,99544,100,,,99484,100
2019-06-28 10:03:40.000000000,100090,460,99890,460,100102,100,99879,100,100197,100,99849,100,100289,100,99820,100,100477,100,99761,100,100894,100,99698,100,101329,100,99560,100,101361,100,99544,100,101385,100,99484,100,,,99141,100
2019-06-28 10:03:42.080627604,100090,460,99890,460,100102,100,99879,100,100197,100,99849,100,100289,100,99820,100,100477,100,99761,100,100894,100,99698,100,101329,100,99560,100,101361,100,99544,100,101385,100,99484,100,,,99141,100
2019-06-28 10:03:50.000000000,100090,190,99890,190,100102,190,99879,190,100197,190,99849,190,100289,190,99820,190,100477,100,99761,100,100894,100,99698,100,101329,100,99560,100,101361,100,99544,100,101385,100,99484,100,,,99141,100
2019-06-28 10:03:53.216506849,100011,100,99890,190,100090,190,99879,190,100102,190,99849,190,100197,190,99820,190,100289,190,99761,100,100477,100,99698,100,100894,100,99560,100,101329,100,99544,100,101361,100,99484,100,101385,100,99141,100
2019-06-28 10:03:58.867041050,100011,100,99890,90,100090,190,99879,190,100102,190,99849,190,100197,190,99820,190,100289,190,99761,100,100477,100,99698,100,100894,100,99560,100,101329,100,99544,100,101361,100,99484,100,101385,100,99141,100
2019-06-28 10:04:00.000000000,100011,190,99879,190,100090,190,99849,190,100102,190,99820,190,100197,190,99761,190,100289,100,99698,100,100477,100,99560,100,100894,100,99544,100,101329,100,99484,100,101361,100,99141,100,101385,100,98990,100
2019-06-28 10:04:10.000000000,100011,190,99879,190,100090,190,99849,190,100102,190,99820,190,100197,190,99761,190,100289,100,99698,100,100477,100,99560,100,100894,100,99544,100,101329,100,99484,100,101361,100,99141,100,101385,100,98990,100
2019-06-28 10:04:20.000000000,100011,172,99879,172,100090,172,99849,172,100102,172,99820,172,100197,172,99761,172,100289,172,99698,172,100477,100,99560,100,100894,100,99544,100,101329,100,99484,100,101361,100,99141,100,101385,100,98990,100
2019-06-28 10:04:30.000000000,100011,222,99879,222,100090,219,99849,219,100102,219,99820,219,100197,100,99761,100,100289,100,99698,100,100477,100,99560,100,100894,100,99544,100,101329,100,99484,100,101361,100,99141,100,101385,100,98990,100
2019-06-28 10:04:40.000000000,100011,280,99879,280,100090,280,99849,280,100102,100,99820,100,100197,100,99761,100,100289,100,99698,100,100477,100,99560,100,100894,100,99544,100,101329,100,99484,100,101361,100,99141,100,101385,100,98990,100
2019-06-28 10:04:43.022546290,100011,280,99879,280,100090,280,99849,280,100102,100,99820,100,100197,100,99761,100,100289,100,99698,100,100477,100,99560,100,100894,100,99544,100,101329,100,99484,100,101361,100,99141,100,101385,100,99014,100
2019-06-28 10:04:46.612678985,100010,100,99879,280,100011,280,99849,280,100090,280,99820,100,100102,100,99761,100,100197,100,99698,100,100289,100,99560,100,100477,100,99544,100,100894,100,99484,100,101329,100,99141,100,101361,100,99014,100
2019-06-28 10:04:50.000000000,100010,222,99879,222,100011,219,99849,219,100090,219,99820,219,100102,100,99761,100,100197,100,99698,100,100289,100,99560,100,100477,100,99544,100,100894,100,99484,100,101329,100,99141,100,101361,100,99014,100
2019-06-28 10:05:00.000000000,100010,172,99879,172,100011,172,99849,172,100090,172,99820,172,100102,172,99761,172,100197,172,99698,172,100289,100,99560,100,100477,100,99544,100,100894,100,99484,100,101329,100,99141,100,101361,100,99014,100
2019-06-28 10:05:09.571200968,100010,172,99879,72,100011,172,99849,72,100090,172,99820,172,100102,172,99761,172,100197,172,99698,172,100289,100,99560,100,100477,100,99544,100,100894,100,99484,100,101329,100,99141,100,101361,100,99014,100
2019-06-28 10:05:10.000000000,100010,172,99820,172,100011,172,99761,172,100090,172,99698,172,100102,172,99560,172,100197,172,99544,172,100289,100,99484,100,100477,100,99141,100,100894,100,99014,100,101329,100,98990,100,101361,100,98830,100
2019-06-28 10:05:12.490970928,99890,100,99820,172,100010,172,99761,172,100011,172,99698,172,100090,172,99560,172,100102,172,99544,172,100197,172,99484,100,100289,100,99141,100,100477,100,99014,100,100894,100,98990,100,101329,100,98830,100
2019-06-28 10:05:13.648785936,99890,100,99820,172,100010,172,99761,172,100011,172,99698,172,100090,172,99560,172,100102,172,99544,172,100197,172,99484,100,100289,100,99207,100,100477,100,99141,100,100894,100,99014,100,101329,100,98990,100
2019-06-28 10:05:19.748236088,99890,100,99820,172,100010,172,99761,172,100011,172,99698,172,100090,172,99560,172,100102,172,99544,172,100197,172,99484,100,100289,100,99207,100,100477,100,99141,100,100894,100,99041,100,101329,100,99014,100
2019-06-28 10:05:20.000000000,99890,460,99820,460,100010,100,99761,100,100011,100,99698,100,100090,100,99560,100,100102,100,99544,100,100197,100,99484,100,100289,100,99207,100,100477,100,99141,100,100894,100,99041,100,101329,100,99014,100
2019-06-28 10:05:30.000000000,99890,172,99820,172,100010,172,99761,172,100011,172,99698,172,100090,172,99560,172,100102,172,99544,172,100197,100,99484,100,100289,100,99207,100,100477,100,99141,100,100894,100,99041,100,101329,100,99014,100
2019-06-28 10:05:40.000000000,99890,172,99820,172,100010,172,99761,172,100011,172,99698,172,100090,172,99560,172,100102,172,99544,172,100197,100,99484,100,100289,100,99207,100,100477,100,99141,100,100894,100,99041,100,101329,100,99014,100
2019-06-28 10:05:47.468315997,99890,172,99820,172,100010,172,99761,172,100011,172,99698,172,100090,172,99560,172,100102,172,99544,172,100197,100,99484,100,100289,100,99328,100,100477,100,99207,100,100894,100,99141,100,101329,100,99041,100
2019-06-28 10:05:50.000000000,99890,190,99820,190,100010,190,99761,190,100011,190,99698,190,100090,190,99560,190,100102,100,99544,100,100197,100,99484,100,100289,100,99328,100,100477,100,99207,100,100894,100,99141,100,101329,100,99041,100
2019-06-28 10:05:50.062427804,99890,190,99820,90,100010,190,99761,190,100011,190,99698,190,100090,190,99560,190,100102,100,99544,100,100197,100,99484,100,100289,100,99328,100,100477,100,99207,100,100894,100,99141,100,101329,100,99014,100
2019-06-28 10:05:52.811638653,99890,190,99820,90,100010,190,99761,190,100011,190,99698,190,100090,90,99560,190,100102,100,99544,100,100197,100,99484,100,100289,100,99328,100,100477,100,99207,100,100894,100,99141,100,101329,100,99014,100
2019-06-28 10:06:00.000000000,99890,172,99761,172,100010,172,99698,172,100011,172,99560,172,100102,172,99544,172,100197,172,99484,172,100289,100,99328,100,100477,100,99207,100,100894,100,99141,100,101329,100,99014,100,101361,100,98990,100
2019-06-28 10:06:10.000000000,99890,460,99761,460,100010,100,99698,100,100011,100,99560,100,100102,100,99544,100,100197,100,99484,100,100289,100,99328,100,100477,100,99207,100,100894,100,99141,100,101329,100,99014,100,101361,100,98990,100
2019-06-28 10:06:20.000000000,99890,222,99761,222,100010,219,99698,219,100011,219,99560,219,100102,100,99544,100,100197,100,99484,100,100289,100,99328,100,100477,100,99207,100,100894,100,99141,100,101329,100,99014,100,101361,100,98990,100
2019-06-28 10:06:26.974967933,99890,222,99761,222,100010,219,99698,219,100011,219,99560,219,100102,100,99544,100,100197,100,99496,100,100289,100,99484,100,100477,100,99328,100,100894,100,99207,100,101329,100,99141,100,101361,100,99014,100
2019-06-28 10:06:30.000000000,99890,222,99761,222,100010,219,99698,219,100011,219,99560,219,100102,100,99544,100,100197,100,99496,100,100289,100,99484,100,100477,100,99328,100,100894,100,99207,100,101329,100,99141,100,101361,100,99014,100
