,ask_price_1,ask_size_1,bid_price_1,bid_size_1,ask_price_2,ask_size_2,bid_price_2,bid_size_2,ask_price_3,ask_size_3,bid_price_3,bid_size_3,ask_price_4,ask_size_4,bid_price_4,bid_size_4,ask_price_5,ask_size_5,bid_price_5,bid_size_5,ask_price_6,ask_size_6,bid_price_6,bid_size_6,ask_price_7,ask_size_7,bid_price_7,bid_size_7,ask_price_8,ask_size_8,bid_price_8,bid_size_8,ask_price_9,ask_size_9,bid_price_9,bid_size_9,ask_price_10,ask_size_10,bid_price_10,bid_size_10
2019-06-28 09:30:00.000000001,,,100001,100,,,99970,100,,,99963,100,,,99876,100,,,,,,,,,,,,,,,,,,,,,,,,
2019-06-28 09:30:00.000000004,,,99970,100,,,99963,100,,,99876,100,,,,,,,,,,,,,,,,,,,,,,,,,,,,
2019-06-28 09:30:00.000000005,100058,100,99970,100,,,99963,100,,,99876,100,,,99855,100,,,,,,,,,,,,,,,,,,,,,,,,
2019-06-28 09:30:00.000000006,100058,100,99970,100,100104,100,99963,100,,,99882,100,,,99876,100,,,99855,100,,,,,,,,,,,,,,,,,,,,
2019-06-28 09:30:00.000000007,99991,100,99970,100,100058,100,99963,100,100104,100,99885,100,,,99882,100,,,99876,100,,,99855,100,,,,,,,,,,,,,,,,
2019-06-28 09:30:00.000000009,99991,100,99970,100,100058,100,99963,100,100096,100,99885,100,100104,100,99882,100,,,99876,100,,,99855,100,,,,,,,,,,,,,,,,
2019-06-28 09:30:00.000000010,99991,100,99970,100,100016,100,99963,100,100058,100,99885,100,100096,100,99882,100,100104,100,99876,100,,,99855,100,,,,,,,,,,,,,,,,
2019-06-28 09:30:00.000000013,99991,100,99970,100,100016,100,99963,100,100058,100,99939,100,100092,100,99909,100,100096,100,99885,100,100104,100,99882,100,,,99876,100,,,99855,100,,,,,,,,
2019-06-28 09:30:00.000000015,99991,100,99970,100,100016,100,99963,100,100058,100,99939,100,100092,100,99911,100,100096,100,99909,100,100104,100,99885,100,,,99882,100,,,99876,100,,,99855,100,,,,
2019-06-28 09:30:00.000000017,100058,100,99970,100,100092,100,99963,100,100096,100,99939,100,100104,100,99911,100,100223,100,99909,100,,,99892,100,,,99885,100,,,99882,100,,,99876,100,,,99855,100
2019-06-28 09:30:00.000000018,100058,100,99970,100,100092,100,99963,100,100096,100,99939,100,100104,100,99911,100,100223,100,99909,100,,,99892,100,,,99885,100,,,99882,100,,,99876,100,,,99870,100
2019-06-28 09:30:00.000000020,100016,100,99970,100,100058,100,99963,100,100092,100,99939,100,100096,100,99911,100,100104,100,99909,100,100223,100,99892,100,,,99885,100,,,99882,100,,,99876,100,,,99870,100
2019-06-28 09:30:00.000000021,100016,100,100007,100,100058,100,99970,100,100092,100,99963,100,100096,100,99939,100,100104,100,99911,100,100223,100,99909,100,,,99892,100,,,99885,100,,,99882,100,,,99876,100
2019-06-28 09:30:00.000000022,100016,100,100007,100,100058,100,99970,100,100092,100,99963,100,100096,100,99939,100,100104,100,99911,100,100223,100,99909,100,,,99892,100,,,99885,100,,,99882,100,,,99876,100
2019-06-28 09:30:00.000000026,100016,100,100007,100,100058,100,99970,100,100092,100,99963,100,100096,100,99939,100,100104,100,99911,100,100223,100,99909,100,,,99892,100,,,99885,100,,,99882,100,,,99876,100
2019-06-28 09:30:00.000000027,100016,100,100007,100,100058,100,99988,100,100092,100,99970,100,100096,100,99963,100,100104,100,99939,100,100223,100,99918,100,,,99911,100,,,99909,100,,,99892,100,,,99885,100
2019-06-28 09:30:00.000000032,100016,100,100007,100,100058,100,99988,100,100092,100,99970,100,100096,100,99963,100,100104,100,99939,100,100223,100,99918,100,,,99911,100,,,99909,100,,,99892,100,,,99890,100
2019-06-28 09:30:00.000000033,100016,100,100007,100,100058,100,99988,100,100087,100,99970,100,100092,100,99963,100,100096,100,99939,100,100104,100,99918,100,100223,100,99911,100,,,99909,100,,,99892,100,,,99890,100
2019-06-28 09:30:00.000000034,100016,100,99988,100,100058,100,99970,100,100087,100,99963,100,100092,100,99939,100,100096,100,99918,100,100104,100,99911,100,100223,100,99909,100,,,99892,100,,,99890,100,,,99885,100
2019-06-28 09:30:00.000000038,100016,100,99988,100,100058,100,99970,100,100087,100,99963,100,100092,100,99939,100,100096,100,99918,100,100104,100,99911,100,100153,100,99909,100,100223,100,99892,100,,,99890,100,,,99885,100
2019-06-28 09:30:00.000000040,100016,100,99988,100,100058,100,99970,100,100087,100,99963,100,100092,100,99939,100,100096,100,99918,100,100104,100,99911,100,100153,100,99909,100,100223,100,99892,100,,,99890,100,,,99885,100
2019-06-28 09:30:00.000000041,100016,100,99970,100,100058,100,99963,100,100087,100,99939,100,100092,100,99918,100,100096,100,99911,100,100104,100,99909,100,100153,100,99892,100,100223,100,99890,100,,,99885,100,,,99882,100
2019-06-28 09:30:00.000000046,100016,100,99970,100,100058,100,99963,100,100087,100,99939,100,100092,100,99918,100,100096,100,99912,100,100104,100,99911,100,100153,100,99909,100,100223,100,99892,100,,,99890,100,,,99885,100
2019-06-28 09:30:00.000000048,100016,100,99970,100,100058,100,99963,100,100087,100,99939,100,100092,100,99918,100,100096,100,99912,100,100104,100,99911,100,100153,100,99909,100,100223,100,99892,100,,,99890,100,,,99885,200
2019-06-28 09:30:00.000000049,99978,100,99970,100,100016,100,99963,100,100058,100,99939,100,100087,100,99918,100,100092,100,99912,100,100096,100,99911,100,100104,100,99909,100,100153,100,99892,100,100223,100,99890,100,,,99885,200
2019-06-28 09:30:00.000000053,99978,100,99970,100,100016,100,99963,100,100058,100,99939,100,100087,100,99918,100,100092,100,99912,100,100096,100,99911,100,100104,100,99909,100,100153,100,99892,100,100191,100,99890,100,100223,100,99885,200
2019-06-28 09:30:00.000000057,99978,100,99970,100,100016,100,99963,100,100058,100,99939,100,100087,100,99918,100,100092,100,99912,100,100096,100,99911,100,100104,100,99909,100,100153,100,99898,100,100191,100,99892,100,100223,100,99890,100
2019-06-28 09:30:00.000000058,99978,100,99970,100,100016,100,99963,100,100058,100,99939,100,100087,100,99918,100,100092,100,99912,100,100096,100,99911,100,100104,100,99909,100,100153,100,99898,100,100191,100,99892,100,100223,100,99890,100
2019-06-28 09:30:00.000000060,99978,100,99970,100,100016,100,99963,100,100034,100,99939,100,100058,100,99918,100,100087,100,99912,100,100092,100,99911,100,100096,100,99909,100,100104,100,99898,100,100153,100,99892,100,100191,100,99890,100
2019-06-28 09:30:00.000000061,100016,100,99970,100,100034,100,99963,100,100058,100,99939,100,100087,100,99918,100,100092,100,99912,100,100096,100,99911,100,100104,100,99909,100,100153,100,99898,100,100174,100,99892,100,100191,100,99890,100
2019-06-28 09:30:00.000000063,100016,100,99970,100,100034,100,99963,100,100058,100,99939,100,100087,100,99918,100,100092,100,99912,100,100096,100,99911,100,100104,100,99909,100,100153,100,99904,100,100174,100,99898,100,100191,100,99892,100
2019-06-28 09:30:00.000000069,100016,100,99970,100,100034,100,99963,100,100058,100,99939,100,100087,100,99918,100,100092,100,99912,100,100096,100,99911,100,100104,100,99909,100,100153,100,99904,100,100166,100,99898,100,100174,100,99892,100
2019-06-28 09:30:00.000000071,100016,100,99978,100,100034,100,99970,100,100058,100,99963,100,100087,100,99939,100,100092,100,99918,100,100096,100,99912,100,100104,100,99911,100,100114,100,99909,100,100153,100,99904,100,100166,100,99898,100
2019-06-28 09:30:00.000000076,100016,100,99978,200,100034,100,99970,100,100058,100,99963,100,100087,100,99939,100,100092,100,99918,100,100096,100,99912,100,100104,100,99911,100,100114,100,99909,100,100153,100,99904,100,100166,100,99898,100
2019-06-28 09:30:00.000000084,100016,100,99978,200,100034,100,99970,100,100057,100,99963,100,100058,100,99939,100,100087,100,99918,100,100092,100,99912,100,100096,100,99911,100,100104,100,99909,100,100114,100,99904,100,100153,100,99898,100
2019-06-28 09:30:00.000000086,100016,100,99978,200,100034,100,99970,100,100057,100,99963,100,100058,100,99939,100,100063,100,99918,100,100087,100,99912,100,100092,100,99911,100,100096,100,99909,100,100103,100,99904,100,100104,100,99898,100
2019-06-28 09:30:00.000000087,100016,100,99978,200,100022,100,99970,100,100034,100,99963,100,100057,100,99939,100,100058,100,99918,100,100063,100,99912,100,100087,100,99911,100,100092,100,99909,100,100096,100,99904,100,100103,100,99898,100
2019-06-28 09:30:00.000000088,100016,100,99978,200,100022,100,99970,100,100034,100,99963,100,100057,100,99939,100,100058,100,99918,100,100063,100,99912,100,100087,100,99911,100,100092,100,99909,100,100096,100,99904,100,100103,100,99898,100
2019-06-28 09:30:00.000000089,100016,100,99978,300,100022,100,99970,100,100034,100,99963,100,100057,100,99939,100,100058,100,99918,100,100063,100,99912,100,100087,100,99911,100,100092,100,99909,100,100096,100,99904,100,100103,100,99898,100
2019-06-28 09:30:00.000000090,99988,100,99978,300,100016,100,99970,100,100022,100,99963,100,100034,100,99939,100,100057,100,99918,100,100058,100,99912,100,100063,100,99911,100,100087,100,99909,100,100092,100,99904,100,100096,100,99898,100
2019-06-28 09:30:00.000000092,99988,100,99978,400,100016,100,99970,100,100022,100,99963,100,100034,100,99939,100,100057,100,99918,100,100058,100,99912,100,100063,100,99911,100,100087,100,99909,100,100092,100,99904,100,100096,100,99898,100
2019-06-28 09:30:00.000000094,100016,100,99978,400,100022,100,99970,100,100034,100,99966,100,100057,100,99963,100,100058,100,99939,100,100063,100,99918,100,100087,100,99912,100,100092,100,99911,100,100096,100,99909,100,100103,100,99904,100
2019-06-28 09:30:00.000000096,100016,100,99998,100,100022,100,99978,400,100034,100,99970,100,100057,100,99966,100,100058,100,99963,100,100063,100,99939,100,100087,100,99918,100,100092,100,99912,100,100096,100,99911,100,100103,100,99909,100
2019-06-28 09:30:10.000000000,100016,297,99998,297,100022,297,99978,597,100034,100,99970,100,100057,100,99966,100,100058,100,99963,100,100063,100,99939,100,100087,100,99918,100,100092,100,99912,100,100096,100,99911,100,100103,100,99909,100
2019-06-28 09:30:20.000000000,100016,494,99998,494,100022,100,99978,400,100034,100,99970,100,100057,100,99966,100,100058,100,99963,100,100063,100,99939,100,100087,100,99918,100,100092,100,99912,100,100096,100,99911,100,100103,100,99909,100
2019-06-28 09:30:25.800220125,100016,394,99998,494,100022,100,99978,400,100034,100,99970,100,100057,100,99966,100,100058,100,99963,100,100063,100,99939,100,100087,100,99918,100,100092,100,99911,100,100096,100,99909,100,100103,100,99904,100
2019-06-28 09:30:30.000000000,100022,179,99998,179,100034,179,99978,479,100057,179,99970,179,100058,179,99966,179,100063,179,99963,179,100087,100,99939,100,100092,100,99918,100,100096,100,99911,100,100103,100,99909,100,100104,100,99904,100
2019-06-28 09:30:40.000000000,100022,179,99998,179,100034,179,99978,479,100057,179,99970,179,100058,179,99966,179,100063,179,99963,179,100087,100,99939,100,100092,100,99918,100,100096,100,99911,100,100103,100,99909,100,100104,100,99904,100
2019-06-28 09:30:50.000000000,100022,234,99998,234,100034,230,99978,530,100057,230,99970,230,100058,100,99966,100,100063,100,99963,100,100087,100,99939,100,100092,100,99918,100,100096,100,99911,100,100103,100,99909,100,100104,100,99904,100
2019-06-28 09:31:00.000000000,100022,234,99998,234,100034,230,99978,530,100057,230,99970,230,100058,100,99966,100,100063,100,99963,100,100087,100,99939,100,100092,100,99918,100,100096,100,99911,100,100103,100,99909,100,100104,100,99904,100
2019-06-28 09:31:08.284353577,100015,100,99998,234,100022,234,99978,530,100034,230,99970,230,100057,230,99966,100,100058,100,99963,100,100063,100,99939,100,100087,100,99918,100,100092,100,99911,100,100096,100,99909,100,100103,100,99904,100
2019-06-28 09:31:10.000000000,100015,234,99998,234,100022,230,99978,530,100034,230,99970,230,100057,100,99966,100,100058,100,99963,100,100063,100,99939,100,100087,100,99918,100,100092,100,99911,100,100096,100,99909,100,100103,100,99904,100
2019-06-28 09:31:13.379072163,100015,234,99998,234,100022,130,99978,530,100034,230,99970,230,100057,100,99966,100,100058,100,99963,100,100063,100,99939,100,100087,100,99918,100,100092,100,99911,100,100096,100,99909,100,100103,100,99904,100
2019-06-28 09:31:20.000000000,100015,234,99998,234,100034,230,99978,530,100057,230,99970,230,100058,100,99966,100,100063,100,99963,100,100087,100,99939,100,100092,100,99918,100,100096,100,99911,100,100103,100,99909,100,100104,100,99904,100
2019-06-28 09:31:29.692961261,100015,234,99998,134,100034,230,99978,530,100057,230,99970,230,100058,100,99966,100,100063,100,99963,100,100087,100,99939,100,100092,100,99918,100,100096,100,99911,100,100103,100,99909,100,100104,100,99904,100
2019-06-28 09:31:30.000000000,100015,179,99978,479,100034,179,99970,179,100057,179,99966,179,100058,179,99963,179,100063,179,99939,179,100087,100,99918,100,100092,100,99911,100,100096,100,99909,100,100103,100,99904,100,100104,100,99898,100
2019-06-28 09:31:40.000000000,100015,234,99978,534,100034,230,99970,230,100057,230,99966,230,100058,100,99963,100,100063,100,99939,100,100087,100,99918,100,100092,100,99911,100,100096,100,99909,100,100103,100,99904,100,100104,100,99898,100
2019-06-28 09:31:46.753876829,100015,234,99978,534,100034,230,99970,230,100057,230,99966,230,100058,100,99963,100,100063,100,99939,100,100087,100,99918,100,100092,100,99911,100,100096,100,99909,100,100103,100,99904,100,100104,100,99898,100
2019-06-28 09:31:50.000000000,100015,198,99978,498,100034,198,99970,198,100057,198,99966,198,100058,198,99963,198,100063,100,99939,100,100087,100,99918,100,100092,100,99911,100,100096,100,99909,100,100103,100,99904,100,100104,100,99898,100
2019-06-28 09:31:56.030913487,100015,198,99978,498,100034,198,99970,198,100057,198,99966,198,100058,198,99963,198,100063,100,99939,100,100087,100,99918,100,100092,100,99911,100,100096,100,99909,100,100103,100,99904,100,100104,100,99898,100
2019-06-28 09:32:00.000000000,100015,494,99978,794,100034,100,99970,100,100057,100,99966,100,100058,100,99963,100,100063,100,99939,100,100087,100,99918,100,100092,100,99911,100,100096,100,99909,100,100103,100,99904,100,100104,100,99898,100
2019-06-28 09:32:08.430959334,100015,494,99978,694,100034,100,99970,100,100057,100,99966,100,100058,100,99963,100,100063,100,99939,100,100087,100,99918,100,100092,100,99911,100,100096,100,99909,100,100103,100,99904,100,100104,100,99898,100
2019-06-28 09:32:10.000000000,100015,297,99978,497,100034,297,99970,297,100057,100,99966,100,100058,100,99963,100,100063,100,99939,100,100087,100,99918,100,100092,100,99911,100,100096,100,99909,100,100103,100,99904,100,100104,100,99898,100
2019-06-28 09:32:18.896577846,99998,100,99978,497,100015,297,99970,297,100034,297,99966,100,100057,100,99963,100,100058,100,99939,100,100063,100,99918,100,100087,100,99911,100,100096,100,99909,100,100103,100,99904,100,100104,100,99898,100
2019-06-28 09:32:20.000000000,99998,234,99978,434,100015,230,99970,230,100034,230,99966,230,100057,100,99963,100,100058,100,99939,100,100063,100,99918,100,100087,100,99911,100,100096,100,99909,100,100103,100,99904,100,100104,100,99898,100
2019-06-28 09:32:21.450108994,99998,234,99978,434,100015,230,99970,230,100034,230,99966,230,100057,100,99963,100,100058,100,99939,100,100063,100,99918,100,100087,100,99911,100,100096,100,99909,100,100103,100,99904,100,100104,100,99898,100
2019-06-28 09:32:30.000000000,99998,494,99978,694,100015,100,99970,100,100034,100,99966,100,100057,100,99963,100,100058,100,99939,100,100063,100,99918,100,100087,100,99911,100,100096,100,99909,100,100103,100,99904,100,100104,100,99898,100
2019-06-28 09:32:40.000000000,99998,234,99978,434,100015,230,99970,230,100034,230,99966,230,100057,100,99963,100,100058,100,99939,100,100063,100,99918,100,100087,100,99911,100,100096,100,99909,100,100103,100,99904,100,100104,100,99898,100
2019-06-28 09:32:49.707007656,99998,234,99978,434,100015,230,99970,230,100034,230,99966,230,100057,100,99963,100,100058,100,99918,100,100063,100,99911,100,100087,100,99909,100,100096,100,99904,100,100103,100,99898,100,100104,100,99892,100
2019-06-28 09:32:50.000000000,99998,234,99978,434,100015,230,99970,230,100034,230,99966,230,100057,100,99963,100,100058,100,99918,100,100063,100,99911,100,100087,100,99909,100,100096,100,99904,100,100103,100,99898,100,100104,100,99892,100
2019-06-28 09:33:00.000000000,99998,297,99978,497,100015,297,99970,297,100034,100,99966,100,100057,100,99963,100,100058,100,99918,100,100063,100,99911,100,100087,100,99909,100,100096,100,99904,100,100103,100,99898,100,100104,100,99892,100
2019-06-28 09:33:08.609053214,99998,297,99978,497,100015,297,99970,297,100034,100,99966,100,100057,100,99963,100,100058,100,99918,100,100063,100,99911,100,100087,100,99909,100,100096,100,99904,100,100103,100,99898,100,100104,100,99892,100
2019-06-28 09:33:10.000000000,99998,297,99978,497,100015,297,99970,297,100034,100,99966,100,100057,100,99963,100,100058,100,99918,100,100063,100,99911,100,100087,100,99909,100,100096,100,99904,100,100103,100,99898,100,100104,100,99892,100
2019-06-28 09:33:13.386164485,99998,297,99978,397,100015,297,99970,297,100034,100,99966,100,100057,100,99963,100,100058,100,99918,100,100063,100,99909,100,100087,100,99904,100,100096,100,99898,100,100103,100,99892,100,100104,100,99890,100
2019-06-28 09:33:15.916712711,99998,197,99978,397,100015,297,99970,297,100034,100,99966,100,100057,100,99963,100,100058,100,99918,100,100063,100,99909,100,100087,100,99904,100,100096,100,99898,100,100103,100,99892,100,100104,100,99890,100
2019-06-28 09:33:17.576956657,99998,197,99978,297,100015,297,99970,297,100034,100,99966,100,100057,100,99963,100,100058,100,99918,100,100063,100,99909,100,100087,100,99904,100,100096,100,99898,100,100103,100,99892,100,100104,100,99890,100
2019-06-28 09:33:20.000000000,100015,179,99978,179,100034,179,99970,179,100057,179,99966,179,100058,179,99963,179,100063,179,99918,179,100087,100,99909,100,100096,100,99904,100,100103,100,99898,100,100104,100,99892,100,100153,100,99890,100
2019-06-28 09:33:30.000000000,100015,198,99978,198,100034,198,99970,198,100057,198,99966,198,100058,198,99963,198,100063,100,99918,100,100087,100,99909,100,100096,100,99904,100,100103,100,99898,100,100104,100,99892,100,100153,100,99890,100
2019-06-28 09:33:40.000000000,100015,494,99978,494,100034,100,99970,100,100057,100,99966,100,100058,100,99963,100,100063,100,99918,100,100087,100,99909,100,100096,100,99904,100,100103,100,99898,100,100104,100,99892,100,100153,100,99890,100
2019-06-28 09:33:48.859168850,100015,494,99978,394,100034,100,99970,100,100057,100,99966,100,100058,100,99963,100,100063,100,99918,100,100087,100,99909,100,100096,100,99898,100,100103,100,99892,100,100104,100,99890,100,100153,100,99885,200
2019-06-28 09:33:50.000000000,100015,234,99970,234,100034,230,99966,230,100057,230,99963,230,100058,100,99918,100,100063,100,99909,100,100087,100,99898,100,100096,100,99892,100,100103,100,99890,100,100104,100,99885,200,100153,100,99876,100
2019-06-28 09:33:55.999521940,100015,234,99970,234,100034,230,99966,230,100057,230,99963,230,100058,100,99918,100,100063,100,99909,100,100087,100,99898,100,100094,100,99892,100,100096,100,99890,100,100103,100,99885,200,100104,100,99876,100
2019-06-28 09:33:57.231116475,100015,234,99970,234,100034,230,99966,230,100057,230,99963,230,100058,100,99918,100,100063,100,99909,100,100087,100,99898,100,100094,100,99892,100,100096,100,99890,100,100103,100,99885,200,100104,100,99876,100
2019-06-28 09:34:00.000000000,100015,494,99970,494,100034,100,99966,100,100057,100,99963,100,100058,100,99918,100,100063,100,99909,100,100087,100,99898,100,100094,100,99892,100,100096,100,99890,100,100103,100,99885,200,100104,100,99876,100
2019-06-28 09:34:10.000000000,100015,198,99970,198,100034,198,99966,198,100057,198,99963,198,100058,198,99918,198,100063,100,99909,100,100087,100,99898,100,100094,100,99892,100,100096,100,99890,100,100103,100,99885,200,100104,100,99876,100
2019-06-28 09:34:20.000000000,100015,179,99970,179,100034,179,99966,179,100057,179,99963,179,100058,179,99918,179,100063,179,99909,179,100087,100,99898,100,100094,100,99892,100,100096,100,99890,100,100103,100,99885,200,100104,100,99876,100
2019-06-28 09:34:30.000000000,100015,179,99970,179,100034,179,99966,179,100057,179,99963,179,100058,179,99918,179,100063,179,99909,179,100087,100,99898,100,100094,100,99892,100,100096,100,99890,100,100103,100,99885,200,100104,100,99876,100
2019-06-28 09:34:31.523519624,100015,179,99970,179,100034,179,99966,179,100057,179,99963,179,100058,179,99918,179,100063,179,99909,179,100087,100,99898,100,100094,100,99892,100,100096,100,99890,100,100103,100,99885,200,100104,100,99876,100
2019-06-28 09:34:38.386629207,99978,100,99970,179,100015,179,99966,179,100034,179,99963,179,100057,179,99918,179,100058,179,99909,179,100063,179,99898,100,100087,100,99892,100,100094,100,99890,100,100096,100,99885,200,100103,100,99876,100
2019-06-28 09:34:40.000000000,99978,234,99970,234,100015,230,99966,230,100034,230,99963,230,100057,100,99918,100,100058,100,99909,100,100063,100,99898,100,100087,100,99892,100,100094,100,99890,100,100096,100,99885,200,100103,100,99876,100
2019-06-28 09:34:46.264940447,99978,234,99970,134,100015,230,99966,230,100034,230,99963,230,100057,100,99918,100,100063,100,99909,100,100087,100,99898,100,100094,100,99892,100,100096,100,99890,100,100103,100,99885,200,100104,100,99876,100
2019-06-28 09:34:50.000000000,99978,179,99966,179,100015,179,99963,179,100034,179,99918,179,100057,179,99909,179,100063,179,99898,179,100087,100,99892,100,100094,100,99890,100,100096,100,99885,200,100103,100,99876,100,100104,100,99868,100
2019-06-28 09:35:00.000000000,99978,234,99966,234,100015,230,99963,230,100034,230,99918,230,100057,100,99909,100,100063,100,99898,100,100087,100,99892,100,100094,100,99890,100,100096,100,99885,200,100103,100,99876,100,100104,100,99868,100
2019-06-28 09:35:04.337409305,99978,234,99966,134,100015,230,99963,230,100034,230,99918,230,100057,100,99909,100,100063,100,99898,100,100087,100,99892,100,100094,100,99890,100,100096,100,99885,200,100103,100,99876,100,100104,100,99868,100
2019-06-28 09:35:07.489887384,99978,234,99966,34,100015,230,99963,230,100034,230,99918,230,100057,100,99909,100,100063,100,99898,100,100087,100,99892,100,100094,100,99890,100,100096,100,99885,200,100103,100,99876,100,100104,100,99868,100
2019-06-28 09:35:10.000000000,99978,297,99963,297,100015,297,99918,297,100034,100,99909,100,100057,100,99898,100,100063,100,99892,100,100087,100,99890,100,100094,100,99885,200,100096,100,99876,100,100103,100,99868,100,100104,100,99865,100
2019-06-28 09:35:19.932057840,99966,100,99963,297,99978,297,99918,297,100015,297,99909,100,100034,100,99898,100,100057,100,99892,100,100063,100,99890,100,100087,100,99885,200,100094,100,99876,100,100096,100,99868,100,100103,100,99865,100
2019-06-28 09:35:20.000000000,99966,494,99963,494,99978,100,99918,100,100015,100,99909,100,100034,100,99898,100,100057,100,99892,100,100063,100,99890,100,100087,100,99885,200,100094,100,99876,100,100096,100,99868,100,100103,100,99865,100
2019-06-28 09:35:27.240237391,99966,494,99963,394,99978,100,99918,100,100015,100,99909,100,100034,100,99898,100,100057,100,99892,100,100063,100,99890,100,100087,100,99885,200,100094,100,99876,100,100096,100,99868,100,100103,100,99865,100
2019-06-28 09:35:30.000000000,99966,494,99918,494,99978,100,99909,100,100015,100,99898,100,100034,100,99892,100,100057,100,99890,100,100063,100,99885,200,100087,100,99876,100,100094,100,99868,100,100096,100,99865,100,100103,100,99855,100
2019-06-28 09:35:40.000000000,99966,179,99918,179,99978,179,99909,179,100015,179,99898,179,100034,179,99892,179,100057,179,99890,179,100063,100,99885,200,100087,100,99876,100,100094,100,99868,100,100096,100,99865,100,100103,100,99855,100
2019-06-28 09:35:50.000000000,99966,297,99918,297,99978,297,99909,297,100015,100,99898,100,100034,100,99892,100,100057,100,99890,100,100063,100,99885,200,100087,100,99876,100,100094,100,99868,100,100096,100,99865,100,100103,100,99855,100
2019-06-28 09:36:00.000000000,99966,297,99918,297,99978,297,99909,297,100015,100,99898,100,100034,100,99892,100,100057,100,99890,100,100063,100,99885,200,100087,100,99876,100,100094,100,99868,100,100096,100,99865,100,100103,100,99855,100
2019-06-28 09:36:10.000000000,99966,198,99918,198,99978,198,99909,198,100015,198,99898,198,100034,198,99892,198,100057,100,99890,100,100063,100,99885,200,100087,100,99876,100,100094,100,99868,100,100096,100,99865,100,100103,100,99855,100
2019-06-28 09:36:14.774299210,99966,198,99918,198,99978,198,99909,198,100015,198,99898,198,100034,198,99892,198,100057,100,99890,100,100063,100,99885,200,100087,100,99876,100,100094,100,99868,100,100096,100,99865,100,100103,100,99855,100
2019-06-28 09:36:16.632597442,99966,198,99918,98,99978,198,99909,198,100015,198,99898,198,100034,198,99892,198,100057,100,99890,100,100063,100,99885,200,100087,100,99876,100,100094,100,99868,100,100096,100,99865,100,100103,100,99855,100
2019-06-28 09:36:20.000000000,99966,297,99909,297,99978,297,99898,297,100015,100,99892,100,100034,100,99890,100,100057,100,99885,200,100063,100,99876,100,100087,100,99868,100,100094,100,99865,100,100096,100,99855,100,100103,100,99832,100
2019-06-28 09:36:24.959658356,99966,297,99909,297,99978,297,99898,297,100015,100,99892,100,100034,100,99890,100,100057,100,99885,200,100063,100,99876,100,100087,100,99868,100,100094,100,99865,100,100096,100,99855,100,100103,100,99832,100
2019-06-28 09:36:25.277487701,99966,297,99909,297,99978,297,99898,297,100015,100,99892,100,100034,100,99890,100,100057,100,99885,200,100063,100,99876,100,100087,100,99868,100,100094,100,99865,100,100096,100,99855,100,100103,100,99832,100
2019-06-28 09:36:30.000000000,99966,198,99909,198,99978,198,99898,198,100015,198,99892,198,100034,198,99890,198,100057,100,99885,200,100063,100,99876,100,100087,100,99868,100,100094,100,99865,100,100096,100,99855,100,100103,100,99832,100
2019-06-28 09:36:32.495295941,99966,198,99909,198,99978,198,99898,198,100015,198,99892,198,100034,198,99890,198,100057,100,99885,200,100063,100,99876,100,100087,100,99868,100,100094,100,99865,100,100096,100,99855,100,100103,100,99832,100
2019-06-28 09:36:40.000000000,99966,198,99909,198,99978,198,99898,198,100015,198,99892,198,100034,198,99890,198,100057,100,99885,200,100063,100,99876,100,100087,100,99868,100,100094,100,99865,100,100096,100,99855,100,100103,100,99832,100
2019-06-28 09:36:45.717939569,99966,198,99909,198,99978,198,99898,198,100015,198,99892,198,100034,198,99890,198,100057,100,99885,200,100063,100,99876,100,100087,100,99868,100,100094,100,99865,100,100096,100,99855,100,100103,100,99832,100
2019-06-28 09:36:50.000000000,99966,179,99909,179,99978,179,99898,179,100015,179,99892,179,100034,179,99890,179,100057,179,99885,279,100063,100,99876,100,100087,100,99868,100,100094,100,99865,100,100096,100,99855,100,100103,100,99832,100
2019-06-28 09:37:00.000000000,99966,494,99909,494,99978,100,99898,100,100015,100,99892,100,100034,100,99890,100,100057,100,99885,200,100063,100,99876,100,100087,100,99868,100,100094,100,99865,100,100096,100,99855,100,100103,100,99832,100
2019-06-28 09:37:10.000000000,99966,297,99909,297,99978,297,99898,297,100015,100,99892,100,100034,100,99890,100,100057,100,99885,200,100063,100,99876,100,100087,100,99868,100,100094,100,99865,100,100096,100,99855,100,100103,100,99832,100
2019-06-28 09:37:15.319097400,99966,297,99909,297,99978,297,99898,297,100015,100,99892,100,100034,100,99890,100,100057,100,99885,200,100063,100,99876,100,100087,100,99868,100,100094,100,99865,100,100096,100,99855,100,100103,100,99832,100
2019-06-28 09:37:20.000000000,99966,234,99909,234,99978,230,99898,230,100015,230,99892,230,100034,100,99890,100,100057,100,99885,200,100063,100,99876,100,100087,100,99868,100,100094,100,99865,100,100096,100,99855,100,100103,100,99832,100
2019-06-28 09:37:30.000000000,99966,494,99909,494,99978,100,99898,100,100015,100,99892,100,100034,100,99890,100,100057,100,99885,200,100063,100,99876,100,100087,100,99868,100,100094,100,99865,100,100096,100,99855,100,100103,100,99832,100
2019-06-28 09:37:40.000000000,99966,494,99909,494,99978,100,99898,100,100015,100,99892,100,100034,100,99890,100,100057,100,99885,200,100063,100,99876,100,100087,100,99868,100,100094,100,99865,100,100096,100,99855,100,100103,100,99832,100
2019-06-28 09:37:50.000000000,99966,234,99909,234,99978,230,99898,230,100015,230,99892,230,100034,100,99890,100,100057,100,99885,200,100063,100,99876,100,100087,100,99868,100,100094,100,99865,100,100096,100,99855,100,100103,100,99832,100
2019-06-28 09:37:59.014385085,99963,100,99909,234,99966,234,99898,230,99978,230,99892,230,100015,230,99890,100,100034,100,99885,200,100057,100,99876,100,100063,100,99868,100,100087,100,99865,100,100094,100,99832,100,100096,100,99752,100
2019-06-28 09:38:00.000000000,99963,198,99909,198,99966,198,99898,198,99978,198,99892,198,100015,198,99890,198,100034,100,99885,200,100057,100,99876,100,100063,100,99868,100,100087,100,99865,100,100094,100,99832,100,100096,100,99752,100
2019-06-28 09:38:10.000000000,99963,234,99909,234,99966,230,99898,230,99978,230,99892,230,100015,100,99890,100,100034,100,99885,200,100057,100,99876,100,100063,100,99868,100,100087,100,99865,100,100094,100,99832,100,100096,100,99752,100
2019-06-28 09:38:16.286231489,99963,234,99909,134,99966,230,99898,230,99978,230,99892,230,100015,100,99890,100,100034,100,99885,200,100057,100,99876,100,100063,100,99868,100,100087,100,99865,100,100094,100,99832,100,100096,100,99752,100
2019-06-28 09:38:19.767751059,99918,100,99909,134,99963,234,99898,230,99966,230,99892,230,99978,230,99890,100,100015,100,99885,200,100034,100,99876,100,100057,100,99868,100,100063,100,99865,100,100087,100,99832,100,100094,100,99752,100
2019-06-28 09:38:20.000000000,99918,179,99898,179,99963,179,99892,179,99966,179,99890,179,99978,179,99885,279,100015,179,99876,179,100034,100,99868,100,100057,100,99865,100,100063,100,99832,100,100087,100,99752,100,100094,100,99708,100
2019-06-28 09:38:21.443427480,99918,179,99898,79,99963,179,99892,179,99966,179,99890,179,99978,179,99885,279,100015,179,99876,179,100034,100,99868,100,100057,100,99865,100,100063,100,99832,100,100087,100,99752,100,100094,100,99708,100
2019-06-28 09:38:23.687413003,99918,179,99898,79,99963,179,99892,179,99966,179,99890,179,99978,179,99885,279,100015,179,99876,179,100034,100,99868,100,100057,100,99865,100,100063,100,99832,100,100087,100,99752,100,100094,100,99708,100
2019-06-28 09:38:30.000000000,99918,494,99892,494,99963,100,99890,100,99966,100,99885,200,99978,100,99876,100,100015,100,99868,100,100034,100,99865,100,100057,100,99832,100,100063,100,99752,100,100087,100,99708,100,100094,100,99610,100
2019-06-28 09:38:34.684725968,99909,100,99892,494,99918,494,99890,100,99963,100,99885,200,99966,100,99876,100,99978,100,99868,100,100015,100,99865,100,100034,100,99832,100,100057,100,99752,100,100063,100,99708,100,100087,100,99610,100
2019-06-28 09:38:40.000000000,99909,234,99892,234,99918,230,99890,230,99963,230,99885,330,99966,100,99876,100,99978,100,99868,100,100015,100,99865,100,100034,100,99832,100,100057,100,99752,100,100063,100,99708,100,100087,100,99610,100
2019-06-28 09:38:49.789608225,99909,234,99892,134,99918,230,99890,230,99963,230,99885,330,99966,100,99876,100,99978,100,99868,100,100015,100,99865,100,100034,100,99832,100,100057,100,99752,100,100063,100,99708,100,100087,100,99610,100
2019-06-28 09:38:50.000000000,99909,234,99890,234,99918,230,99885,330,99963,230,99876,230,99966,100,99868,100,99978,100,99865,100,100015,100,99832,100,100034,100,99752,100,100057,100,99708,100,100063,100,99610,100,100087,100,99168,100
2019-06-28 09:39:00.000000000,99909,179,99890,179,99918,179,99885,279,99963,179,99876,179,99966,179,99868,179,99978,179,99865,179,100015,100,99832,100,100034,100,99752,100,100057,100,99708,100,100063,100,99610,100,100087,100,99168,100
2019-06-28 09:39:10.000000000,99909,297,99890,297,99918,297,99885,397,99963,100,99876,100,99966,100,99868,100,99978,100,99865,100,100015,100,99832,100,100034,100,99752,100,100057,100,99708,100,100063,100,99610,100,100087,100,99168,100
2019-06-28 09:39:20.000000000,99909,198,99890,198,99918,198,99885,298,99963,198,99876,198,99966,198,99868,198,99978,100,99865,100,100015,100,99832,100,100034,100,99752,100,100057,100,99708,100,100063,100,99610,100,100087,100,99168,100
2019-06-28 09:39:27.389668761,99909,198,99890,198,99918,198,99885,298,99963,198,99876,198,99966,198,99868,198,99978,100,99865,100,100015,100,99832,100,100034,100,99814,100,100057,100,99752,100,100063,100,99708,100,100087,100,99610,100
2019-06-28 09:39:30.000000000,99909,198,99890,198,99918,198,99885,298,99963,198,99876,198,99966,198,99868,198,99978,100,99865,100,100015,100,99832,100,100034,100,99814,100,100057,100,99752,100,100063,100,99708,100,100087,100,99610,100
2019-06-28 09:39:38.665440646,99909,198,99890,198,99918,198,99885,298,99963,198,99876,198,99966,198,99868,98,99978,100,99865,100,100015,100,99832,100,100034,100,99814,100,100057,100,99752,100,100063,100,99708,100,100087,100,99610,100
2019-06-28 09:39:40.000000000,99909,494,99890,494,99918,100,99885,200,99963,100,99876,100,99966,100,99865,100,99978,100,99832,100,100015,100,99814,100,100034,100,99752,100,100057,100,99708,100,100063,100,99610,100,100087,100,99446,100
2019-06-28 09:39:50.000000000,99909,198,99890,198,99918,198,99885,298,99963,198,99876,198,99966,198,99865,198,99978,100,99832,100,100015,100,99814,100,100034,100,99752,100,100057,100,99708,100,100063,100,99610,100,100087,100,99446,100
2019-06-28 09:40:00.000000000,99909,234,99890,234,99918,230,99885,330,99963,230,99876,230,99966,100,99865,100,99978,100,99832,100,100015,100,99814,100,100034,100,99752,100,100057,100,99708,100,100063,100,99610,100,100087,100,99446,100
2019-06-28 09:40:03.607583313,99909,234,99890,234,99918,230,99885,330,99963,230,99876,230,99966,100,99865,100,99978,100,99832,100,100015,100,99814,100,100034,100,99752,100,100057,100,99708,100,100063,100,99621,100,100087,100,99610,100
2019-06-28 09:40:10.000000000,99909,297,99890,297,99918,297,99885,397,99963,100,99876,100,99966,100,99865,100,99978,100,99832,100,100015,100,99814,100,100034,100,99752,100,100057,100,99708,100,100063,100,99621,100,100087,100,99610,100
2019-06-28 09:40:12.970399934,99909,297,99890,297,99918,297,99885,397,99963,100,99876,100,99966,100,99865,100,99978,100,99832,100,100015,100,99814,100,100034,100,99752,100,100057,100,99708,100,100087,100,99621,100,100094,100,99610,100
2019-06-28 09:40:20.000000000,99909,198,99890,198,99918,198,99885,298,99963,198,99876,198,99966,198,99865,198,99978,100,99832,100,100015,100,99814,100,100034,100,99752,100,100057,100,99708,100,100087,100,99621,100,100094,100,99610,100
2019-06-28 09:40:22.652162922,99909,198,99890,98,99918,198,99885,298,99963,198,99876,198,99966,198,99865,198,99978,100,99832,100,100015,100,99814,100,100034,100,99752,100,100057,100,99708,100,100087,100,99621,100,100094,100,99610,100
2019-06-28 09:40:25.714657430,99909,198,99890,98,99918,198,99885,298,99963,198,99876,198,99966,198,99865,198,99978,100,99832,100,100015,100,99814,100,100034,100,99752,100,100057,100,99708,100,100087,100,99621,100,100094,100,99610,100
2019-06-28 09:40:30.000000000,99909,179,99885,279,99918,179,99876,179,99963,179,99865,179,99966,179,99832,179,99978,179,99814,179,100015,100,99752,100,100034,100,99708,100,100057,100,99621,100,100087,100,99610,100,100094,100,99600,100
2019-06-28 09:40:40.000000000,99909,494,99885,594,99918,100,99876,100,99963,100,99865,100,99966,100,99832,100,99978,100,99814,100,100015,100,99752,100,100034,100,99708,100,100057,100,99621,100,100087,100,99610,100,100094,100,99600,100
2019-06-28 09:40:50.000000000,99909,179,99885,279,99918,179,99876,179,99963,179,99865,179,99966,179,99832,179,99978,179,99814,179,100015,100,99752,100,100034,100,99708,100,100057,100,99621,100,100087,100,99610,100,100094,100,99600,100
2019-06-28 09:40:51.717972915,99909,179,99885,279,99918,179,99876,179,99963,179,99865,179,99966,179,99832,179,99978,179,99814,179,100015,100,99752,100,100034,100,99708,100,100057,100,99621,100,100087,100,99612,100,100094,100,99610,100
2019-06-28 09:41:00.000000000,99909,234,99885,334,99918,230,99876,230,99963,230,99865,230,99966,100,99832,100,99978,100,99814,100,100015,100,99752,100,100034,100,99708,100,100057,100,99621,100,100087,100,99612,100,100094,100,99610,100
2019-06-28 09:41:10.000000000,99909,234,99885,334,99918,230,99876,230,99963,230,99865,230,99966,100,99832,100,99978,100,99814,100,100015,100,99752,100,100034,100,99708,100,100057,100,99621,100,100087,100,99612,100,100094,100,99610,100
2019-06-28 09:41:10.448736782,99909,134,99885,334,99918,230,99876,230,99963,230,99865,230,99966,100,99832,100,99978,100,99814,100,100015,100,99752,100,100057,100,99708,100,100087,100,99621,100,100094,100,99612,100,100096,100,99610,100
2019-06-28 09:41:11.206326084,99908,100,99885,334,99909,134,99876,230,99918,130,99865,230,99963,230,99832,100,99966,100,99814,100,99978,100,99752,100,100015,100,99708,100,100057,100,99621,100,100087,100,99612,100,100094,100,99610,100
2019-06-28 09:41:19.198794188,99908,100,99885,334,99909,134,99876,230,99918,130,99865,230,99963,230,99832,100,99966,100,99814,100,99978,100,99752,100,100015,100,99718,100,100057,100,99708,100,100087,100,99621,100,100094,100,99612,100
2019-06-28 09:41:20.000000000,99908,198,99885,298,99963,198,99876,198,99966,198,99865,198,99978,198,99832,198,100015,100,99814,100,100057,100,99752,100,100087,100,99718,100,100094,100,99708,100,100096,100,99621,100,100104,100,99612,100
2019-06-28 09:41:20.627157954,99908,198,99885,198,99963,198,99876,198,99966,198,99865,198,99978,198,99832,198,100015,100,99814,100,100057,100,99752,100,100087,100,99718,100,100094,100,99708,100,100096,100,99621,100,100104,100,99612,100
2019-06-28 09:41:28.197856016,99908,198,99885,98,99963,198,99876,198,99966,198,99865,198,99978,198,99832,198,100015,100,99814,100,100057,100,99752,100,100087,100,99718,100,100094,100,99708,100,100096,100,99621,100,100104,100,99612,100
2019-06-28 09:41:30.000000000,99908,297,99876,297,99963,297,99865,297,99966,100,99832,100,99978,100,99814,100,100015,100,99752,100,100057,100,99718,100,100087,100,99708,100,100094,100,99621,100,100096,100,99612,100,100104,100,99610,100
2019-06-28 09:41:31.979426293,99885,100,99876,297,99908,297,99865,297,99963,297,99832,100,99966,100,99814,100,99978,100,99752,100,100015,100,99718,100,100057,100,99708,100,100087,100,99621,100,100094,100,99612,100,100096,100,99610,100
2019-06-28 09:41:40.000000000,99885,234,99876,234,99908,230,99865,230,99963,230,99832,230,99966,100,99814,100,99978,100,99752,100,100015,100,99718,100,100057,100,99708,100,100087,100,99621,100,100094,100,99612,100,100096,100,99610,100
2019-06-28 09:41:50.000000000,99885,198,99876,198,99908,198,99865,198,99963,198,99832,198,99966,198,99814,198,99978,100,99752,100,100015,100,99718,100,100057,100,99708,100,100087,100,99621,100,100094,100,99612,100,100096,100,99610,100
2019-06-28 09:41:51.084576240,99885,198,99876,98,99908,198,99865,198,99963,198,99832,198,99966,198,99814,198,99978,100,99752,100,100015,100,99718,100,100057,100,99708,100,100087,100,99621,100,100094,100,99612,100,100096,100,99610,100
2019-06-28 09:42:00.000000000,99885,494,99865,494,99908,100,99832,100,99963,100,99814,100,99966,100,99752,100,99978,100,99718,100,100015,100,99708,100,100057,100,99621,100,100087,100,99612,100,100094,100,99610,100,100096,100,99600,100
2019-06-28 09:42:03.271523250,99884,100,99865,494,99885,494,99832,100,99908,100,99814,100,99963,100,99752,100,99966,100,99718,100,100015,100,99708,100,100057,100,99621,100,100087,100,99612,100,100094,100,99610,100,100096,100,99600,100
2019-06-28 09:42:10.000000000,99884,179,99865,179,99885,179,99832,179,99908,179,99814,179,99963,179,99752,179,99966,179,99718,179,100015,100,99708,100,100057,100,99621,100,100087,100,99612,100,100094,100,99610,100,100096,100,99600,100
2019-06-28 09:42:20.000000000,99884,297,99865,297,99885,297,99832,297,99908,100,99814,100,99963,100,99752,100,99966,100,99718,100,100015,100,99708,100,100057,100,99621,100,100087,100,99612,100,100094,100,99610,100,100096,100,99600,100
2019-06-28 09:42:30.000000000,99884,198,99865,198,99885,198,99832,198,99908,198,99814,198,99963,198,99752,198,99966,100,99718,100,100015,100,99708,100,100057,100,99621,100,100087,100,99612,100,100094,100,99610,100,100096,100,99600,100
2019-06-28 09:42:40.000000000,99884,297,99865,297,99885,297,99832,297,99908,100,99814,100,99963,100,99752,100,99966,100,99718,100,100015,100,99708,100,100057,100,99621,100,100087,100,99612,100,100094,100,99610,100,100096,100,99600,100
2019-06-28 09:42:45.093394641,99884,397,99865,297,99885,297,99832,297,99908,100,99814,100,99963,100,99752,100,99966,100,99718,100,100015,100,99708,100,100057,100,99621,100,100087,100,99612,100,100094,100,99610,100,100096,100,99600,100
2019-06-28 09:42:49.167189251,99884,397,99865,297,99885,297,99832,297,99908,100,99814,100,99963,100,99752,100,100015,100,99718,100,100057,100,99708,100,100087,100,99621,100,100094,100,99612,100,100096,100,99610,100,100104,100,99600,100
2019-06-28 09:42:50.000000000,99884,279,99865,179,99885,179,99832,179,99908,179,99814,179,99963,179,99752,179,100015,179,99718,179,100057,100,99708,100,100087,100,99621,100,100094,100,99612,100,100096,100,99610,100,100104,100,99600,100
2019-06-28 09:43:00.000000000,99884,334,99865,234,99885,230,99832,230,99908,230,99814,230,99963,100,99752,100,100015,100,99718,100,100057,100,99708,100,100087,100,99621,100,100094,100,99612,100,100096,100,99610,100,100104,100,99600,100
2019-06-28 09:43:10.000000000,99884,334,99865,234,99885,230,99832,230,99908,230,99814,230,99963,100,99752,100,100015,100,99718,100,100057,100,99708,100,100087,100,99621,100,100094,100,99612,100,100096,100,99610,100,100104,100,99600,100
2019-06-28 09:43:12.840203824,99884,434,99865,234,99885,230,99832,230,99908,230,99814,230,99963,100,99752,100,100057,100,99718,100,100087,100,99708,100,100094,100,99621,100,100096,100,99612,100,100104,100,99610,100,100153,100,99600,100
2019-06-28 09:43:20.000000000,99884,434,99865,234,99885,230,99832,230,99908,230,99814,230,99963,100,99752,100,100057,100,99718,100,100087,100,99708,100,100094,100,99621,100,100096,100,99612,100,100104,100,99610,100,100153,100,99600,100
2019-06-28 09:43:30.000000000,99884,694,99865,494,99885,100,99832,100,99908,100,99814,100,99963,100,99752,100,100057,100,99718,100,100087,100,99708,100,100094,100,99621,100,100096,100,99612,100,100104,100,99610,100,100153,100,99600,100
2019-06-28 09:43:31.238106253,99884,694,99865,394,99885,100,99832,100,99908,100,99814,100,99963,100,99752,100,100057,100,99718,100,100087,100,99708,100,100094,100,99621,100,100096,100,99612,100,100104,100,99610,100,100153,100,99600,100
2019-06-28 09:43:37.321992805,99884,694,99865,394,99885,100,99814,100,99908,100,99752,100,99963,100,99718,100,100057,100,99708,100,100087,100,99621,100,100094,100,99612,100,100096,100,99610,100,100104,100,99600,100,100153,100,99535,100
2019-06-28 09:43:40.000000000,99884,379,99814,179,99885,179,99752,179,99908,179,99718,179,99963,179,99708,179,100057,179,99621,179,100087,100,99612,100,100094,100,99610,100,100096,100,99600,100,100104,100,99535,100,100153,100,99446,100
2019-06-28 09:43:50.000000000,99884,398,99814,198,99885,198,99752,198,99908,198,99718,198,99963,198,99708,198,100057,100,99621,100,100087,100,99612,100,100094,100,99610,100,100096,100,99600,100,100104,100,99535,100,100153,100,99446,100
2019-06-28 09:44:00.000000000,99884,497,99814,297,99885,297,99752,297,99908,100,99718,100,99963,100,99708,100,100057,100,99621,100,100087,100,99612,100,100094,100,99610,100,100096,100,99600,100,100104,100,99535,100,100153,100,99446,100
2019-06-28 09:44:10.000000000,99884,398,99814,198,99885,198,99752,198,99908,198,99718,198,99963,198,99708,198,100057,100,99621,100,100087,100,99612,100,100094,100,99610,100,100096,100,99600,100,100104,100,99535,100,100153,100,99446,100
2019-06-28 09:44:20.000000000,99884,379,99814,179,99885,179,99752,179,99908,179,99718,179,99963,179,99708,179,100057,179,99621,179,100087,100,99612,100,100094,100,99610,100,100096,100,99600,100,100104,100,99535,100,100153,100,99446,100
2019-06-28 09:44:30.000000000,99884,497,99814,297,99885,297,99752,297,99908,100,99718,100,99963,100,99708,100,100057,100,99621,100,100087,100,99612,100,100094,100,99610,100,100096,100,99600,100,100104,100,99535,100,100153,100,99446,100
2019-06-28 09:44:31.007728550,99876,100,99814,297,99884,497,99752,297,99885,297,99718,100,99908,100,99708,100,99963,100,99621,100,100057,100,99612,100,100087,100,99610,100,100094,100,99600,100,100096,100,99535,100,100104,100,99446,100
2019-06-28 09:44:40.000000000,99876,179,99814,179,99884,379,99752,179,99885,179,99718,179,99908,179,99708,179,99963,179,99621,179,100057,100,99612,100,100087,100,99610,100,100094,100,99600,100,100096,100,99535,100,100104,100,99446,100
2019-06-28 09:44:50.000000000,99876,198,99814,198,99884,398,99752,198,99885,198,99718,198,99908,198,99708,198,99963,100,99621,100,100057,100,99612,100,100087,100,99610,100,100094,100,99600,100,100096,100,99535,100,100104,100,99446,100
2019-06-28 09:45:00.000000000,99876,297,99814,297,99884,497,99752,297,99885,100,99718,100,99908,100,99708,100,99963,100,99621,100,100057,100,99612,100,100087,100,99610,100,100094,100,99600,100,100096,100,99535,100,100104,100,99446,100
2019-06-28 09:45:05.663636420,99876,297,99814,297,99884,497,99752,297,99885,100,99718,100,99908,100,99708,100,99963,100,99621,100,100019,100,99612,100,100057,100,99610,100,100087,100,99600,100,100094,100,99535,100,100104,100,99446,100
2019-06-28 09:45:10.000000000,99876,494,99814,494,99884,300,99752,100,99885,100,99718,100,99908,100,99708,100,99963,100,99621,100,100019,100,99612,100,100057,100,99610,100,100087,100,99600,100,100094,100,99535,100,100104,100,99446,100
2019-06-28 09:45:15.524236315,99876,494,99814,494,99884,300,99752,100,99885,100,99718,100,99908,100,99708,100,99963,100,99621,100,100019,100,99612,100,100046,100,99610,100,100057,100,99600,100,100087,100,99535,100,100094,100,99446,100
2019-06-28 09:45:20.000000000,99876,297,99814,297,99884,497,99752,297,99885,100,99718,100,99908,100,99708,100,99963,100,99621,100,100019,100,99612,100,100046,100,99610,100,100057,100,99600,100,100087,100,99535,100,100094,100,99446,100
2019-06-28 09:45:30.000000000,99876,494,99814,494,99884,300,99752,100,99885,100,99718,100,99908,100,99708,100,99963,100,99621,100,100019,100,99612,100,100046,100,99610,100,100057,100,99600,100,100087,100,99535,100,100094,100,99446,100
2019-06-28 09:45:34.676260344,99876,494,99814,494,99884,300,99810,100,99885,100,99752,100,99908,100,99718,100,99963,100,99708,100,100019,100,99621,100,100046,100,99612,100,100057,100,99610,100,100087,100,99600,100,100094,100,99535,100
2019-06-28 09:45:38.525737255,99876,494,99814,494,99884,300,99810,100,99885,100,99752,100,99908,100,99742,100,99963,100,99718,100,100019,100,99708,100,100046,100,99621,100,100057,100,99612,100,100087,100,99610,100,100094,100,99600,100
2019-06-28 09:45:40.000000000,99876,494,99814,494,99884,300,99810,100,99885,100,99752,100,99908,100,99742,100,99963,100,99718,100,100019,100,99708,100,100046,100,99621,100,100057,100,99612,100,100087,100,99610,100,100094,100,99600,100
2019-06-28 09:45:50.000000000,99876,198,99814,198,99884,398,99810,198,99885,198,99752,198,99908,198,99742,198,99963,100,99718,100,100019,100,99708,100,100046,100,99621,100,100057,100,99612,100,100087,100,99610,100,100094,100,99600,100
2019-06-28 09:45:55.548387893,99876,198,99814,98,99884,398,99810,198,99885,198,99752,198,99908,198,99742,198,99963,100,99718,100,100019,100,99708,100,100057,100,99621,100,100087,100,99612,100,100094,100,99610,100,100104,100,99600,100
2019-06-28 09:46:00.000000000,99876,198,99810,198,99884,398,99752,198,99885,198,99742,198,99908,198,99718,198,99963,100,99708,100,100019,100,99621,100,100057,100,99612,100,100087,100,99610,100,100094,100,99600,100,100104,100,99535,100
2019-06-28 09:46:09.714062851,99876,198,99810,198,99884,298,99752,198,99885,198,99742,198,99908,198,99718,198,99963,100,99708,100,100019,100,99621,100,100057,100,99612,100,100087,100,99610,100,100094,100,99600,100,100104,100,99535,100
2019-06-28 09:46:10.000000000,99876,297,99810,297,99884,397,99752,297,99885,100,99742,100,99908,100,99718,100,99963,100,99708,100,100019,100,99621,100,100057,100,99612,100,100087,100,99610,100,100094,100,99600,100,100104,100,99535,100
2019-06-28 09:46:20.000000000,99876,179,99810,179,99884,279,99752,179,99885,179,99742,179,99908,179,99718,179,99963,179,99708,179,100019,100,99621,100,100057,100,99612,100,100087,100,99610,100,100094,100,99600,100,100104,100,99535,100
2019-06-28 09:46:21.286870621,99876,179,99866,100,99884,279,99810,179,99885,79,99752,179,99908,179,99742,179,99963,179,99718,179,100019,100,99708,179,100057,100,99621,100,100087,100,99612,100,100094,100,99610,100,100104,100,99600,100
2019-06-28 09:46:30.000000000,99876,179,99866,179,99884,279,99810,179,99908,179,99752,179,99963,179,99742,179,100019,179,99718,179,100057,100,99708,100,100087,100,99621,100,100094,100,99612,100,100104,100,99610,100,100153,100,99600,100
2019-06-28 09:46:40.000000000,99876,198,99866,198,99884,298,99810,198,99908,198,99752,198,99963,198,99742,198,100019,100,99718,100,100057,100,99708,100,100087,100,99621,100,100094,100,99612,100,100104,100,99610,100,100153,100,99600,100
2019-06-28 09:46:48.065684415,99876,198,99866,98,99884,298,99810,198,99908,198,99752,198,99963,198,99742,198,100019,100,99718,100,100057,100,99708,100,100087,100,99621,100,100094,100,99612,100,100104,100,99610,100,100153,100,99600,100
2019-06-28 09:46:50.000000000,99876,297,99810,297,99884,397,99752,297,99908,100,99742,100,99963,100,99718,100,100019,100,99708,100,100057,100,99621,100,100087,100,99612,100,100094,100,99610,100,100104,100,99600,100,100153,100,99535,100
2019-06-28 09:47:00.000000000,99876,198,99810,198,99884,298,99752,198,99908,198,99742,198,99963,198,99718,198,100019,100,99708,100,100057,100,99621,100,100087,100,99612,100,100094,100,99610,100,100104,100,99600,100,100153,100,99535,100
2019-06-28 09:47:10.000000000,99876,179,99810,179,99884,279,99752,179,99908,179,99742,179,99963,179,99718,179,100019,179,99708,179,100057,100,99621,100,100087,100,99612,100,100094,100,99610,100,100104,100,99600,100,100153,100,99535,100
2019-06-28 09:47:20.000000000,99876,494,99810,494,99884,200,99752,100,99908,100,99742,100,99963,100,99718,100,100019,100,99708,100,100057,100,99621,100,100087,100,99612,100,100094,100,99610,100,100104,100,99600,100,100153,100,99535,100
2019-06-28 09:47:21.951630743,99866,100,99810,494,99876,494,99752,100,99884,100,99742,100,99908,100,99718,100,99963,100,99708,100,100019,100,99621,100,100057,100,99612,100,100087,100,99610,100,100094,100,99600,100,100104,100,99535,100
2019-06-28 09:47:30.000000000,99866,494,99810,494,99876,100,99752,100,99884,100,99742,100,99908,100,99718,100,99963,100,99708,100,100019,100,99621,100,100057,100,99612,100,100087,100,99610,100,100094,100,99600,100,100104,100,99535,100
2019-06-28 09:47:34.457562902,99866,394,99810,494,99876,100,99752,100,99884,100,99742,100,99908,100,99718,100,99963,100,99708,100,100019,100,99621,100,100057,100,99612,100,100087,100,99610,100,100094,100,99600,100,100104,100,99535,100
2019-06-28 09:47:40.000000000,99876,234,99810,234,99884,230,99752,230,99908,230,99742,230,99963,100,99718,100,100019,100,99708,100,100057,100,99621,100,100087,100,99612,100,100094,100,99610,100,100104,100,99600,100,100153,100,99535,100
2019-06-28 09:47:50.000000000,99876,179,99810,179,99884,179,99752,179,99908,179,99742,179,99963,179,99718,179,100019,179,99708,179,100057,100,99621,100,100087,100,99612,100,100094,100,99610,100,100104,100,99600,100,100153,100,99535,100
2019-06-28 09:48:00.000000000,99876,494,99810,494,99884,100,99752,100,99908,100,99742,100,99963,100,99718,100,100019,100,99708,100,100057,100,99621,100,100087,100,99612,100,100094,100,99610,100,100104,100,99600,100,100153,100,99535,100
2019-06-28 09:48:04.684362157,99876,494,99810,394,99884,100,99752,100,99908,100,99742,100,99963,100,99718,100,100019,100,99708,100,100057,100,99621,100,100087,100,99612,100,100094,100,99610,100,100104,100,99600,100,100153,100,99535,100
2019-06-28 09:48:08.398208991,99876,494,99810,394,99884,100,99752,100,99908,100,99742,100,99963,100,99718,100,100019,100,99708,100,100057,100,99621,100,100087,100,99612,100,100094,100,99610,100,100104,100,99600,100,100153,100,99535,100
2019-06-28 09:48:10.000000000,99876,179,99752,179,99884,179,99742,179,99908,179,99718,179,99963,179,99708,179,100019,179,99621,179,100057,100,99612,100,100087,100,99610,100,100094,100,99600,100,100104,100,99535,100,100153,100,99446,100
2019-06-28 09:48:12.787734156,99876,179,99752,79,99884,179,99742,179,99908,179,99718,179,99963,179,99708,179,100019,179,99621,179,100057,100,99612,100,100087,100,99610,100,100094,100,99600,100,100104,100,99535,100,100153,100,99446,100
2019-06-28 09:48:20.000000000,99876,198,99742,198,99884,198,99718,198,99908,198,99708,198,99963,198,99621,198,100019,100,99612,100,100057,100,99610,100,100087,100,99600,100,100094,100,99535,100,100104,100,99446,100,100153,100,99218,100
2019-06-28 09:48:30.000000000,99876,179,99742,179,99884,179,99718,179,99908,179,99708,179,99963,179,99621,179,100019,179,99612,179,100057,100,99610,100,100087,100,99600,100,100094,100,99535,100,100104,100,99446,100,100153,100,99218,100
2019-06-28 09:48:40.000000000,99876,179,99742,179,99884,179,99718,179,99908,179,99708,179,99963,179,99621,179,100019,179,99612,179,100057,100,99610,100,100087,100,99600,100,100094,100,99535,100,100104,100,99446,100,100153,100,99218,100
2019-06-28 09:48:50.000000000,99876,234,99742,234,99884,230,99718,230,99908,230,99708,230,99963,100,99621,100,100019,100,99612,100,100057,100,99610,100,100087,100,99600,100,100094,100,99535,100,100104,100,99446,100,100153,100,99218,100
2019-06-28 09:48:50.575849669,99876,234,99742,134,99884,230,99718,230,99908,230,99708,230,99963,100,99621,100,100019,100,99612,100,100057,100,99610,100,100087,100,99600,100,100094,100,99535,100,100104,100,99446,100,100153,100,99218,100
2019-06-28 09:48:52.320712774,99752,100,99742,134,99876,234,99718,230,99884,230,99708,230,99908,230,99621,100,99963,100,99612,100,100019,100,99610,100,100057,100,99600,100,100087,100,99535,100,100094,100,99446,100,100104,100,99218,100
2019-06-28 09:49:00.000000000,99752,234,99718,234,99876,230,99708,230,99884,230,99621,230,99908,100,99612,100,99963,100,99610,100,100019,100,99600,100,100057,100,99535,100,100087,100,99446,100,100094,100,99218,100,100104,100,99139,100
2019-06-28 09:49:10.000000000,99752,297,99718,297,99876,297,99708,297,99884,100,99621,100,99908,100,99612,100,99963,100,99610,100,100019,100,99600,100,100057,100,99535,100,100087,100,99446,100,100094,100,99218,100,100104,100,99139,100
2019-06-28 09:49:20.000000000,99752,297,99718,297,99876,297,99708,297,99884,100,99621,100,99908,100,99612,100,99963,100,99610,100,100019,100,99600,100,100057,100,99535,100,100087,100,99446,100,100094,100,99218,100,100104,100,99139,100
2019-06-28 09:49:30.000000000,99752,198,99718,198,99876,198,99708,198,99884,198,99621,198,99908,198,99612,198,99963,100,99610,100,100019,100,99600,100,100057,100,99535,100,100087,100,99446,100,100094,100,99218,100,100104,100,99139,100
2019-06-28 09:49:39.310676305,99752,298,99718,198,99876,198,99708,198,99884,198,99621,198,99908,198,99612,198,99963,100,99610,100,100019,100,99600,100,100057,100,99535,100,100087,100,99446,100,100094,100,99218,100,100104,100,99139,100
2019-06-28 09:49:40.000000000,99752,298,99718,198,99876,198,99708,198,99884,198,99621,198,99908,198,99612,198,99963,100,99610,100,100019,100,99600,100,100057,100,99535,100,100087,100,99446,100,100094,100,99218,100,100104,100,99139,100
2019-06-28 09:49:50.000000000,99752,279,99718,179,99876,179,99708,179,99884,179,99621,179,99908,179,99612,179,99963,179,99610,179,100019,100,99600,100,100057,100,99535,100,100087,100,99446,100,100094,100,99218,100,100104,100,99139,100
2019-06-28 09:50:00.000000000,99752,279,99718,179,99876,179,99708,179,99884,179,99621,179,99908,179,99612,179,99963,179,99610,179,100019,100,99600,100,100057,100,99535,100,100087,100,99446,100,100094,100,99218,100,100104,100,99139,100
2019-06-28 09:50:10.000000000,99752,334,99718,234,99876,230,99708,230,99884,230,99621,230,99908,100,99612,100,99963,100,99610,100,100019,100,99600,100,100057,100,99535,100,100087,100,99446,100,100094,100,99218,100,100104,100,99139,100
2019-06-28 09:50:13.362928895,99752,434,99718,234,99876,230,99708,230,99884,230,99621,230,99908,100,99612,100,99963,100,99610,100,100019,100,99600,100,100057,100,99535,100,100087,100,99446,100,100094,100,99218,100,100104,100,99139,100
2019-06-28 09:50:15.629359371,99752,434,99718,134,99876,230,99708,230,99884,230,99621,230,99908,100,99612,100,99963,100,99610,100,100019,100,99600,100,100057,100,99535,100,100087,100,99446,100,100094,100,99218,100,100104,100,99139,100
2019-06-28 09:50:20.000000000,99752,398,99708,198,99876,198,99621,198,99884,198,99612,198,99908,198,99610,198,99963,100,99600,100,100019,100,99535,100,100057,100,99446,100,100087,100,99218,100,100094,100,99139,100,100104,100,99016,100
2019-06-28 09:50:30.000000000,99752,379,99708,179,99876,179,99621,179,99884,179,99612,179,99908,179,99610,179,99963,179,99600,179,100019,100,99535,100,100057,100,99446,100,100087,100,99218,100,100094,100,99139,100,100104,100,99016,100
2019-06-28 09:50:40.000000000,99752,379,99708,179,99876,179,99621,179,99884,179,99612,179,99908,179,99610,179,99963,179,99600,179,100019,100,99535,100,100057,100,99446,100,100087,100,99218,100,100094,100,99139,100,100104,100,99016,100
2019-06-28 09:50:40.866642658,99752,379,99708,79,99876,179,99621,179,99884,179,99612,179,99908,179,99610,179,99963,179,99600,179,100019,100,99446,100,100057,100,99218,100,100087,100,99139,100,100094,100,99016,100,100104,100,98955,100
2019-06-28 09:50:45.238657814,99752,379,99708,79,99876,179,99621,79,99884,179,99612,179,99908,179,99610,179,99963,179,99600,179,100019,100,99446,100,100057,100,99218,100,100087,100,99139,100,100094,100,99016,100,100104,100,98955,100
2019-06-28 09:50:50.000000000,99752,434,99612,234,99876,230,99610,230,99884,230,99600,230,99908,100,99446,100,99963,100,99218,100,100019,100,99139,100,100057,100,99016,100,100087,100,98955,100,100094,100,98913,100,100104,100,98471,100
2019-06-28 09:50:55.744520241,99718,100,99612,234,99752,434,99610,230,99876,230,99600,230,99884,230,99446,100,99963,100,99218,100,100019,100,99139,100,100057,100,99016,100,100087,100,98955,100,100094,100,98913,100,100104,100,98471,100
2019-06-28 09:51:00.000000000,99718,198,99612,198,99752,398,99610,198,99876,198,99600,198,99884,198,99446,198,99963,100,99218,100,100019,100,99139,100,100057,100,99016,100,100087,100,98955,100,100094,100,98913,100,100104,100,98471,100
2019-06-28 09:51:03.497635403,99718,198,99612,198,99752,398,99610,198,99876,198,99600,198,99884,198,99446,198,99963,100,99218,100,100019,100,99139,100,100057,100,99016,100,100087,100,98955,100,100094,100,98913,100,100104,100,98471,100
2019-06-28 09:51:09.611714228,99718,298,99612,198,99752,398,99610,198,99876,198,99600,198,99884,198,99446,198,99963,100,99218,100,100019,100,99139,100,100057,100,99016,100,100087,100,98955,100,100094,100,98913,100,100104,100,98471,100
2019-06-28 09:51:10.000000000,99718,594,99612,494,99752,300,99610,100,99876,100,99600,100,99884,100,99446,100,99963,100,99218,100,100019,100,99139,100,100057,100,99016,100,100087,100,98955,100,100094,100,98913,100,100104,100,98471,100
2019-06-28 09:51:11.697728911,99718,694,99612,494,99752,300,99610,100,99876,100,99600,100,99884,100,99446,100,99963,100,99218,100,100019,100,99139,100,100057,100,99016,100,100087,100,98955,100,100094,100,98913,100,100104,100,98471,100
2019-06-28 09:51:20.000000000,99718,694,99612,494,99752,300,99610,100,99876,100,99600,100,99884,100,99446,100,99963,100,99218,100,100019,100,99139,100,100057,100,99016,100,100087,100,98955,100,100094,100,98913,100,100104,100,98471,100
2019-06-28 09:51:28.062121953,99718,694,99612,394,99752,300,99610,100,99876,100,99600,100,99884,100,99446,100,99963,100,99218,100,100019,100,99139,100,100057,100,99016,100,100087,100,98955,100,100094,100,98913,100,100104,100,98471,100
2019-06-28 09:51:30.000000000,99718,497,99610,297,99752,497,99600,297,99876,100,99446,100,99884,100,99218,100,99963,100,99139,100,100019,100,99016,100,100057,100,98955,100,100087,100,98913,100,100094,100,98471,100,100104,100,98230,100
2019-06-28 09:51:33.544137791,99708,100,99610,297,99718,497,99600,297,99752,497,99446,100,99876,100,99218,100,99884,100,99139,100,100019,100,99016,100,100057,100,98955,100,100087,100,98913,100,100094,100,98471,100,100104,100,98230,100
2019-06-28 09:51:39.466374500,99708,100,99610,297,99718,497,99600,297,99752,497,99446,100,99876,100,99218,100,99884,100,99139,100,100019,100,99016,100,100057,100,98955,100,100087,100,98913,100,100094,100,98471,100,100104,100,98278,100
2019-06-28 09:51:40.000000000,99708,179,99610,179,99718,379,99600,179,99752,379,99446,179,99876,179,99218,179,99884,179,99139,179,100019,100,99016,100,100057,100,98955,100,100087,100,98913,100,100094,100,98471,100,100104,100,98278,100
2019-06-28 09:51:50.000000000,99708,494,99610,494,99718,300,99600,100,99752,300,99446,100,99876,100,99218,100,99884,100,99139,100,100019,100,99016,100,100057,100,98955,100,100087,100,98913,100,100094,100,98471,100,100104,100,98278,100
2019-06-28 09:52:00.000000000,99708,494,99610,494,99718,300,99600,100,99752,300,99446,100,99876,100,99218,100,99884,100,99139,100,100019,100,99016,100,100057,100,98955,100,100087,100,98913,100,100094,100,98471,100,100104,100,98278,100
2019-06-28 09:52:10.000000000,99708,234,99610,234,99718,430,99600,230,99752,430,99446,230,99876,100,99218,100,99884,100,99139,100,100019,100,99016,100,100057,100,98955,100,100087,100,98913,100,100094,100,98471,100,100104,100,98278,100
2019-06-28 09:52:20.000000000,99708,179,99610,179,99718,379,99600,179,99752,379,99446,179,99876,179,99218,179,99884,179,99139,179,100019,100,99016,100,100057,100,98955,100,100087,100,98913,100,100094,100,98471,100,100104,100,98278,100
2019-06-28 09:52:22.503092951,99708,179,99610,179,99718,379,99600,179,99752,379,99446,179,99876,179,99275,100,99884,179,99218,179,100019,100,99139,179,100057,100,99016,100,100087,100,98955,100,100104,100,98913,100,100153,100,98471,100
2019-06-28 09:52:26.863248168,99708,179,99610,79,99718,379,99600,179,99752,379,99446,179,99876,179,99275,100,99884,179,99218,179,100019,100,99139,179,100057,100,99016,100,100087,100,98955,100,100104,100,98913,100,100153,100,98471,100
2019-06-28 09:52:30.000000000,99708,297,99600,297,99718,497,99446,297,99752,300,99275,100,99876,100,99218,100,99884,100,99139,100,100019,100,99016,100,100057,100,98955,100,100087,100,98913,100,100104,100,98471,100,100153,100,98278,100
2019-06-28 09:52:40.000000000,99708,297,99600,297,99718,497,99446,297,99752,300,99275,100,99876,100,99218,100,99884,100,99139,100,100019,100,99016,100,100057,100,98955,100,100087,100,98913,100,100104,100,98471,100,100153,100,98278,100
2019-06-28 09:52:50.000000000,99708,297,99600,297,99718,497,99446,297,99752,300,99275,100,99876,100,99218,100,99884,100,99139,100,100019,100,99016,100,100057,100,98955,100,100087,100,98913,100,100104,100,98471,100,100153,100,98278,100
2019-06-28 09:52:55.271257310,99708,297,99600,197,99718,497,99446,297,99752,300,99275,100,99876,100,99218,100,99884,100,99139,100,100019,100,99016,100,100057,100,98955,100,100087,100,98913,100,100104,100,98471,100,100153,100,98278,100
2019-06-28 09:53:00.000000000,99708,179,99446,179,99718,379,99275,179,99752,379,99218,179,99876,179,99139,179,99884,179,99016,179,100019,100,98955,100,100057,100,98913,100,100087,100,98471,100,100104,100,98278,100,100153,100,98230,100
2019-06-28 09:53:10.000000000,99708,179,99446,179,99718,379,99275,179,99752,379,99218,179,99876,179,99139,179,99884,179,99016,179,100019,100,98955,100,100057,100,98913,100,100087,100,98471,100,100104,100,98278,100,100153,100,98230,100
2019-06-28 09:53:20.000000000,99708,198,99446,198,99718,398,99275,198,99752,398,99218,198,99876,198,99139,198,99884,100,99016,100,100019,100,98955,100,100057,100,98913,100,100087,100,98471,100,100104,100,98278,100,100153,100,98230,100
2019-06-28 09:53:28.053122498,99610,100,99446,198,99708,198,99275,198,99718,398,99218,198,99752,398,99139,198,99876,198,99016,100,99884,100,98955,100,100019,100,98913,100,100057,100,98471,100,100087,100,98278,100,100104,100,98230,100
2019-06-28 09:53:30.000000000,99610,198,99446,198,99708,198,99275,198,99718,398,99218,198,99752,398,99139,198,99876,100,99016,100,99884,100,98955,100,100019,100,98913,100,100057,100,98471,100,100087,100,98278,100,100104,100,98230,100
2019-06-28 09:53:40.000000000,99610,179,99446,179,99708,179,99275,179,99718,379,99218,179,99752,379,99139,179,99876,179,99016,179,99884,100,98955,100,100019,100,98913,100,100057,100,98471,100,100087,100,98278,100,100104,100,98230,100
2019-06-28 09:53:50.000000000,99610,494,99446,494,99708,100,99275,100,99718,300,99218,100,99752,300,99139,100,99876,100,99016,100,99884,100,98955,100,100019,100,98913,100,100057,100,98471,100,100087,100,98278,100,100104,100,98230,100
2019-06-28 09:53:57.769427936,99610,494,99446,394,99708,100,99275,100,99718,300,99218,100,99752,300,99139,100,99876,100,99016,100,99884,100,98955,100,100019,100,98913,100,100057,100,98471,100,100087,100,98278,100,100104,100,98230,100
2019-06-28 09:53:59.535636554,99600,100,99446,394,99610,494,99275,100,99708,100,99218,100,99718,300,99139,100,99752,300,99016,100,99876,100,98955,100,99884,100,98913,100,100019,100,98471,100,100057,100,98278,100,100087,100,98230,100
2019-06-28 09:54:00.000000000,99600,234,99275,234,99610,230,99218,230,99708,230,99139,230,99718,300,99016,100,99752,300,98955,100,99876,100,98913,100,99884,100,98471,100,100019,100,98278,100,100057,100,98230,100,100087,100,,
2019-06-28 09:54:01.835949952,99600,234,99275,234,99610,230,99218,130,99708,230,99139,230,99718,300,99028,100,99752,300,99016,100,99876,100,98955,100,99884,100,98913,100,100019,100,98471,100,100057,100,98278,100,100087,100,98230,100
2019-06-28 09:54:02.362434989,99600,234,99275,234,99610,230,99218,130,99708,230,99139,230,99718,300,99119,100,99752,300,99028,100,99876,100,98955,100,99884,100,98913,100,100019,100,98471,100,100057,100,98278,100,100087,100,98230,100
2019-06-28 09:54:10.000000000,99600,494,99275,494,99610,100,99139,100,99708,100,99119,100,99718,300,99028,100,99752,300,98955,100,99876,100,98913,100,99884,100,98471,100,100019,100,98278,100,100057,100,98230,100,100087,100,,
2019-06-28 09:54:20.000000000,99600,494,99275,494,99610,100,99139,100,99708,100,99119,100,99718,300,99028,100,99752,300,98955,100,99876,100,98913,100,99884,100,98471,100,100019,100,98278,100,100057,100,98230,100,100087,100,,
2019-06-28 09:54:25.173171996,99600,494,99275,494,99610,100,99140,100,99708,100,99139,100,99718,300,99119,100,99752,300,99028,100,99876,100,98955,100,99884,100,98913,100,100019,100,98471,100,100057,100,98278,100,100087,100,98230,100
2019-06-28 09:54:28.018845558,99600,494,99275,494,99610,100,99142,100,99708,100,99140,100,99718,300,99139,100,99752,300,99119,100,99876,100,99028,100,99884,100,98955,100,100019,100,98913,100,100057,100,98471,100,100087,100,98230,100
2019-06-28 09:54:30.000000000,99600,198,99275,198,99610,198,99142,198,99708,198,99140,198,99718,398,99139,198,99752,300,99119,100,99876,100,99028,100,99884,100,98955,100,100019,100,98913,100,100057,100,98471,100,100087,100,98230,100
2019-06-28 09:54:31.787494563,99600,198,99275,198,99610,198,99257,100,99708,198,99142,198,99718,398,99140,198,99752,300,99139,198,99876,100,99119,100,99884,100,99028,100,100019,100,98955,100,100057,100,98913,100,100087,100,98471,100
2019-06-28 09:54:37.043836374,99600,198,99275,198,99610,198,99257,100,99708,198,99142,198,99718,398,99140,198,99752,300,99139,198,99876,100,99119,100,99884,100,99028,100,100019,100,99008,100,100057,100,98955,100,100087,100,98913,100
2019-06-28 09:54:40.000000000,99600,234,99275,234,99610,230,99257,230,99708,230,99142,230,99718,300,99140,100,99752,300,99139,100,99876,100,99119,100,99884,100,99028,100,100019,100,99008,100,100057,100,98955,100,100087,100,98913,100
2019-06-28 09:54:50.000000000,99600,198,99275,198,99610,198,99257,198,99708,198,99142,198,99718,398,99140,198,99752,300,99139,100,99876,100,99119,100,99884,100,99028,100,100019,100,99008,100,100057,100,98955,100,100087,100,98913,100
2019-06-28 09:55:00.000000000,99600,494,99275,494,99610,100,99257,100,99708,100,99142,100,99718,300,99140,100,99752,300,99139,100,99876,100,99119,100,99884,100,99028,100,100019,100,99008,100,100057,100,98955,100,100087,100,98913,100
2019-06-28 09:55:05.332401825,99600,494,99275,494,99610,100,99257,100,99676,100,99142,100,99708,100,99140,100,99718,300,99139,100,99752,300,99119,100,99876,100,99028,100,99884,100,99008,100,100019,100,98955,100,100057,100,98913,100
2019-06-28 09:55:10.000000000,99600,198,99275,198,99610,198,99257,198,99676,198,99142,198,99708,198,99140,198,99718,300,99139,100,99752,300,99119,100,99876,100,99028,100,99884,100,99008,100,100019,100,98955,100,100057,100,98913,100
2019-06-28 09:55:13.681343586,99600,198,99275,198,99610,198,99257,198,99676,198,99142,198,99708,198,99140,198,99718,300,99139,100,99748,100,99119,100,99752,300,99028,100,99876,100,99008,100,99884,100,98955,100,100019,100,98913,100
2019-06-28 09:55:13.980501927,99600,198,99584,100,99610,198,99275,198,99676,198,99257,198,99708,198,99142,198,99718,300,99140,198,99748,100,99139,100,99752,300,99119,100,99876,100,99028,100,99884,100,99008,100,100019,100,98955,100
2019-06-28 09:55:20.000000000,99600,297,99584,297,99610,297,99275,297,99676,100,99257,100,99708,100,99142,100,99718,300,99140,100,99748,100,99139,100,99752,300,99119,100,99876,100,99028,100,99884,100,99008,100,100019,100,98955,100
2019-06-28 09:55:21.067093003,99600,297,99584,297,99610,297,99275,297,99676,100,99257,100,99708,100,99142,100,99718,300,99140,100,99748,100,99139,100,99752,300,99119,100,99863,100,99028,100,99876,100,99008,100,99884,100,98955,100
2019-06-28 09:55:30.000000000,99600,494,99584,494,99610,100,99275,100,99676,100,99257,100,99708,100,99142,100,99718,300,99140,100,99748,100,99139,100,99752,300,99119,100,99863,100,99028,100,99876,100,99008,100,99884,100,98955,100
2019-06-28 09:55:40.000000000,99600,297,99584,297,99610,297,99275,297,99676,100,99257,100,99708,100,99142,100,99718,300,99140,100,99748,100,99139,100,99752,300,99119,100,99863,100,99028,100,99876,100,99008,100,99884,100,98955,100
2019-06-28 09:55:50.000000000,99600,179,99584,179,99610,179,99275,179,99676,179,99257,179,99708,179,99142,179,99718,379,99140,179,99748,100,99139,100,99752,300,99119,100,99863,100,99028,100,99876,100,99008,100,99884,100,98955,100
2019-06-28 09:56:00.000000000,99600,494,99584,494,99610,100,99275,100,99676,100,99257,100,99708,100,99142,100,99718,300,99140,100,99748,100,99139,100,99752,300,99119,100,99863,100,99028,100,99876,100,99008,100,99884,100,98955,100
2019-06-28 09:56:01.978991850,99600,494,99584,494,99610,100,99275,100,99676,100,99257,100,99708,100,99142,100,99718,300,99140,100,99748,100,99139,100,99752,300,99119,100,99863,100,99028,100,99876,100,99008,100,99884,100,98955,100
2019-06-28 09:56:10.000000000,99600,297,99584,297,99610,297,99275,297,99676,100,99257,100,99708,100,99142,100,99718,300,99140,100,99748,100,99139,100,99752,300,99119,100,99863,100,99028,100,99876,100,99008,100,99884,100,98955,100
2019-06-28 09:56:17.026420295,99600,297,99584,297,99610,197,99275,297,99676,100,99257,100,99708,100,99142,100,99718,300,99140,100,99748,100,99139,100,99752,300,99119,100,99863,100,99028,100,99876,100,99008,100,99884,100,98955,100
2019-06-28 09:56:20.000000000,99600,297,99584,297,99676,297,99275,297,99708,100,99257,100,99718,300,99142,100,99748,100,99140,100,99752,300,99139,100,99863,100,99119,100,99876,100,99028,100,99884,100,99008,100,99938,100,98955,100
2019-06-28 09:56:20.455380995,99600,197,99584,297,99676,297,99275,297,99708,100,99257,100,99718,300,99142,100,99748,100,99140,100,99752,300,99139,100,99863,100,99119,100,99876,100,99028,100,99884,100,99008,100,99938,100,98955,100
2019-06-28 09:56:30.000000000,99676,179,99584,179,99708,179,99275,179,99718,379,99257,179,99748,179,99142,179,99752,379,99140,179,99863,100,99139,100,99876,100,99119,100,99884,100,99028,100,99938,100,99008,100,100019,100,98955,100
2019-06-28 09:56:40.000000000,99676,297,99584,297,99708,297,99275,297,99718,300,99257,100,99748,100,99142,100,99752,300,99140,100,99863,100,99139,100,99876,100,99119,100,99884,100,99028,100,99938,100,99008,100,100019,100,98955,100
2019-06-28 09:56:45.227493640,99676,197,99584,197,99708,297,99275,297,99718,300,99257,100,99748,100,99142,100,99752,300,99140,100,99863,100,99139,100,99876,100,99119,100,99884,100,99028,100,99938,100,99008,100,100019,100,98955,100
2019-06-28 09:56:50.000000000,99708,234,99275,234,99718,430,99257,230,99748,230,99142,230,99752,300,99140,100,99863,100,99139,100,99876,100,99119,100,99884,100,99028,100,99938,100,99008,100,100019,100,98955,100,100057,100,98913,100
2019-06-28 09:56:53.539193788,99708,234,99275,234,99718,430,99257,230,99748,230,99142,230,99752,300,99140,100,99863,100,99139,100,99876,100,99028,100,99884,100,99008,100,99938,100,98955,100,100019,100,98913,100,100057,100,98471,100
2019-06-28 09:56:54.085502369,99708,234,99275,234,99718,430,99257,230,99748,230,99142,230,99752,200,99140,100,99863,100,99139,100,99876,100,99028,100,99884,100,99008,100,99938,100,98955,100,100019,100,98913,100,100057,100,98471,100
2019-06-28 09:57:00.000000000,99708,494,99275,494,99718,300,99257,100,99748,100,99142,100,99752,200,99140,100,99863,100,99139,100,99876,100,99028,100,99884,100,99008,100,99938,100,98955,100,100019,100,98913,100,100057,100,98471,100
2019-06-28 09:57:04.581331508,99708,494,99275,494,99718,300,99257,100,99748,100,99142,100,99752,200,99140,100,99863,100,99139,100,99876,100,99028,100,99884,100,99008,100,99938,100,98955,100,100019,100,98913,100,100057,100,98471,100
2019-06-28 09:57:08.918476835,99708,494,99275,494,99718,300,99257,100,99748,100,99142,100,99752,200,99140,100,99863,100,99139,100,99876,100,99028,100,99884,100,99008,100,99938,100,98955,100,100019,100,98913,100,100057,100,98471,100
2019-06-28 09:57:10.000000000,99708,179,99275,179,99718,379,99257,179,99748,179,99142,179,99752,279,99140,179,99863,179,99139,179,99876,100,99028,100,99884,100,99008,100,99938,100,98955,100,100019,100,98913,100,100057,100,98471,100
2019-06-28 09:57:18.765370021,99708,179,99275,179,99718,379,99257,179,99748,179,99142,179,99752,279,99140,179,99863,179,99139,179,99876,100,99028,100,99884,100,99008,100,99938,100,98955,100,100019,100,98913,100,100057,100,98471,100
2019-06-28 09:57:20.000000000,99708,494,99275,494,99718,300,99257,100,99748,100,99142,100,99752,200,99140,100,99863,100,99139,100,99876,100,99028,100,99884,100,99008,100,99938,100,98955,100,100019,100,98913,100,100057,100,98471,100
2019-06-28 09:57:24.952816290,99708,494,99275,494,99718,300,99257,100,99748,100,99140,100,99752,200,99139,100,99863,100,99028,100,99876,100,99008,100,99884,100,98955,100,99938,100,98913,100,100019,100,98471,100,100057,100,98230,100
2019-06-28 09:57:30.000000000,99708,234,99275,234,99718,430,99257,230,99748,230,99140,230,99752,200,99139,100,99863,100,99028,100,99876,100,99008,100,99884,100,98955,100,99938,100,98913,100,100019,100,98471,100,100057,100,98230,100
2019-06-28 09:57:40.000000000,99708,234,99275,234,99718,430,99257,230,99748,230,99140,230,99752,200,99139,100,99863,100,99028,100,99876,100,99008,100,99884,100,98955,100,99938,100,98913,100,100019,100,98471,100,100057,100,98230,100
2019-06-28 09:57:48.363083564,99708,234,99481,100,99718,430,99275,134,99748,230,99257,230,99752,200,99140,230,99863,100,99139,100,99876,100,99028,100,99884,100,99008,100,99938,100,98955,100,100019,100,98913,100,100057,100,98471,100
2019-06-28 09:57:50.000000000,99708,297,99481,297,99718,497,99257,297,99748,100,99140,100,99752,200,99139,100,99863,100,99028,100,99876,100,99008,100,99884,100,98955,100,99938,100,98913,100,100019,100,98471,100,100057,100,98230,100
2019-06-28 09:58:00.000000000,99708,179,99481,179,99718,379,99257,179,99748,179,99140,179,99752,279,99139,179,99863,179,99028,179,99876,100,99008,100,99884,100,98955,100,99938,100,98913,100,100019,100,98471,100,100057,100,98230,100
2019-06-28 09:58:08.030864928,99708,179,99481,179,99718,379,99466,100,99748,179,99257,179,99752,279,99140,179,99863,179,99139,179,99876,100,99028,179,99884,100,99008,100,100019,100,98955,100,100057,100,98913,100,100067,100,98471,100
2019-06-28 09:58:10.000000000,99708,234,99481,234,99718,430,99466,230,99748,230,99257,230,99752,200,99140,100,99863,100,99139,100,99876,100,99028,100,99884,100,99008,100,100019,100,98955,100,100057,100,98913,100,100067,100,98471,100
2019-06-28 09:58:20.000000000,99708,297,99481,297,99718,497,99466,297,99748,100,99257,100,99752,200,99140,100,99863,100,99139,100,99876,100,99028,100,99884,100,99008,100,100019,100,98955,100,100057,100,98913,100,100067,100,98471,100
2019-06-28 09:58:29.978713814,99708,297,99481,297,99718,397,99466,297,99748,100,99257,100,99752,200,99140,100,99863,100,99139,100,99876,100,99028,100,99884,100,99008,100,100019,100,98955,100,100057,100,98913,100,100067,100,98471,100
2019-06-28 09:58:30.000000000,99708,297,99481,297,99718,397,99466,297,99748,100,99257,100,99752,200,99140,100,99863,100,99139,100,99876,100,99028,100,99884,100,99008,100,100019,100,98955,100,100057,100,98913,100,100067,100,98471,100
2019-06-28 09:58:34.579835642,99708,297,99600,100,99718,397,99481,297,99748,100,99466,297,99752,200,99257,100,99863,100,99140,100,99876,100,99139,100,99884,100,99028,100,100019,100,99008,100,100057,100,98955,100,100067,100,98913,100
2019-06-28 09:58:40.000000000,99708,494,99600,494,99718,200,99481,100,99748,100,99466,100,99752,200,99257,100,99863,100,99140,100,99876,100,99139,100,99884,100,99028,100,100019,100,99008,100,100057,100,98955,100,100067,100,98913,100
2019-06-28 09:58:50.000000000,99708,297,99600,297,99718,397,99481,297,99748,100,99466,100,99752,200,99257,100,99863,100,99140,100,99876,100,99139,100,99884,100,99028,100,100019,100,99008,100,100057,100,98955,100,100067,100,98913,100
2019-06-28 09:59:00.000000000,99708,198,99600,198,99718,298,99481,198,99748,198,99466,198,99752,298,99257,198,99863,100,99140,100,99876,100,99139,100,99884,100,99028,100,100019,100,99008,100,100057,100,98955,100,100067,100,98913,100
2019-06-28 09:59:01.213839901,99708,198,99600,198,99718,298,99481,198,99748,198,99475,100,99752,298,99466,198,99863,100,99257,198,99876,100,99140,100,99884,100,99139,100,100019,100,99028,100,100057,100,99008,100,100067,100,98955,100
2019-06-28 09:59:10.000000000,99708,198,99600,198,99718,298,99481,198,99748,198,99475,198,99752,298,99466,198,99863,100,99257,100,99876,100,99140,100,99884,100,99139,100,100019,100,99028,100,100057,100,99008,100,100067,100,98955,100
2019-06-28 09:59:17.846773530,99634,100,99600,198,99708,198,99481,198,99718,298,99475,198,99748,198,99466,198,99752,298,99257,100,99863,100,99140,100,99876,100,99139,100,99884,100,99028,100,100019,100,99008,100,100057,100,98955,100
2019-06-28 09:59:20.000000000,99634,179,99600,179,99708,179,99481,179,99718,279,99475,179,99748,179,99466,179,99752,279,99257,179,99863,100,99140,100,99876,100,99139,100,99884,100,99028,100,100019,100,99008,100,100057,100,98955,100
2019-06-28 09:59:30.000000000,99634,179,99600,179,99708,179,99481,179,99718,279,99475,179,99748,179,99466,179,99752,279,99257,179,99863,100,99140,100,99876,100,99139,100,99884,100,99028,100,100019,100,99008,100,100057,100,98955,100
2019-06-28 09:59:39.672644599,99634,179,99600,179,99708,179,99481,179,99718,279,99475,179,99748,179,99466,179,99752,279,99457,100,99863,100,99257,179,99876,100,99140,100,99884,100,99139,100,100019,100,99028,100,100057,100,99008,100
2019-06-28 09:59:40.000000000,99634,179,99600,179,99708,179,99481,179,99718,279,99475,179,99748,179,99466,179,99752,279,99457,179,99863,100,99257,100,99876,100,99140,100,99884,100,99139,100,100019,100,99028,100,100057,100,99008,100
2019-06-28 09:59:50.000000000,99634,494,99600,494,99708,100,99481,100,99718,200,99475,100,99748,100,99466,100,99752,200,99457,100,99863,100,99257,100,99876,100,99140,100,99884,100,99139,100,100019,100,99028,100,100057,100,99008,100
2019-06-28 09:59:54.472938358,99634,494,99600,494,99708,100,99481,100,99718,100,99475,100,99748,100,99466,100,99752,200,99457,100,99863,100,99257,100,99876,100,99140,100,99884,100,99139,100,100019,100,99028,100,100057,100,99008,100
2019-06-28 09:59:55.760366167,99634,494,99600,494,99718,100,99481,100,99748,100,99475,100,99752,200,99466,100,99863,100,99457,100,99876,100,99257,100,99884,100,99140,100,100019,100,99139,100,100057,100,99028,100,100067,100,99008,100
2019-06-28 10:00:00.000000000,99634,234,99600,234,99718,230,99481,230,99748,230,99475,230,99752,200,99466,100,99863,100,99457,100,99876,100,99257,100,99884,100,99140,100,100019,100,99139,100,100057,100,99028,100,100067,100,99008,100
2019-06-28 10:00:10.000000000,99634,297,99600,297,99718,297,99481,297,99748,100,99475,100,99752,200,99466,100,99863,100,99457,100,99876,100,99257,100,99884,100,99140,100,100019,100,99139,100,100057,100,99028,100,100067,100,99008,100
2019-06-28 10:00:20.000000000,99634,179,99600,179,99718,179,99481,179,99748,179,99475,179,99752,279,99466,179,99863,179,99457,179,99876,100,99257,100,99884,100,99140,100,100019,100,99139,100,100057,100,99028,100,100067,100,99008,100
2019-06-28 10:00:26.236136736,99634,179,99600,79,99718,179,99481,179,99748,179,99475,179,99752,279,99466,179,99863,179,99457,179,99876,100,99257,100,99884,100,99140,100,100019,100,99139,100,100057,100,99028,100,100067,100,99008,100
2019-06-28 10:00:30.000000000,99634,297,99481,297,99718,297,99475,297,99748,100,99466,100,99752,200,99457,100,99863,100,99257,100,99876,100,99140,100,99884,100,99139,100,100019,100,99028,100,100057,100,99008,100,100067,100,98955,100
2019-06-28 10:00:32.628096203,99634,297,99481,297,99718,297,99475,297,99748,100,99466,100,99752,200,99457,100,99863,100,99298,100,99876,100,99257,100,99884,100,99140,100,100019,100,99139,100,100057,100,99028,100,100067,100,99008,100
2019-06-28 10:00:38.961486731,99501,100,99481,297,99634,297,99475,297,99718,297,99466,100,99748,100,99457,100,99752,200,99257,100,99863,100,99140,100,99876,100,99139,100,99884,100,99028,100,100019,100,99008,100,100057,100,98955,100
2019-06-28 10:00:40.000000000,99501,297,99481,297,99634,297,99475,297,99718,100,99466,100,99748,100,99457,100,99752,200,99257,100,99863,100,99140,100,99876,100,99139,100,99884,100,99028,100,100019,100,99008,100,100057,100,98955,100
2019-06-28 10:00:40.072637715,99501,297,99481,297,99634,297,99475,297,99675,100,99466,100,99718,100,99457,100,99748,100,99257,100,99752,100,99140,100,99863,100,99139,100,99876,100,99028,100,99884,100,99008,100,100019,100,98955,100
2019-06-28 10:00:50.000000000,99501,234,99481,234,99634,230,99475,230,99675,230,99466,230,99718,100,99457,100,99748,100,99257,100,99752,100,99140,100,99863,100,99139,100,99876,100,99028,100,99884,100,99008,100,100019,100,98955,100
2019-06-28 10:00:53.799659762,99501,234,99481,234,99633,100,99475,230,99634,230,99466,230,99675,130,99457,100,99718,100,99257,100,99748,100,99140,100,99752,100,99139,100,99863,100,99028,100,99876,100,99008,100,99884,100,98955,100
2019-06-28 10:01:00.000000000,99501,297,99481,297,99633,297,99475,297,99634,100,99466,100,99718,100,99457,100,99748,100,99257,100,99752,100,99140,100,99863,100,99139,100,99876,100,99028,100,99884,100,99008,100,100019,100,98955,100
2019-06-28 10:01:10.000000000,99501,297,99481,297,99633,297,99475,297,99634,100,99466,100,99718,100,99457,100,99748,100,99257,100,99752,100,99140,100,99863,100,99139,100,99876,100,99028,100,99884,100,99008,100,100019,100,98955,100
2019-06-28 10:01:14.417238124,99501,197,99481,297,99633,297,99475,297,99634,100,99466,100,99718,100,99457,100,99748,100,99257,100,99752,100,99140,100,99863,100,99139,100,99876,100,99028,100,99884,100,99008,100,100019,100,98955,100
2019-06-28 10:01:20.000000000,99633,179,99481,179,99634,179,99475,179,99718,179,99466,179,99748,179,99457,179,99752,179,99257,179,99863,100,99140,100,99876,100,99139,100,99884,100,99028,100,100019,100,99008,100,100057,100,98955,100
2019-06-28 10:01:30.000000000,99633,494,99481,494,99634,100,99475,100,99718,100,99466,100,99748,100,99457,100,99752,100,99257,100,99863,100,99140,100,99876,100,99139,100,99884,100,99028,100,100019,100,99008,100,100057,100,98955,100
2019-06-28 10:01:40.000000000,99633,494,99481,494,99634,100,99475,100,99718,100,99466,100,99748,100,99457,100,99752,100,99257,100,99863,100,99140,100,99876,100,99139,100,99884,100,99028,100,100019,100,99008,100,100057,100,98955,100
2019-06-28 10:01:45.904931261,99633,494,99481,494,99634,100,99475,100,99718,100,99466,100,99748,100,99457,100,99752,100,99257,100,99863,100,99147,100,99876,100,99140,100,99884,100,99139,100,100019,100,99028,100,100057,100,99008,100
2019-06-28 10:01:48.019740839,99633,494,99481,494,99634,100,99475,100,99718,100,99466,100,99748,100,99457,100,99752,100,99327,100,99863,100,99257,100,99876,100,99147,100,99884,100,99140,100,100019,100,99139,100,100057,100,99028,100
2019-06-28 10:01:50.000000000,99633,297,99481,297,99634,297,99475,297,99718,100,99466,100,99748,100,99457,100,99752,100,99327,100,99863,100,99257,100,99876,100,99147,100,99884,100,99140,100,100019,100,99139,100,100057,100,99028,100
2019-06-28 10:01:51.431865220,99633,297,99481,297,99634,297,99475,297,99718,100,99466,100,99748,100,99457,100,99752,100,99327,100,99863,100,99288,100,99876,100,99257,100,99884,100,99147,100,100019,100,99140,100,100057,100,99139,100
2019-06-28 10:02:00.000000000,99633,494,99481,494,99634,100,99475,100,99718,100,99466,100,99748,100,99457,100,99752,100,99327,100,99863,100,99288,100,99876,100,99257,100,99884,100,99147,100,100019,100,99140,100,100057,100,99139,100
2019-06-28 10:02:10.000000000,99633,494,99481,494,99634,100,99475,100,99718,100,99466,100,99748,100,99457,100,99752,100,99327,100,99863,100,99288,100,99876,100,99257,100,99884,100,99147,100,100019,100,99140,100,100057,100,99139,100
2019-06-28 10:02:20.000000000,99633,297,99481,297,99634,297,99475,297,99718,100,99466,100,99748,100,99457,100,99752,100,99327,100,99863,100,99288,100,99876,100,99257,100,99884,100,99147,100,100019,100,99140,100,100057,100,99139,100
2019-06-28 10:02:30.000000000,99633,234,99481,234,99634,230,99475,230,99718,230,99466,230,99748,100,99457,100,99752,100,99327,100,99863,100,99288,100,99876,100,99257,100,99884,100,99147,100,100019,100,99140,100,100057,100,99139,100
2019-06-28 10:02:40.000000000,99633,234,99481,234,99634,230,99475,230,99718,230,99466,230,99748,100,99457,100,99752,100,99327,100,99863,100,99288,100,99876,100,99257,100,99884,100,99147,100,100019,100,99140,100,100057,100,99139,100
2019-06-28 10:02:48.821775755,99633,234,99481,234,99634,230,99475,230,99663,100,99466,230,99718,230,99457,100,99748,100,99327,100,99752,100,99288,100,99863,100,99257,100,99876,100,99147,100,99884,100,99140,100,100019,100,99139,100
2019-06-28 10:02:50.000000000,99633,494,99481,494,99634,100,99475,100,99663,100,99466,100,99718,100,99457,100,99748,100,99327,100,99752,100,99288,100,99863,100,99257,100,99876,100,99147,100,99884,100,99140,100,100019,100,99139,100
2019-06-28 10:03:00.000000000,99633,494,99481,494,99634,100,99475,100,99663,100,99466,100,99718,100,99457,100,99748,100,99327,100,99752,100,99288,100,99863,100,99257,100,99876,100,99147,100,99884,100,99140,100,100019,100,99139,100
2019-06-28 10:03:10.000000000,99633,234,99481,234,99634,230,99475,230,99663,230,99466,230,99718,100,99457,100,99748,100,99327,100,99752,100,99288,100,99863,100,99257,100,99876,100,99147,100,99884,100,99140,100,100019,100,99139,100
2019-06-28 10:03:12.451333491,99633,134,99481,234,99634,230,99475,230,99663,230,99466,230,99718,100,99457,100,99748,100,99327,100,99752,100,99288,100,99863,100,99257,100,99876,100,99147,100,99884,100,99140,100,100019,100,99139,100
2019-06-28 10:03:20.000000000,99634,198,99481,198,99663,198,99475,198,99718,198,99466,198,99748,198,99457,198,99752,100,99327,100,99863,100,99288,100,99876,100,99257,100,99884,100,99147,100,100019,100,99140,100,100057,100,99139,100
2019-06-28 10:03:28.924675778,99634,198,99616,100,99663,198,99481,198,99718,198,99475,198,99748,198,99466,198,99752,100,99457,198,99863,100,99327,100,99876,100,99288,100,99884,100,99257,100,100019,100,99147,100,100057,100,99140,100
2019-06-28 10:03:30.000000000,99634,494,99616,494,99663,100,99481,100,99718,100,99475,100,99748,100,99466,100,99752,100,99457,100,99863,100,99327,100,99876,100,99288,100,99884,100,99257,100,100019,100,99147,100,100057,100,99140,100
2019-06-28 10:03:40.000000000,99634,198,99616,198,99663,198,99481,198,99718,198,99475,198,99748,198,99466,198,99752,100,99457,100,99863,100,99327,100,99876,100,99288,100,99884,100,99257,100,100019,100,99147,100,100057,100,99140,100
2019-06-28 10:03:40.975777942,99634,198,99616,198,99663,198,99601,100,99718,198,99481,198,99748,198,99475,198,99863,100,99466,198,99876,100,99457,100,99884,100,99327,100,100019,100,99288,100,100057,100,99257,100,100067,100,99147,100
2019-06-28 10:03:50.000000000,99634,297,99616,297,99663,297,99601,297,99718,100,99481,100,99748,100,99475,100,99863,100,99466,100,99876,100,99457,100,99884,100,99327,100,100019,100,99288,100,100057,100,99257,100,100067,100,99147,100
2019-06-28 10:04:00.000000000,99634,198,99616,198,99663,198,99601,198,99718,198,99481,198,99748,198,99475,198,99863,100,99466,100,99876,100,99457,100,99884,100,99327,100,100019,100,99288,100,100057,100,99257,100,100067,100,99147,100
2019-06-28 10:04:10.000000000,99634,234,99616,234,99663,230,99601,230,99718,230,99481,230,99748,100,99475,100,99863,100,99466,100,99876,100,99457,100,99884,100,99327,100,100019,100,99288,100,100057,100,99257,100,100067,100,99147,100
2019-06-28 10:04:17.617562736,99634,134,99616,234,99663,230,99601,230,99718,230,99481,230,99748,100,99475,100,99863,100,99466,100,99876,100,99457,100,99884,100,99327,100,100019,100,99288,100,100057,100,99257,100,100067,100,99147,100
2019-06-28 10:04:20.000000000,99663,297,99616,297,99718,297,99601,297,99748,100,99481,100,99863,100,99475,100,99876,100,99466,100,99884,100,99457,100,100019,100,99327,100,100057,100,99288,100,100067,100,99257,100,100087,100,99147,100
2019-06-28 10:04:23.457839240,99663,297,99616,297,99718,297,99601,297,99748,100,99481,100,99863,100,99475,100,99876,100,99466,100,99884,100,99457,100,100019,100,99327,100,100057,100,99288,100,100067,100,99257,100,100087,100,99147,100
2019-06-28 10:04:28.120644725,99663,297,99617,100,99718,297,99616,297,99748,100,99601,297,99863,100,99481,100,99876,100,99475,100,99884,100,99466,100,100019,100,99457,100,100057,100,99327,100,100067,100,99288,100,100087,100,99257,100
2019-06-28 10:04:30.000000000,99663,179,99617,179,99718,179,99616,179,99748,179,99601,179,99863,179,99481,179,99876,179,99475,179,99884,100,99466,100,100019,100,99457,100,100057,100,99327,100,100067,100,99288,100,100087,100,99257,100
2019-06-28 10:04:38.140847590,99663,179,99617,179,99718,179,99616,179,99748,179,99601,179,99863,179,99481,179,99876,179,99475,179,99884,100,99466,100,100019,100,99457,100,100057,100,99327,100,100067,100,99288,100,100087,100,99257,100
2019-06-28 10:04:40.000000000,99663,179,99617,179,99718,179,99616,179,99748,179,99601,179,99863,179,99481,179,99876,179,99475,179,99884,100,99466,100,100019,100,99457,100,100057,100,99327,100,100067,100,99288,100,100087,100,99257,100
2019-06-28 10:04:48.585504763,99663,79,99617,179,99718,179,99616,179,99748,179,99601,179,99863,179,99481,179,99876,179,99475,179,99884,100,99466,100,100019,100,99457,100,100057,100,99327,100,100067,100,99288,100,100087,100,99257,100
2019-06-28 10:04:50.000000000,99718,198,99617,198,99748,198,99616,198,99863,198,99601,198,99876,198,99481,198,99884,100,99475,100,100019,100,99466,100,100057,100,99457,100,100067,100,99327,100,100087,100,99288,100,100153,100,99257,100
2019-06-28 10:04:59.418880081,99718,198,99634,100,99748,198,99617,198,99863,198,99616,198,99876,198,99601,198,99884,100,99481,198,100019,100,99475,100,100057,100,99466,100,100067,100,99457,100,100087,100,99327,100,100153,100,99288,100
2019-06-28 10:05:00.000000000,99718,234,99634,234,99748,230,99617,230,99863,230,99616,230,99876,100,99601,100,99884,100,99481,100,100019,100,99475,100,100057,100,99466,100,100067,100,99457,100,100087,100,99327,100,100153,100,99288,100
2019-06-28 10:05:05.610230209,99718,234,99634,334,99748,230,99617,230,99863,230,99616,230,99876,100,99601,100,99884,100,99481,100,100019,100,99475,100,100057,100,99466,100,100067,100,99457,100,100087,100,99327,100,100153,100,99288,100
2019-06-28 10:05:10.000000000,99718,179,99634,279,99748,179,99617,179,99863,179,99616,179,99876,179,99601,179,99884,179,99481,179,100019,100,99475,100,100057,100,99466,100,100067,100,99457,100,100087,100,99327,100,100153,100,99288,100
2019-06-28 10:05:19.381493120,99718,79,99634,279,99748,179,99617,179,99863,179,99616,179,99876,179,99601,179,99884,179,99481,179,100019,100,99475,100,100057,100,99466,100,100067,100,99457,100,100087,100,99327,100,100153,100,99288,100
2019-06-28 10:05:20.000000000,99748,494,99634,594,99863,100,99617,100,99876,100,99616,100,99884,100,99601,100,100019,100,99481,100,100057,100,99475,100,100067,100,99466,100,100087,100,99457,100,100153,100,99327,100,100180,100,99288,100
2019-06-28 10:05:24.705313659,99748,494,99634,594,99863,100,99617,100,99876,100,99616,100,99884,100,99601,100,100019,100,99481,100,100057,100,99475,100,100067,100,99466,100,100087,100,99457,100,100153,100,99327,100,100180,100,99288,100
2019-06-28 10:05:30.000000000,99748,198,99634,298,99863,198,99617,198,99876,198,99616,198,99884,198,99601,198,100019,100,99481,100,100057,100,99475,100,100067,100,99466,100,100087,100,99457,100,100153,100,99327,100,100180,100,99288,100
2019-06-28 10:05:40.000000000,99748,179,99634,279,99863,179,99617,179,99876,179,99616,179,99884,179,99601,179,100019,179,99481,179,100057,100,99475,100,100067,100,99466,100,100087,100,99457,100,100153,100,99327,100,100180,100,99288,100
2019-06-28 10:05:44.937215492,99748,179,99663,100,99863,179,99634,279,99876,179,99617,179,99884,179,99616,179,100019,179,99601,179,100057,100,99481,179,100067,100,99475,100,100087,100,99466,100,100153,100,99457,100,100180,100,99327,100
2019-06-28 10:05:49.770185745,99748,179,99663,200,99863,179,99634,279,99876,179,99617,179,99884,179,99616,179,100019,179,99601,179,100057,100,99481,179,100067,100,99475,100,100087,100,99466,100,100153,100,99457,100,100180,100,99327,100
2019-06-28 10:05:50.000000000,99748,179,99663,279,99863,179,99634,279,99876,179,99617,179,99884,179,99616,179,100019,179,99601,179,100057,100,99481,100,100067,100,99475,100,100087,100,99466,100,100153,100,99457,100,100180,100,99327,100
2019-06-28 10:06:00.000000000,99748,297,99663,397,99863,297,99634,397,99876,100,99617,100,99884,100,99616,100,100019,100,99601,100,100057,100,99481,100,100067,100,99475,100,100087,100,99466,100,100153,100,99457,100,100180,100,99327,100
2019-06-28 10:06:02.325179032,99748,297,99663,397,99863,297,99634,397,99876,100,99617,100,99884,100,99616,100,100019,100,99601,100,100057,100,99481,100,100067,100,99475,100,100087,100,99466,100,100153,100,99457,100,100180,100,99327,100
2019-06-28 10:06:10.000000000,99748,234,99663,334,99863,230,99634,330,99876,230,99617,230,99884,100,99616,100,100019,100,99601,100,100057,100,99481,100,100067,100,99475,100,100087,100,99466,100,100153,100,99457,100,100180,100,99327,100
2019-06-28 10:06:16.914260373,99748,234,99663,334,99863,230,99634,330,99876,230,99617,230,99884,100,99616,100,100019,100,99601,100,100057,100,99481,100,100067,100,99475,100,100087,100,99466,100,100153,100,99457,100,100180,100,99327,100
2019-06-28 10:06:19.120312382,99748,234,99663,334,99863,230,99634,330,99876,230,99617,230,99884,100,99616,100,100019,100,99601,100,100057,100,99481,100,100087,100,99475,100,100153,100,99466,100,100180,100,99457,100,100209,100,99327,100
2019-06-28 10:06:20.000000000,99748,494,99663,594,99863,100,99634,200,99876,100,99617,100,99884,100,99616,100,100019,100,99601,100,100057,100,99481,100,100087,100,99475,100,100153,100,99466,100,100180,100,99457,100,100209,100,99327,100
2019-06-28 10:06:29.794000844,99748,394,99663,594,99863,100,99634,200,99876,100,99617,100,99884,100,99616,100,100019,100,99601,100,100057,100,99481,100,100087,100,99475,100,100153,100,99466,100,100180,100,99457,100,100209,100,99327,100
2019-06-28 10:06:30.000000000,99863,198,99663,298,99876,198,99634,298,99884,198,99617,198,100019,198,99616,198,100057,100,99601,100,100087,100,99481,100,100153,100,99475,100,100180,100,99466,100,100209,100,99457,100,100375,100,99327,100
2019-06-28 10:06:40.000000000,99863,297,99663,397,99876,297,99634,397,99884,100,99617,100,100019,100,99616,100,100057,100,99601,100,100087,100,99481,100,100153,100,99475,100,100180,100,99466,100,100209,100,99457,100,100375,100,99327,100
2019-06-28 10:06:40.474808183,99863,297,99718,100,99876,297,99663,397,99884,100,99634,397,100019,100,99617,100,100057,100,99616,100,100087,100,99601,100,100153,100,99481,100,100180,100,99475,100,100209,100,99466,100,100375,100,99457,100
2019-06-28 10:06:46.296220919,99863,297,99718,100,99876,297,99663,397,99884,100,99634,397,100019,100,99616,100,100057,100,99601,100,100087,100,99481,100,100153,100,99475,100,100180,100,99466,100,100209,100,99457,100,100375,100,99327,100
2019-06-28 10:06:50.000000000,99863,179,99718,179,99876,179,99663,279,99884,179,99634,279,100019,179,99616,179,100057,179,99601,179,100087,100,99481,100,100153,100,99475,100,100180,100,99466,100,100209,100,99457,100,100375,100,99327,100
2019-06-28 10:07:00.000000000,99863,179,99718,179,99876,179,99663,279,99884,179,99634,279,100019,179,99616,179,100057,179,99601,179,100087,100,99481,100,100153,100,99475,100,100180,100,99466,100,100209,100,99457,100,100375,100,99327,100
2019-06-28 10:07:10.000000000,99863,494,99718,494,99876,100,99663,200,99884,100,99634,200,100019,100,99616,100,100057,100,99601,100,100087,100,99481,100,100153,100,99475,100,100180,100,99466,100,100209,100,99457,100,100375,100,99327,100
2019-06-28 10:07:20.000000000,99863,297,99718,297,99876,297,99663,397,99884,100,99634,200,100019,100,99616,100,100057,100,99601,100,100087,100,99481,100,100153,100,99475,100,100180,100,99466,100,100209,100,99457,100,100375,100,99327,100
2019-06-28 10:07:30.000000000,99863,297,99718,297,99876,297,99663,397,99884,100,99634,200,100019,100,99616,100,100057,100,99601,100,100087,100,99481,100,100153,100,99475,100,100180,100,99466,100,100209,100,99457,100,100375,100,99327,100
2019-06-28 10:07:40.000000000,99863,179,99718,179,99876,179,99663,279,99884,179,99634,279,100019,179,99616,179,100057,179,99601,179,100087,100,99481,100,100153,100,99475,100,100180,100,99466,100,100209,100,99457,100,100375,100,99327,100
2019-06-28 10:07:46.222436405,99863,179,99718,179,99876,179,99663,279,99884,179,99634,279,100019,179,99616,179,100057,179,99601,179,100087,100,99481,100,100153,100,99475,100,100180,100,99466,100,100209,100,99457,100,100375,100,99327,100
2019-06-28 10:07:50.000000000,99863,297,99718,297,99876,297,99663,397,99884,100,99634,200,100019,100,99616,100,100057,100,99601,100,100087,100,99481,100,100153,100,99475,100,100180,100,99466,100,100209,100,99457,100,100375,100,99327,100
2019-06-28 10:08:00.000000000,99863,297,99718,297,99876,297,99663,397,99884,100,99634,200,100019,100,99616,100,100057,100,99601,100,100087,100,99481,100,100153,100,99475,100,100180,100,99466,100,100209,100,99457,100,100375,100,99327,100
2019-06-28 10:08:00.734798390,99863,297,99718,297,99876,297,99663,397,99884,100,99634,200,100019,100,99616,100,100057,100,99601,100,100087,100,99481,100,100153,100,99475,100,100180,100,99466,100,100209,100,99457,100,100375,100,99327,100
2019-06-28 10:08:10.000000000,99863,234,99718,234,99876,230,99663,330,99884,230,99634,330,100019,100,99616,100,100057,100,99601,100,100087,100,99481,100,100153,100,99475,100,100180,100,99466,100,100209,100,99457,100,100375,100,99327,100
2019-06-28 10:08:11.479142715,99863,134,99718,234,99876,230,99663,330,99884,230,99634,330,100019,100,99616,100,100057,100,99601,100,100087,100,99481,100,100153,100,99475,100,100180,100,99466,100,100209,100,99457,100,100375,100,99327,100
2019-06-28 10:08:20.000000000,99876,494,99718,494,99884,100,99663,200,100019,100,99634,200,100057,100,99616,100,100087,100,99601,100,100153,100,99481,100,100180,100,99475,100,100209,100,99466,100,100375,100,99457,100,100432,100,99327,100
2019-06-28 10:08:30.000000000,99876,297,99718,297,99884,297,99663,397,100019,100,99634,200,100057,100,99616,100,100087,100,99601,100,100153,100,99481,100,100180,100,99475,100,100209,100,99466,100,100375,100,99457,100,100432,100,99327,100
