,ask_price_1,ask_size_1,bid_price_1,bid_size_1,ask_price_2,ask_size_2,bid_price_2,bid_size_2,ask_price_3,ask_size_3,bid_price_3,bid_size_3,ask_price_4,ask_size_4,bid_price_4,bid_size_4,ask_price_5,ask_size_5,bid_price_5,bid_size_5,ask_price_6,ask_size_6,bid_price_6,bid_size_6,ask_price_7,ask_size_7,bid_price_7,bid_size_7,ask_price_8,ask_size_8,bid_price_8,bid_size_8,ask_price_9,ask_size_9,bid_price_9,bid_size_9,ask_price_10,ask_size_10,bid_price_10,bid_size_10
2019-06-28 09:30:00.000000000,100068,100,99967,100,,,,,,,,,,,,,,,,,,,,,,,,,,,,,,,,,,,,
2019-06-28 09:30:00.000000001,100044,100,99967,100,100068,100,,,,,,,,,,,,,,,,,,,,,,,,,,,,,,,,,,
2019-06-28 09:30:00.000000002,100006,100,99967,100,100044,100,,,100068,100,,,100069,100,,,,,,,,,,,,,,,,,,,,,,,,,,
2019-06-28 09:30:00.000000003,100006,100,99967,100,100044,100,,,100068,100,,,100069,100,,,100183,100,,,,,,,,,,,,,,,,,,,,,,
2019-06-28 09:30:00.000000004,100006,100,99967,100,100044,100,99939,100,100058,100,,,100068,100,,,100069,100,,,100183,100,,,,,,,,,,,,,,,,,,
2019-06-28 09:30:00.000000006,100044,100,99967,100,100058,100,99939,100,100068,100,,,100069,100,,,100102,100,,,100183,100,,,,,,,,,,,,,,,,,,
2019-06-28 09:30:00.000000008,100037,100,99967,100,100044,100,99939,100,100058,100,,,100068,100,,,100069,100,,,100102,100,,,100183,100,,,,,,,,,,,,,,
2019-06-28 09:30:00.000000010,100037,100,99967,100,100044,100,99939,100,100058,100,,,100064,100,,,100068,100,,,100069,100,,,100102,100,,,100183,100,,,,,,,,,,
2019-06-28 09:30:00.000000012,100037,100,99967,100,100044,100,99939,100,100058,100,99810,100,100064,100,99802,100,100068,100,,,100069,100,,,100102,100,,,100183,100,,,,,,,,,,
2019-06-28 09:30:00.000000015,100037,100,99967,100,100044,100,99939,100,100058,100,99845,100,100064,100,99810,100,100068,100,99802,100,100069,100,,,100102,100,,,100183,100,,,,,,,,,,
2019-06-28 09:30:00.000000018,100037,100,99967,100,100044,100,99939,100,100058,100,99845,100,100064,100,99810,100,100068,100,99802,100,100069,100,,,100089,100,,,100102,100,,,100183,100,,,,,,
2019-06-28 09:30:00.000000024,100034,100,99967,100,100037,100,99939,100,100044,100,99845,100,100058,100,99810,100,100064,100,99802,100,100068,100,,,100069,100,,,100089,100,,,100102,100,,,100183,100,,
2019-06-28 09:30:00.000000025,100034,100,99967,100,100037,100,99939,100,100044,100,99845,100,100058,100,99810,100,100060,100,99802,100,100064,100,,,100068,100,,,100069,100,,,100089,100,,,100102,100,,
2019-06-28 09:30:00.000000026,100034,100,99967,100,100037,100,99939,100,100044,100,99934,100,100058,100,99845,100,100060,100,99810,100,100064,100,99802,100,100068,100,,,100069,100,,,100089,100,,,100102,100,,
2019-06-28 09:30:00.000000027,100034,100,99967,100,100037,100,99939,100,100044,100,99934,100,100058,100,99859,100,100060,100,99845,100,100064,100,99810,100,100068,100,99802,100,100069,100,,,100089,100,,,100102,100,,
2019-06-28 09:30:00.000000028,100027,100,99967,100,100034,100,99939,100,100037,100,99934,100,100044,100,99859,100,100058,100,99845,100,100060,100,99810,100,100064,100,99802,100,100068,100,,,100069,100,,,100089,100,,
2019-06-28 09:30:00.000000030,100027,100,99967,100,100034,100,99939,100,100037,100,99934,100,100044,100,99889,100,100058,100,99859,100,100060,100,99845,100,100062,100,99810,100,100064,100,99802,100,100068,100,,,100069,100,,
2019-06-28 09:30:00.000000031,100027,100,99992,100,100034,100,99967,100,100037,100,99939,100,100044,100,99934,100,100058,100,99889,100,100060,100,99859,100,100062,100,99845,100,100064,100,99810,100,100068,100,99802,100,100069,100,,
2019-06-28 09:30:00.000000033,100027,100,99992,100,100034,100,99967,100,100037,100,99939,100,100044,100,99934,100,100058,100,99889,100,100060,100,99859,100,100062,100,99845,100,100064,100,99810,100,100068,100,99802,100,100069,100,,
2019-06-28 09:30:00.000000035,100027,100,99992,100,100034,100,99967,100,100037,100,99939,100,100044,100,99934,100,100058,100,99898,100,100060,100,99889,100,100062,100,99859,100,100064,100,99845,100,100068,100,99810,100,100069,100,99802,100
2019-06-28 09:30:00.000000036,100034,100,99992,100,100037,100,99967,100,100044,100,99939,100,100058,100,99938,100,100060,100,99934,100,100062,100,99898,100,100064,100,99889,100,100068,100,99859,100,100069,100,99845,100,100089,100,99810,100
2019-06-28 09:30:00.000000039,100027,100,99992,100,100034,100,99967,100,100037,100,99939,100,100044,100,99938,100,100058,100,99934,100,100060,100,99898,100,100062,100,99889,100,100064,100,99859,100,100068,100,99845,100,100069,100,99810,100
2019-06-28 09:30:00.000000040,100027,100,100006,100,100034,100,99992,100,100037,100,99967,100,100044,100,99939,100,100058,100,99938,100,100060,100,99934,100,100062,100,99898,100,100064,100,99889,100,100068,100,99859,100,100069,100,99845,100
2019-06-28 09:30:00.000000047,100034,100,100006,100,100037,100,99992,100,100044,100,99967,100,100058,100,99939,100,100060,100,99938,100,100062,100,99934,100,100064,100,99898,100,100068,100,99889,100,100069,100,99859,100,100089,100,99845,100
2019-06-28 09:30:00.000000048,100034,100,100006,100,100037,100,99992,100,100044,100,99967,100,100058,100,99939,100,100060,100,99938,100,100062,100,99934,100,100064,100,99898,100,100068,100,99889,100,100069,100,99859,100,100083,100,99845,100
2019-06-28 09:30:00.000000049,100034,100,100006,100,100037,100,99992,100,100044,100,99967,100,100058,100,99939,100,100060,100,99938,100,100062,100,99934,100,100064,100,99898,100,100068,100,99889,100,100069,100,99859,100,100083,100,99845,100
2019-06-28 09:30:00.000000050,100027,100,100006,100,100034,100,99992,100,100037,100,99967,100,100044,100,99939,100,100058,100,99938,100,100060,100,99934,100,100062,100,99898,100,100064,100,99889,100,100068,100,99859,100,100069,100,99845,100
2019-06-28 09:30:00.000000055,100016,100,100006,100,100027,100,99992,100,100034,100,99967,100,100037,100,99939,100,100044,100,99938,100,100058,100,99934,100,100060,100,99898,100,100062,100,99889,100,100064,100,99859,100,100068,100,99855,100
2019-06-28 09:30:00.000000057,100016,100,100006,100,100027,100,99992,100,100034,100,99967,100,100037,100,99951,100,100044,100,99939,100,100058,100,99938,100,100060,100,99934,100,100062,100,99898,100,100064,100,99889,100,100068,100,99859,100
2019-06-28 09:30:00.000000058,100016,100,100006,100,100027,100,99992,100,100034,100,99967,100,100037,100,99951,100,100044,100,99939,100,100058,100,99938,100,100060,100,99934,100,100062,100,99898,100,100064,100,99892,100,100068,100,99889,100
2019-06-28 09:30:00.000000059,100016,100,100006,100,100027,100,99992,100,100034,100,99967,100,100037,100,99951,100,100044,100,99939,100,100058,100,99938,100,100060,100,99934,100,100062,100,99898,100,100064,100,99892,100,100068,100,99889,100
2019-06-28 09:30:00.000000061,100016,100,100006,100,100027,100,99992,100,100034,100,99967,100,100037,100,99951,100,100044,100,99939,100,100058,100,99938,100,100060,100,99934,100,100062,100,99898,100,100064,100,99892,100,100068,100,99889,100
2019-06-28 09:30:00.000000062,100016,100,100006,100,100027,100,99992,100,100034,100,99967,100,100037,100,99951,100,100044,100,99939,100,100058,100,99938,100,100060,100,99934,100,100062,100,99898,100,100064,100,99892,100,100068,100,99889,100
2019-06-28 09:30:00.000000064,100015,100,100006,100,100016,100,99992,100,100027,100,99967,100,100034,100,99951,100,100037,100,99939,100,100044,100,99938,100,100058,100,99934,100,100060,100,99898,100,100062,100,99892,100,100064,100,99889,100
2019-06-28 09:30:00.000000065,100015,100,100006,200,100016,100,99992,100,100027,100,99967,100,100034,100,99951,100,100037,100,99939,100,100044,100,99938,100,100058,100,99934,100,100060,100,99898,100,100062,100,99892,100,100064,100,99889,100
2019-06-28 09:30:00.000000068,100015,100,100006,200,100016,100,99992,100,100027,100,99977,100,100034,100,99967,100,100037,100,99951,100,100044,100,99939,100,100058,100,99938,100,100060,100,99934,100,100062,100,99898,100,100064,100,99892,100
2019-06-28 09:30:00.000000069,100015,100,100006,100,100016,100,99992,100,100027,100,99977,100,100034,100,99967,100,100037,100,99951,100,100044,100,99939,100,100058,100,99938,100,100060,100,99934,100,100062,100,99898,100,100064,100,99892,100
2019-06-28 09:30:00.000000074,100015,100,99992,100,100016,100,99977,100,100027,100,99967,100,100034,100,99951,100,100037,100,99939,100,100044,100,99938,100,100058,100,99934,100,100060,100,99898,100,100062,100,99892,100,100064,100,99889,100
2019-06-28 09:30:00.000000077,100015,100,99992,100,100016,100,99977,100,100027,100,99967,100,100034,100,99951,100,100037,100,99940,100,100044,100,99939,100,100058,100,99938,100,100060,100,99934,100,100062,100,99898,100,100064,100,99892,100
2019-06-28 09:30:00.000000078,100015,100,100006,100,100016,100,99992,100,100027,100,99977,100,100034,100,99967,100,100037,100,99951,100,100044,100,99940,100,100058,100,99939,100,100060,100,99938,100,100062,100,99934,100,100064,100,99898,100
2019-06-28 09:30:00.000000079,100015,100,100006,100,100016,100,99992,100,100027,100,99977,100,100034,100,99967,100,100037,100,99951,100,100044,100,99940,100,100058,100,99939,100,100060,100,99938,100,100062,100,99934,100,100064,100,99898,100
2019-06-28 09:30:00.000000080,100015,100,99992,100,100016,100,99977,100,100027,100,99967,100,100034,100,99951,100,100037,100,99940,100,100044,100,99939,100,100058,100,99938,100,100060,100,99934,100,100062,100,99919,100,100064,100,99898,100
2019-06-28 09:30:00.000000082,100015,100,99992,100,100016,100,99977,100,100027,100,99967,100,100034,100,99951,100,100037,100,99940,100,100044,100,99939,100,100058,100,99938,100,100060,100,99934,100,100062,100,99919,100,100064,200,99898,100
2019-06-28 09:30:00.000000085,100015,100,99992,100,100016,100,99977,100,100027,100,99967,100,100034,100,99951,100,100037,100,99940,100,100044,100,99939,100,100058,100,99938,100,100060,100,99934,100,100062,100,99919,100,100064,200,99898,100
2019-06-28 09:30:00.000000086,100015,100,99992,100,100016,100,99977,100,100027,100,99967,100,100034,100,99951,100,100037,100,99941,100,100044,100,99940,100,100058,100,99939,100,100060,100,99938,100,100062,100,99934,100,100064,200,99919,100
2019-06-28 09:30:00.000000087,100015,100,100006,100,100016,100,99992,100,100027,100,99977,100,100034,100,99967,100,100037,100,99951,100,100044,100,99941,100,100058,100,99940,100,100060,100,99939,100,100062,100,99938,100,100064,200,99934,100
2019-06-28 09:30:00.000000088,100015,100,100006,100,100016,100,99992,100,100027,100,99977,100,100034,100,99967,100,100037,100,99951,100,100044,100,99941,100,100058,100,99940,100,100060,100,99939,100,100062,100,99938,100,100064,200,99934,100
2019-06-28 09:30:00.000000090,100015,100,100006,100,100016,100,99992,100,100027,100,99977,100,100034,100,99967,100,100037,100,99951,100,100044,100,99941,100,100058,100,99940,100,100060,100,99939,100,100062,100,99938,100,100064,200,99934,100
2019-06-28 09:30:00.000000093,100015,100,100006,100,100016,100,99992,100,100027,100,99977,100,100034,100,99967,100,100037,100,99951,100,100044,100,99941,100,100058,100,99940,100,100060,100,99939,100,100062,100,99938,100,100064,200,99934,100
2019-06-28 09:30:00.000000095,100015,100,100006,100,100016,100,99992,100,100027,100,99977,100,100034,100,99967,100,100037,100,99951,100,100044,100,99941,100,100058,100,99940,100,100060,100,99939,100,100062,100,99938,100,100064,200,99934,100
2019-06-28 09:30:00.000000098,100015,100,100006,100,100016,100,99992,100,100027,100,99977,100,100034,100,99967,100,100037,100,99951,100,100044,100,99941,100,100058,100,99940,100,100060,100,99939,100,100062,100,99938,100,100064,200,99934,100
2019-06-28 09:30:00.000000099,100015,100,99992,100,100016,100,99977,100,100027,100,99967,100,100034,100,99951,100,100037,100,99941,100,100044,100,99940,100,100058,100,99939,100,100060,100,99938,100,100062,100,99934,100,100064,200,99919,100
2019-06-28 09:30:06.525625384,100015,100,99992,100,100016,100,99977,100,100027,100,99967,100,100034,100,99951,100,100037,100,99941,100,100044,100,99940,100,100058,100,99939,100,100060,100,99938,100,100062,100,99934,100,100064,200,99933,100
2019-06-28 09:30:10.000000000,100015,346,99992,346,100016,346,99977,346,100027,100,99967,100,100034,100,99951,100,100037,100,99941,100,100044,100,99940,100,100058,100,99939,100,100060,100,99938,100,100062,100,99934,100,100064,200,99933,100
2019-06-28 09:30:20.000000000,100015,346,99992,346,100016,346,99977,346,100027,100,99967,100,100034,100,99951,100,100037,100,99941,100,100044,100,99940,100,100058,100,99939,100,100060,100,99938,100,100062,100,99934,100,100064,200,99933,100
2019-06-28 09:30:30.000000000,100015,592,99992,592,100016,100,99977,100,100027,100,99967,100,100034,100,99951,100,100037,100,99941,100,100044,100,99940,100,100058,100,99939,100,100060,100,99938,100,100062,100,99934,100,100064,200,99933,100
2019-06-28 09:30:35.302255068,100015,592,99992,592,100016,100,99977,100,100027,100,99967,100,100034,100,99951,100,100037,100,99941,100,100044,100,99940,100,100058,100,99939,100,100060,100,99938,100,100062,100,99934,100,100064,200,99933,100
2019-06-28 09:30:40.000000000,100015,346,99992,346,100016,346,99977,346,100027,100,99967,100,100034,100,99951,100,100037,100,99941,100,100044,100,99940,100,100058,100,99939,100,100060,100,99938,100,100062,100,99934,100,100064,200,99933,100
2019-06-28 09:30:41.217912844,100006,100,99992,346,100015,346,99977,346,100016,346,99967,100,100027,100,99951,100,100034,100,99941,100,100037,100,99940,100,100044,100,99939,100,100058,100,99938,100,100060,100,99934,100,100062,100,99933,100
2019-06-28 09:30:43.090863522,100006,100,99992,246,100015,346,99977,346,100016,346,99967,100,100027,100,99951,100,100034,100,99941,100,100037,100,99940,100,100044,100,99939,100,100058,100,99938,100,100060,100,99934,100,100062,100,99933,100
2019-06-28 09:30:46.883397158,100006,100,99992,146,100015,346,99977,346,100016,346,99967,100,100027,100,99951,100,100034,100,99941,100,100037,100,99940,100,100044,100,99939,100,100058,100,99938,100,100060,100,99934,100,100062,100,99933,100
2019-06-28 09:30:50.000000000,100006,592,99977,592,100015,100,99967,100,100016,100,99951,100,100027,100,99941,100,100034,100,99940,100,100037,100,99939,100,100044,100,99938,100,100058,100,99934,100,100060,100,99933,100,100062,100,99919,100
2019-06-28 09:30:56.373483466,99992,100,99977,592,100006,592,99967,100,100015,100,99951,100,100016,100,99941,100,100034,100,99940,100,100037,100,99939,100,100044,100,99938,100,100058,100,99934,100,100060,100,99933,100,100062,100,99919,100
2019-06-28 09:31:00.000000000,99992,346,99977,346,100006,346,99967,346,100015,100,99951,100,100016,100,99941,100,100034,100,99940,100,100037,100,99939,100,100044,100,99938,100,100058,100,99934,100,100060,100,99933,100,100062,100,99919,100
2019-06-28 09:31:10.000000000,99992,198,99977,198,100006,198,99967,198,100015,198,99951,198,100016,198,99941,198,100034,198,99940,198,100037,100,99939,100,100044,100,99938,100,100058,100,99934,100,100060,100,99933,100,100062,100,99919,100
2019-06-28 09:31:19.995033500,99992,198,99977,198,100006,198,99967,198,100015,198,99951,198,100016,198,99941,198,100034,198,99940,198,100037,100,99939,100,100044,100,99938,100,100058,100,99934,100,100060,100,99933,100,100062,100,99919,100
2019-06-28 09:31:20.000000000,99992,223,99977,223,100006,223,99967,223,100015,223,99951,223,100016,223,99941,223,100034,100,99940,100,100037,100,99939,100,100044,100,99938,100,100058,100,99934,100,100060,100,99933,100,100062,100,99919,100
2019-06-28 09:31:25.010862438,99992,223,99977,123,100006,223,99967,223,100015,223,99951,223,100016,223,99941,223,100034,100,99940,100,100037,100,99939,100,100044,100,99938,100,100058,100,99934,100,100060,100,99933,100,100062,100,99919,100
2019-06-28 09:31:30.000000000,99992,346,99967,346,100006,346,99951,346,100015,100,99941,100,100016,100,99940,100,100034,100,99939,100,100037,100,99938,100,100044,100,99934,100,100058,100,99933,100,100060,100,99919,100,100062,100,99898,100
2019-06-28 09:31:31.163281517,99991,100,99967,346,99992,346,99951,346,100006,346,99941,100,100015,100,99940,100,100016,100,99939,100,100034,100,99938,100,100037,100,99934,100,100044,100,99933,100,100058,100,99919,100,100060,100,99898,100
2019-06-28 09:31:32.752542769,99991,100,99967,246,99992,346,99951,346,100006,346,99941,100,100015,100,99940,100,100016,100,99939,100,100034,100,99938,100,100037,100,99934,100,100044,100,99933,100,100058,100,99919,100,100062,100,99898,100
2019-06-28 09:31:40.000000000,99991,592,99951,592,99992,100,99941,100,100006,100,99940,100,100015,100,99939,100,100016,100,99938,100,100034,100,99934,100,100037,100,99933,100,100044,100,99919,100,100058,100,99898,100,100062,100,99896,100
2019-06-28 09:31:50.000000000,99991,592,99951,592,99992,100,99941,100,100006,100,99940,100,100015,100,99939,100,100016,100,99938,100,100034,100,99934,100,100037,100,99933,100,100044,100,99919,100,100058,100,99898,100,100062,100,99896,100
2019-06-28 09:32:00.000000000,99991,223,99951,223,99992,223,99941,223,100006,223,99940,223,100015,223,99939,223,100016,100,99938,100,100034,100,99934,100,100037,100,99933,100,100044,100,99919,100,100058,100,99898,100,100062,100,99896,100
2019-06-28 09:32:10.000000000,99991,223,99951,223,99992,223,99941,223,100006,223,99940,223,100015,223,99939,223,100016,100,99938,100,100034,100,99934,100,100037,100,99933,100,100044,100,99919,100,100058,100,99898,100,100062,100,99896,100
2019-06-28 09:32:10.041829562,99991,223,99951,123,99992,223,99941,223,100006,223,99940,223,100015,223,99939,223,100016,100,99938,100,100034,100,99934,100,100037,100,99933,100,100044,100,99898,100,100058,100,99896,100,100062,100,99892,100
2019-06-28 09:32:16.114055888,99991,223,99951,23,99992,223,99941,223,100006,223,99940,223,100015,223,99939,223,100016,100,99938,100,100034,100,99934,100,100037,100,99933,100,100044,100,99898,100,100058,100,99896,100,100062,100,99892,100
2019-06-28 09:32:17.712735460,99951,77,99941,223,99991,223,99940,223,99992,223,99939,223,100006,223,99938,100,100015,223,99934,100,100016,100,99933,100,100034,100,99898,100,100037,100,99896,100,100044,100,99892,100,100058,100,99871,100
2019-06-28 09:32:20.000000000,99951,200,99941,223,99991,223,99940,223,99992,223,99939,223,100006,223,99938,223,100015,100,99934,100,100016,100,99933,100,100034,100,99898,100,100037,100,99896,100,100044,100,99892,100,100058,100,99871,100
2019-06-28 09:32:20.238192452,99951,200,99941,223,99991,223,99940,223,99992,223,99939,223,100006,223,99938,223,100015,100,99934,100,100016,100,99933,100,100034,100,99898,100,100037,100,99896,100,100044,100,99892,100,100058,100,99871,100
2019-06-28 09:32:26.568030063,99951,200,99941,223,99991,223,99940,223,99992,223,99939,223,100006,223,99938,223,100015,100,99934,100,100016,100,99933,100,100034,100,99898,100,100037,100,99896,100,100044,100,99892,100,100058,100,99871,100
2019-06-28 09:32:30.000000000,99951,323,99941,346,99991,346,99940,346,99992,100,99939,100,100006,100,99938,100,100015,100,99934,100,100016,100,99933,100,100034,100,99898,100,100037,100,99896,100,100044,100,99892,100,100058,100,99871,100
2019-06-28 09:32:33.224826290,99951,323,99941,346,99991,346,99940,346,99992,100,99939,100,100006,100,99938,100,100015,100,99934,100,100016,100,99933,100,100034,100,99898,100,100037,100,99896,100,100044,100,99892,100,100058,100,99871,100
2019-06-28 09:32:40.000000000,99951,244,99941,267,99991,262,99940,262,99992,262,99939,262,100006,100,99938,100,100015,100,99934,100,100016,100,99933,100,100034,100,99898,100,100037,100,99896,100,100044,100,99892,100,100058,100,99871,100
2019-06-28 09:32:40.602913129,99951,244,99941,267,99991,262,99940,262,99992,262,99939,262,100006,100,99938,100,100015,100,99934,100,100016,100,99933,100,100034,100,99898,100,100037,100,99896,100,100044,100,99892,100,100048,100,99871,100
2019-06-28 09:32:50.000000000,99951,175,99941,198,99991,198,99940,198,99992,198,99939,198,100006,198,99938,198,100015,198,99934,198,100016,100,99933,100,100034,100,99898,100,100037,100,99896,100,100044,100,99892,100,100048,100,99871,100
2019-06-28 09:33:00.000000000,99951,200,99941,223,99991,223,99940,223,99992,223,99939,223,100006,223,99938,223,100015,100,99934,100,100016,100,99933,100,100034,100,99898,100,100037,100,99896,100,100044,100,99892,100,100048,100,99871,100
2019-06-28 09:33:10.000000000,99951,323,99941,346,99991,346,99940,346,99992,100,99939,100,100006,100,99938,100,100015,100,99934,100,100016,100,99933,100,100034,100,99898,100,100037,100,99896,100,100044,100,99892,100,100048,100,99871,100
2019-06-28 09:33:20.000000000,99951,323,99941,346,99991,346,99940,346,99992,100,99939,100,100006,100,99938,100,100015,100,99934,100,100016,100,99933,100,100034,100,99898,100,100037,100,99896,100,100044,100,99892,100,100048,100,99871,100
2019-06-28 09:33:21.264573410,99951,323,99941,246,99991,346,99940,346,99992,100,99939,100,100006,100,99938,100,100015,100,99934,100,100016,100,99933,100,100034,100,99898,100,100037,100,99896,100,100044,100,99892,100,100048,100,99871,100
2019-06-28 09:33:30.000000000,99951,323,99940,346,99991,346,99939,346,99992,100,99938,100,100006,100,99934,100,100015,100,99933,100,100016,100,99898,100,100034,100,99896,100,100037,100,99892,100,100044,100,99871,100,100048,100,99859,100
2019-06-28 09:33:40.000000000,99951,175,99940,198,99991,198,99939,198,99992,198,99938,198,100006,198,99934,198,100015,198,99933,198,100016,100,99898,100,100034,100,99896,100,100037,100,99892,100,100044,100,99871,100,100048,100,99859,100
2019-06-28 09:33:49.889023985,99951,175,99940,198,99991,198,99939,198,99992,198,99938,198,100006,198,99934,198,100015,198,99933,198,100016,100,99898,100,100034,100,99896,100,100037,100,99892,100,100044,100,99871,100,100048,100,99859,100
2019-06-28 09:33:50.000000000,99951,323,99940,346,99991,346,99939,346,99992,100,99938,100,100006,100,99934,100,100015,100,99933,100,100016,100,99898,100,100034,100,99896,100,100037,100,99892,100,100044,100,99871,100,100048,100,99859,100
2019-06-28 09:33:55.818381498,99950,100,99940,346,99951,323,99939,346,99991,346,99938,100,99992,100,99934,100,100006,100,99933,100,100015,100,99898,100,100016,100,99896,100,100034,100,99892,100,100037,100,99871,100,100044,100,99855,100
2019-06-28 09:34:00.000000000,99950,592,99940,592,99951,77,99939,100,99991,100,99938,100,99992,100,99934,100,100006,100,99933,100,100015,100,99898,100,100016,100,99896,100,100034,100,99892,100,100037,100,99871,100,100044,100,99855,100
2019-06-28 09:34:10.000000000,99950,198,99940,198,99951,175,99939,198,99991,198,99938,198,99992,198,99934,198,100006,198,99933,198,100015,100,99898,100,100016,100,99896,100,100034,100,99892,100,100037,100,99871,100,100044,100,99855,100
2019-06-28 09:34:20.000000000,99950,592,99940,592,99951,77,99939,100,99991,100,99938,100,99992,100,99934,100,100006,100,99933,100,100015,100,99898,100,100016,100,99896,100,100034,100,99892,100,100037,100,99871,100,100044,100,99855,100
2019-06-28 09:34:25.292640837,99950,592,99940,592,99951,77,99939,100,99992,100,99938,100,100006,100,99934,100,100015,100,99933,100,100016,100,99898,100,100034,100,99896,100,100037,100,99892,100,100044,100,99871,100,100048,100,99855,100
2019-06-28 09:34:30.000000000,99950,346,99940,346,99951,323,99939,346,99992,100,99938,100,100006,100,99934,100,100015,100,99933,100,100016,100,99898,100,100034,100,99896,100,100037,100,99892,100,100044,100,99871,100,100048,100,99855,100
2019-06-28 09:34:40.000000000,99950,198,99940,198,99951,175,99939,198,99992,198,99938,198,100006,198,99934,198,100015,198,99933,198,100016,100,99898,100,100034,100,99896,100,100037,100,99892,100,100044,100,99871,100,100048,100,99855,100
2019-06-28 09:34:50.000000000,99950,223,99940,223,99951,200,99939,223,99992,223,99938,223,100006,223,99934,223,100015,100,99933,100,100016,100,99898,100,100034,100,99896,100,100037,100,99892,100,100044,100,99871,100,100048,100,99855,100
2019-06-28 09:35:00.000000000,99950,592,99940,592,99951,77,99939,100,99992,100,99938,100,100006,100,99934,100,100015,100,99933,100,100016,100,99898,100,100034,100,99896,100,100037,100,99892,100,100044,100,99871,100,100048,100,99855,100
2019-06-28 09:35:00.308720554,99950,592,99940,492,99951,77,99939,100,99992,100,99938,100,100006,100,99933,100,100015,100,99898,100,100016,100,99896,100,100034,100,99892,100,100037,100,99871,100,100044,100,99855,100,100048,100,99802,200
2019-06-28 09:35:02.485414652,99950,592,99940,392,99951,77,99939,100,99992,100,99938,100,100006,100,99933,100,100015,100,99898,100,100016,100,99896,100,100034,100,99892,100,100037,100,99871,100,100044,100,99855,100,100048,100,99802,200
2019-06-28 09:35:10.000000000,99950,346,99939,346,99951,323,99938,346,99992,100,99933,100,100006,100,99898,100,100015,100,99896,100,100016,100,99892,100,100034,100,99871,100,100037,100,99855,100,100044,100,99802,200,100048,100,99749,100
2019-06-28 09:35:20.000000000,99950,592,99939,592,99951,77,99938,100,99992,100,99933,100,100006,100,99898,100,100015,100,99896,100,100016,100,99892,100,100034,100,99871,100,100037,100,99855,100,100044,100,99802,200,100048,100,99749,100
2019-06-28 09:35:30.000000000,99950,346,99939,346,99951,323,99938,346,99992,100,99933,100,100006,100,99898,100,100015,100,99896,100,100016,100,99892,100,100034,100,99871,100,100037,100,99855,100,100044,100,99802,200,100048,100,99749,100
2019-06-28 09:35:40.000000000,99950,346,99939,346,99951,323,99938,346,99992,100,99933,100,100006,100,99898,100,100015,100,99896,100,100016,100,99892,100,100034,100,99871,100,100037,100,99855,100,100044,100,99802,200,100048,100,99749,100
2019-06-28 09:35:41.901902450,99950,246,99939,346,99951,323,99938,346,99992,100,99933,100,100006,100,99898,100,100015,100,99896,100,100016,100,99892,100,100034,100,99871,100,100037,100,99855,100,100044,100,99802,200,100048,100,99749,100
2019-06-28 09:35:50.000000000,99951,244,99939,267,99992,262,99938,262,100006,262,99933,262,100015,100,99898,100,100016,100,99896,100,100034,100,99892,100,100037,100,99871,100,100044,100,99855,100,100048,100,99802,200,100058,100,99749,100
2019-06-28 09:35:52.495179057,99951,244,99939,267,99992,262,99938,262,100006,262,99933,262,100015,100,99898,100,100016,100,99896,100,100034,100,99871,100,100037,100,99855,100,100044,100,99802,200,100048,100,99749,100,100058,100,99508,100
2019-06-28 09:36:00.000000000,99951,200,99939,223,99992,223,99938,223,100006,223,99933,223,100015,223,99898,223,100016,100,99896,100,100034,100,99871,100,100037,100,99855,100,100044,100,99802,200,100048,100,99749,100,100058,100,99508,100
2019-06-28 09:36:10.000000000,99951,175,99939,198,99992,198,99938,198,100006,198,99933,198,100015,198,99898,198,100016,198,99896,198,100034,100,99871,100,100037,100,99855,100,100044,100,99802,200,100048,100,99749,100,100058,100,99508,100
2019-06-28 09:36:20.000000000,99951,244,99939,267,99992,262,99938,262,100006,262,99933,262,100015,100,99898,100,100016,100,99896,100,100034,100,99871,100,100037,100,99855,100,100044,100,99802,200,100048,100,99749,100,100058,100,99508,100
2019-06-28 09:36:30.000000000,99951,200,99939,223,99992,223,99938,223,100006,223,99933,223,100015,223,99898,223,100016,100,99896,100,100034,100,99871,100,100037,100,99855,100,100044,100,99802,200,100048,100,99749,100,100058,100,99508,100
2019-06-28 09:36:33.298388175,99951,200,99939,123,99992,223,99938,223,100006,223,99933,223,100015,223,99898,223,100016,100,99896,100,100034,100,99871,100,100037,100,99855,100,100044,100,99802,200,100048,100,99749,100,100058,100,99508,100
2019-06-28 09:36:40.000000000,99951,323,99938,346,99992,346,99933,346,100006,100,99898,100,100015,100,99896,100,100016,100,99871,100,100034,100,99855,100,100037,100,99802,200,100044,100,99749,100,100048,100,99508,100,100058,100,99410,100
2019-06-28 09:36:47.438965825,99951,323,99938,246,99992,346,99933,346,100006,100,99898,100,100015,100,99896,100,100016,100,99871,100,100037,100,99855,100,100044,100,99802,200,100048,100,99749,100,100058,100,99508,100,100062,100,99410,100
2019-06-28 09:36:50.000000000,99951,200,99933,223,99992,223,99898,223,100006,223,99896,223,100015,223,99871,223,100016,100,99855,100,100037,100,99802,200,100044,100,99749,100,100048,100,99508,100,100058,100,99410,100,100062,100,99262,100
2019-06-28 09:36:55.767579370,99951,200,99933,123,99992,223,99898,223,100006,223,99896,223,100015,223,99871,223,100016,100,99855,100,100037,100,99802,200,100044,100,99749,100,100048,100,99508,100,100058,100,99410,100,100062,100,99262,100
2019-06-28 09:37:00.000000000,99951,569,99898,592,99992,100,99896,100,100006,100,99871,100,100015,100,99855,100,100016,100,99802,200,100037,100,99749,100,100044,100,99508,100,100048,100,99410,100,100058,100,99262,100,100062,100,99247,100
2019-06-28 09:37:09.260941472,99951,569,99898,492,99992,100,99896,100,100006,100,99871,100,100015,100,99855,100,100016,100,99802,200,100037,100,99749,100,100044,100,99508,100,100048,100,99410,100,100058,100,99262,100,100062,100,99247,100
2019-06-28 09:37:10.000000000,99951,200,99896,223,99992,223,99871,223,100006,223,99855,223,100015,223,99802,323,100016,100,99749,100,100037,100,99508,100,100044,100,99410,100,100048,100,99262,100,100058,100,99247,100,100062,100,,
2019-06-28 09:37:20.000000000,99951,200,99896,223,99992,223,99871,223,100006,223,99855,223,100015,223,99802,323,100016,100,99749,100,100037,100,99508,100,100044,100,99410,100,100048,100,99262,100,100058,100,99247,100,100062,100,,
2019-06-28 09:37:30.000000000,99951,200,99896,223,99992,223,99871,223,100006,223,99855,223,100015,223,99802,323,100016,100,99749,100,100037,100,99508,100,100044,100,99410,100,100048,100,99262,100,100058,100,99247,100,100062,100,,
2019-06-28 09:37:40.000000000,99951,175,99896,198,99992,198,99871,198,100006,198,99855,198,100015,198,99802,298,100016,198,99749,198,100037,100,99508,100,100044,100,99410,100,100048,100,99262,100,100058,100,99247,100,100062,100,,
2019-06-28 09:37:44.275158627,99933,100,99896,198,99951,175,99871,198,99992,198,99855,198,100006,198,99802,298,100015,198,99749,198,100016,198,99508,100,100037,100,99410,100,100044,100,99262,100,100048,100,99247,100,100058,100,,
2019-06-28 09:37:50.000000000,99933,267,99896,267,99951,239,99871,262,99992,262,99855,262,100006,100,99802,200,100015,100,99749,100,100016,100,99508,100,100037,100,99410,100,100044,100,99262,100,100048,100,99247,100,100058,100,,
2019-06-28 09:37:55.072996534,99933,267,99896,267,99951,239,99871,262,99992,262,99855,262,100006,100,99802,200,100015,100,99749,100,100016,100,99653,100,100037,100,99508,100,100044,100,99410,100,100048,100,99262,100,100058,100,99247,100
2019-06-28 09:37:58.109979637,99933,267,99896,167,99951,239,99871,262,99992,262,99855,262,100006,100,99802,200,100015,100,99749,100,100016,100,99653,100,100037,100,99508,100,100044,100,99410,100,100048,100,99262,100,100058,100,99247,100
2019-06-28 09:38:00.000000000,99933,198,99871,198,99951,175,99855,198,99992,198,99802,298,100006,198,99749,198,100015,198,99653,198,100016,100,99508,100,100037,100,99410,100,100044,100,99262,100,100048,100,99247,100,100058,100,,
2019-06-28 09:38:10.000000000,99933,267,99871,267,99951,239,99855,262,99992,262,99802,362,100006,100,99749,100,100015,100,99653,100,100016,100,99508,100,100037,100,99410,100,100044,100,99262,100,100048,100,99247,100,100058,100,,
2019-06-28 09:38:20.000000000,99933,592,99871,592,99951,77,99855,100,99992,100,99802,200,100006,100,99749,100,100015,100,99653,100,100016,100,99508,100,100037,100,99410,100,100044,100,99262,100,100048,100,99247,100,100058,100,,
2019-06-28 09:38:30.000000000,99933,346,99871,346,99951,323,99855,346,99992,100,99802,200,100006,100,99749,100,100015,100,99653,100,100016,100,99508,100,100037,100,99410,100,100044,100,99262,100,100048,100,99247,100,100058,100,,
2019-06-28 09:38:40.000000000,99933,346,99871,346,99951,323,99855,346,99992,100,99802,200,100006,100,99749,100,100015,100,99653,100,100016,100,99508,100,100037,100,99410,100,100044,100,99262,100,100048,100,99247,100,100058,100,,
2019-06-28 09:38:46.915196839,99933,246,99871,346,99951,323,99855,346,99992,100,99802,200,100006,100,99749,100,100015,100,99653,100,100016,100,99508,100,100037,100,99410,100,100044,100,99262,100,100048,100,99247,100,100058,100,,
2019-06-28 09:38:50.000000000,99951,200,99871,223,99992,223,99855,223,100006,223,99802,323,100015,223,99749,223,100016,100,99653,100,100037,100,99508,100,100044,100,99410,100,100048,100,99262,100,100058,100,99247,100,100062,100,,
2019-06-28 09:39:00.000000000,99951,244,99871,267,99992,262,99855,262,100006,262,99802,362,100015,100,99749,100,100016,100,99653,100,100037,100,99508,100,100044,100,99410,100,100048,100,99262,100,100058,100,99247,100,100062,100,,
2019-06-28 09:39:10.000000000,99951,323,99871,346,99992,346,99855,346,100006,100,99802,200,100015,100,99749,100,100016,100,99653,100,100037,100,99508,100,100044,100,99410,100,100048,100,99262,100,100058,100,99247,100,100062,100,,
2019-06-28 09:39:12.756736837,99951,323,99871,346,99992,346,99855,346,100006,100,99802,200,100015,100,99749,100,100016,100,99653,100,100037,100,99508,100,100044,100,99410,100,100048,100,99262,100,100058,100,99247,100,100062,100,,
2019-06-28 09:39:13.470626847,99951,323,99871,246,99992,346,99855,346,100006,100,99802,200,100015,100,99749,100,100016,100,99653,100,100037,100,99508,100,100044,100,99410,100,100048,100,99262,100,100058,100,99247,100,100062,100,,
2019-06-28 09:39:20.000000000,99951,175,99855,198,99992,198,99802,298,100006,198,99749,198,100015,198,99653,198,100016,198,99508,198,100037,100,99410,100,100044,100,99262,100,100048,100,99247,100,100058,100,,,100062,100,,
2019-06-28 09:39:21.144727147,99932,100,99855,198,99951,175,99802,298,99992,198,99749,198,100006,198,99653,198,100015,198,99508,198,100016,198,99410,100,100037,100,99262,100,100044,100,99247,100,100048,100,,,100058,100,,
2019-06-28 09:39:30.000000000,99932,267,99855,267,99951,239,99802,362,99992,262,99749,262,100006,100,99653,100,100015,100,99508,100,100016,100,99410,100,100037,100,99262,100,100044,100,99247,100,100048,100,,,100058,100,,
2019-06-28 09:39:33.363870120,99932,267,99855,267,99951,239,99802,362,99992,262,99749,262,100006,100,99653,100,100015,100,99453,100,100016,100,99410,100,100037,100,99262,100,100044,100,99247,100,100048,100,,,100058,100,,
2019-06-28 09:39:40.000000000,99932,346,99855,346,99951,323,99802,446,99992,100,99749,100,100006,100,99653,100,100015,100,99453,100,100016,100,99410,100,100037,100,99262,100,100044,100,99247,100,100048,100,,,100058,100,,
2019-06-28 09:39:50.000000000,99932,198,99855,198,99951,175,99802,298,99992,198,99749,198,100006,198,99653,198,100015,198,99453,198,100016,100,99410,100,100037,100,99262,100,100044,100,99247,100,100048,100,,,100058,100,,
2019-06-28 09:39:58.470792016,99932,198,99855,98,99951,175,99802,298,99992,198,99749,198,100006,198,99653,198,100015,198,99453,198,100016,100,99410,100,100037,100,99262,100,100044,100,99247,100,100048,100,,,100058,100,,
2019-06-28 09:40:00.000000000,99932,267,99802,367,99951,239,99749,262,99992,262,99653,262,100006,100,99453,100,100015,100,99410,100,100016,100,99262,100,100037,100,99247,100,100044,100,,,100048,100,,,100058,100,,
2019-06-28 09:40:04.010362061,99932,267,99802,367,99951,239,99749,262,99992,262,99653,262,100006,100,99453,100,100015,100,99410,100,100016,100,99336,100,100037,100,99262,100,100044,100,99247,100,100048,100,,,100058,100,,
2019-06-28 09:40:10.000000000,99932,267,99802,367,99951,239,99749,262,99992,262,99653,262,100006,100,99453,100,100015,100,99410,100,100016,100,99336,100,100037,100,99262,100,100044,100,99247,100,100048,100,,,100058,100,,
2019-06-28 09:40:17.563214003,99871,100,99802,367,99932,267,99749,262,99951,239,99653,262,99992,262,99453,100,100006,100,99410,100,100015,100,99336,100,100016,100,99262,100,100037,100,99247,100,100044,100,,,100048,100,,
2019-06-28 09:40:20.000000000,99871,592,99802,692,99932,100,99749,100,99951,77,99653,100,99992,100,99453,100,100006,100,99410,100,100015,100,99336,100,100016,100,99262,100,100037,100,99247,100,100044,100,,,100048,100,,
2019-06-28 09:40:23.003615498,99871,692,99802,692,99932,100,99749,100,99951,77,99653,100,100006,100,99453,100,100015,100,99410,100,100016,100,99336,100,100037,100,99262,100,100044,100,99247,100,100048,100,,,100058,100,,
2019-06-28 09:40:30.000000000,99871,298,99802,298,99932,198,99749,198,99951,175,99653,198,100006,198,99453,198,100015,198,99410,198,100016,100,99336,100,100037,100,99262,100,100044,100,99247,100,100048,100,,,100058,100,,
2019-06-28 09:40:40.000000000,99871,692,99802,692,99932,100,99749,100,99951,77,99653,100,100006,100,99453,100,100015,100,99410,100,100016,100,99336,100,100037,100,99262,100,100044,100,99247,100,100048,100,,,100058,100,,
2019-06-28 09:40:49.664911702,99835,100,99802,692,99871,692,99749,100,99932,100,99653,100,99951,77,99453,100,100006,100,99410,100,100015,100,99336,100,100016,100,99262,100,100037,100,99247,100,100044,100,,,100048,100,,
2019-06-28 09:40:50.000000000,99835,592,99802,692,99871,200,99749,100,99932,100,99653,100,99951,77,99453,100,100006,100,99410,100,100015,100,99336,100,100016,100,99262,100,100037,100,99247,100,100044,100,,,100048,100,,
2019-06-28 09:41:00.000000000,99835,592,99802,692,99871,200,99749,100,99932,100,99653,100,99951,77,99453,100,100006,100,99410,100,100015,100,99336,100,100016,100,99262,100,100037,100,99247,100,100044,100,,,100048,100,,
2019-06-28 09:41:10.000000000,99835,223,99802,323,99871,323,99749,223,99932,223,99653,223,99951,200,99453,223,100006,100,99410,100,100015,100,99336,100,100016,100,99262,100,100037,100,99247,100,100044,100,,,100048,100,,
2019-06-28 09:41:20.000000000,99835,198,99802,298,99871,298,99749,198,99932,198,99653,198,99951,175,99453,198,100006,198,99410,198,100015,100,99336,100,100016,100,99262,100,100037,100,99247,100,100044,100,,,100048,100,,
2019-06-28 09:41:22.850548568,99835,198,99802,298,99871,398,99749,198,99932,198,99653,198,99951,175,99453,198,100006,198,99410,198,100015,100,99336,100,100016,100,99262,100,100037,100,99247,100,100044,100,,,100048,100,,
2019-06-28 09:41:28.176337599,99835,198,99802,298,99871,398,99749,198,99932,198,99653,198,99951,98,99453,198,100006,198,99410,198,100015,100,99374,100,100016,100,99336,100,100037,100,99262,100,100044,100,99247,100,100048,100,,
2019-06-28 09:41:30.000000000,99835,223,99802,323,99871,423,99749,223,99932,223,99653,223,100006,223,99453,223,100015,100,99410,100,100016,100,99374,100,100037,100,99336,100,100044,100,99262,100,100048,100,99247,100,100058,100,,
2019-06-28 09:41:36.808232327,99835,223,99802,223,99871,423,99749,223,99932,223,99653,223,100006,223,99453,223,100015,100,99410,100,100016,100,99374,100,100037,100,99336,100,100044,100,99262,100,100048,100,99247,100,100058,100,,
2019-06-28 09:41:38.204681693,99835,223,99802,123,99871,423,99749,223,99932,223,99653,223,100006,223,99453,223,100015,100,99410,100,100016,100,99374,100,100037,100,99336,100,100044,100,99262,100,100048,100,99247,100,100058,100,,
2019-06-28 09:41:40.000000000,99835,592,99749,592,99871,300,99653,100,99932,100,99453,100,100006,100,99410,100,100015,100,99374,100,100016,100,99336,100,100037,100,99262,100,100044,100,99247,100,100048,100,,,100058,100,,
2019-06-28 09:41:48.673129919,99835,592,99749,492,99871,300,99653,100,99932,100,99453,100,100006,100,99410,100,100015,100,99374,100,100016,100,99336,100,100037,100,99262,100,100044,100,99247,100,100048,100,,,100058,100,,
2019-06-28 09:41:50.000000000,99835,198,99653,198,99871,398,99453,198,99932,198,99410,198,100006,198,99374,198,100015,198,99336,198,100016,100,99262,100,100037,100,99247,100,100044,100,,,100048,100,,,100058,100,,
2019-06-28 09:41:51.000836981,99835,198,99653,98,99871,398,99453,198,99932,198,99410,198,100006,198,99374,198,100015,198,99336,198,100016,100,99262,100,100037,100,99247,100,100044,100,,,100048,100,,,100058,100,,
2019-06-28 09:42:00.000000000,99835,198,99453,198,99871,398,99410,198,99932,198,99374,198,100006,198,99336,198,100015,198,99262,198,100016,100,99247,100,100037,100,,,100044,100,,,100048,100,,,100058,100,,
2019-06-28 09:42:06.166057437,99835,198,99453,198,99871,398,99410,198,99932,198,99374,198,100006,198,99336,198,100015,198,99262,198,100016,100,99247,100,100037,100,99231,100,100044,100,,,100048,100,,,100058,100,,
2019-06-28 09:42:10.000000000,99835,267,99453,267,99871,462,99410,262,99932,262,99374,262,100006,100,99336,100,100015,100,99262,100,100016,100,99247,100,100037,100,99231,100,100044,100,,,100048,100,,,100058,100,,
2019-06-28 09:42:20.000000000,99835,223,99453,223,99871,423,99410,223,99932,223,99374,223,100006,223,99336,223,100015,100,99262,100,100016,100,99247,100,100037,100,99231,100,100044,100,,,100048,100,,,100058,100,,
2019-06-28 09:42:30.000000000,99835,223,99453,223,99871,423,99410,223,99932,223,99374,223,100006,223,99336,223,100015,100,99262,100,100016,100,99247,100,100037,100,99231,100,100044,100,,,100048,100,,,100058,100,,
2019-06-28 09:42:40.000000000,99835,223,99453,223,99871,423,99410,223,99932,223,99374,223,100006,223,99336,223,100015,100,99262,100,100016,100,99247,100,100037,100,99231,100,100044,100,,,100048,100,,,100058,100,,
2019-06-28 09:42:50.000000000,99835,198,99453,198,99871,398,99410,198,99932,198,99374,198,100006,198,99336,198,100015,198,99262,198,100016,100,99247,100,100037,100,99231,100,100044,100,,,100048,100,,,100058,100,,
2019-06-28 09:43:00.000000000,99835,346,99453,346,99871,546,99410,346,99932,100,99374,100,100006,100,99336,100,100015,100,99262,100,100016,100,99247,100,100037,100,99231,100,100044,100,,,100048,100,,,100058,100,,
2019-06-28 09:43:02.765290290,99749,100,99453,346,99835,346,99410,346,99871,446,99374,100,99932,100,99336,100,100006,100,99262,100,100015,100,99247,100,100016,100,99231,100,100037,100,,,100044,100,,,100048,100,,
2019-06-28 09:43:10.000000000,99749,592,99453,592,99835,100,99410,100,99871,200,99374,100,99932,100,99336,100,100006,100,99262,100,100015,100,99247,100,100016,100,99231,100,100037,100,,,100044,100,,,100048,100,,
2019-06-28 09:43:11.822915512,99749,592,99453,592,99835,100,99410,100,99871,200,99374,100,99932,100,99336,100,100006,100,99262,100,100015,100,99247,100,100016,100,99231,100,100037,100,99215,100,100044,100,,,100048,100,,
2019-06-28 09:43:16.317525030,99749,592,99453,592,99835,100,99410,100,99871,200,99374,100,99932,100,99336,100,100006,100,99262,100,100015,100,99247,100,100016,100,99231,100,100037,100,99215,100,100044,100,99141,100,100048,100,,
2019-06-28 09:43:20.000000000,99749,592,99453,592,99835,100,99410,100,99871,200,99374,100,99932,100,99336,100,100006,100,99262,100,100015,100,99247,100,100016,100,99231,100,100037,100,99215,100,100044,100,99141,100,100048,100,,
2019-06-28 09:43:30.000000000,99749,198,99453,198,99835,198,99410,198,99871,298,99374,198,99932,198,99336,198,100006,198,99262,198,100015,100,99247,100,100016,100,99231,100,100037,100,99215,100,100044,100,99141,100,100048,100,,
2019-06-28 09:43:30.843581165,99749,198,99453,98,99835,198,99410,198,99871,298,99374,198,99932,198,99336,198,100006,198,99262,198,100015,100,99247,100,100016,100,99231,100,100037,100,99215,100,100044,100,99141,100,100048,100,,
2019-06-28 09:43:31.504894839,99453,2,99410,198,99749,198,99374,198,99835,198,99336,198,99871,298,99262,198,99932,198,99247,100,100006,198,99231,100,100015,100,99215,100,100016,100,99141,100,100037,100,,,100044,100,,
2019-06-28 09:43:40.000000000,99453,248,99410,346,99749,346,99374,346,99835,100,99336,100,99871,200,99262,100,99932,100,99247,100,100006,100,99231,100,100015,100,99215,100,100016,100,99141,100,100037,100,,,100044,100,,
2019-06-28 09:43:41.396647814,99453,348,99410,346,99749,346,99374,346,99835,100,99336,100,99871,200,99262,100,99932,100,99247,100,100006,100,99231,100,100015,100,99215,100,100016,100,99141,100,100044,100,,,100048,100,,
2019-06-28 09:43:50.000000000,99453,200,99410,198,99749,198,99374,198,99835,198,99336,198,99871,298,99262,198,99932,198,99247,198,100006,100,99231,100,100015,100,99215,100,100016,100,99141,100,100044,100,,,100048,100,,
2019-06-28 09:44:00.000000000,99453,348,99410,346,99749,346,99374,346,99835,100,99336,100,99871,200,99262,100,99932,100,99247,100,100006,100,99231,100,100015,100,99215,100,100016,100,99141,100,100044,100,,,100048,100,,
2019-06-28 09:44:10.000000000,99453,225,99410,223,99749,223,99374,223,99835,223,99336,223,99871,323,99262,223,99932,100,99247,100,100006,100,99231,100,100015,100,99215,100,100016,100,99141,100,100044,100,,,100048,100,,
2019-06-28 09:44:10.169847126,99453,225,99410,223,99749,223,99374,223,99835,223,99336,223,99871,323,99262,223,99932,100,99247,100,100006,100,99231,100,100015,100,99215,100,100016,100,99141,100,100044,100,98730,100,100048,100,,
2019-06-28 09:44:20.000000000,99453,225,99410,223,99749,223,99374,223,99835,223,99336,223,99871,323,99262,223,99932,100,99247,100,100006,100,99231,100,100015,100,99215,100,100016,100,99141,100,100044,100,98730,100,100048,100,,
2019-06-28 09:44:30.000000000,99453,225,99410,223,99749,223,99374,223,99835,223,99336,223,99871,323,99262,223,99932,100,99247,100,100006,100,99231,100,100015,100,99215,100,100016,100,99141,100,100044,100,98730,100,100048,100,,
2019-06-28 09:44:40.000000000,99453,348,99410,346,99749,346,99374,346,99835,100,99336,100,99871,200,99262,100,99932,100,99247,100,100006,100,99231,100,100015,100,99215,100,100016,100,99141,100,100044,100,98730,100,100048,100,,
2019-06-28 09:44:50.000000000,99453,348,99410,346,99749,346,99374,346,99835,100,99336,100,99871,200,99262,100,99932,100,99247,100,100006,100,99231,100,100015,100,99215,100,100016,100,99141,100,100044,100,98730,100,100048,100,,
2019-06-28 09:45:00.000000000,99453,200,99410,198,99749,198,99374,198,99835,198,99336,198,99871,298,99262,198,99932,198,99247,198,100006,100,99231,100,100015,100,99215,100,100016,100,99141,100,100044,100,98730,100,100048,100,,
2019-06-28 09:45:04.336436461,99453,200,99410,98,99749,198,99374,198,99835,198,99336,198,99871,298,99262,198,99932,198,99247,198,100006,100,99231,100,100015,100,99215,100,100016,100,99141,100,100044,100,98730,100,100048,100,,
2019-06-28 09:45:07.615646239,99410,2,99374,198,99453,200,99336,198,99749,198,99262,198,99835,198,99247,198,99871,298,99231,100,99932,198,99141,100,100006,100,98730,100,100015,100,,,100016,100,,,100044,100,,
2019-06-28 09:45:10.000000000,99410,494,99374,592,99453,102,99336,100,99749,100,99262,100,99835,100,99247,100,99871,200,99231,100,99932,100,99141,100,100006,100,98730,100,100015,100,,,100016,100,,,100044,100,,
2019-06-28 09:45:12.359398635,99410,494,99374,592,99453,102,99336,100,99749,100,99262,100,99835,100,99247,100,99871,200,99141,100,99932,100,99022,100,100006,100,98730,100,100015,100,,,100016,100,,,100044,100,,
2019-06-28 09:45:15.614453151,99410,594,99374,592,99453,102,99336,100,99749,100,99262,100,99835,100,99247,100,99871,200,99141,100,99932,100,99022,100,100015,100,98730,100,100016,100,,,100044,100,,,100048,100,,
2019-06-28 09:45:20.000000000,99410,225,99374,223,99453,225,99336,223,99749,223,99262,223,99835,223,99247,223,99871,200,99141,100,99932,100,99022,100,100015,100,98730,100,100016,100,,,100044,100,,,100048,100,,
2019-06-28 09:45:22.422794764,99410,225,99374,223,99453,225,99336,223,99749,223,99262,223,99835,223,99247,223,99871,200,99141,100,99932,100,99108,100,100015,100,99022,100,100016,100,98730,100,100044,100,,,100048,100,,
2019-06-28 09:45:30.000000000,99410,269,99374,267,99453,264,99336,262,99749,262,99262,262,99835,100,99247,100,99871,200,99141,100,99932,100,99108,100,100015,100,99022,100,100016,100,98730,100,100044,100,,,100048,100,,
2019-06-28 09:45:37.938233990,99410,267,99374,267,99453,264,99336,262,99749,262,99262,262,99835,100,99247,100,99871,200,99141,100,99932,100,99108,100,100015,100,99022,100,100016,100,99020,100,100044,100,98730,100,100048,100,,
2019-06-28 09:45:40.000000000,99410,198,99374,198,99453,200,99336,198,99749,198,99262,198,99835,198,99247,198,99871,298,99141,198,99932,100,99108,100,100015,100,99022,100,100016,100,99020,100,100044,100,98730,100,100048,100,,
2019-06-28 09:45:41.809559781,99410,198,99374,198,99453,200,99336,198,99749,198,99262,198,99835,198,99247,198,99871,298,99141,198,99932,100,99108,100,100015,100,99022,100,100016,100,99020,100,100048,100,98920,100,100058,100,98730,100
2019-06-28 09:45:50.000000000,99410,592,99374,592,99453,102,99336,100,99749,100,99262,100,99835,100,99247,100,99871,200,99141,100,99932,100,99108,100,100015,100,99022,100,100016,100,99020,100,100048,100,98920,100,100058,100,98730,100
2019-06-28 09:46:00.000000000,99410,198,99374,198,99453,200,99336,198,99749,198,99262,198,99835,198,99247,198,99871,298,99141,198,99932,100,99108,100,100015,100,99022,100,100016,100,99020,100,100048,100,98920,100,100058,100,98730,100
2019-06-28 09:46:10.000000000,99410,267,99374,267,99453,264,99336,262,99749,262,99262,262,99835,100,99247,100,99871,200,99141,100,99932,100,99108,100,100015,100,99022,100,100016,100,99020,100,100048,100,98920,100,100058,100,98730,100
2019-06-28 09:46:16.474156157,99410,367,99374,267,99453,264,99336,262,99749,262,99262,262,99835,100,99247,100,99871,200,99141,100,99932,100,99108,100,100015,100,99022,100,100016,100,99020,100,100048,100,98920,100,100058,100,98730,100
2019-06-28 09:46:20.000000000,99410,367,99374,267,99453,264,99336,262,99749,262,99262,262,99835,100,99247,100,99871,200,99141,100,99932,100,99108,100,100015,100,99022,100,100016,100,99020,100,100048,100,98920,100,100058,100,98730,100
2019-06-28 09:46:26.531215569,99410,367,99374,267,99453,264,99336,262,99749,262,99262,262,99835,100,99247,100,99871,200,99141,100,99932,100,99108,100,100015,100,99022,100,100016,100,99020,100,100048,100,98920,100,100058,100,98829,100
2019-06-28 09:46:30.000000000,99410,323,99374,223,99453,225,99336,223,99749,223,99262,223,99835,223,99247,223,99871,200,99141,100,99932,100,99108,100,100015,100,99022,100,100016,100,99020,100,100048,100,98920,100,100058,100,98829,100
2019-06-28 09:46:30.955998466,99410,423,99374,223,99453,225,99336,223,99749,223,99262,223,99835,223,99247,223,99871,200,99141,100,99932,100,99108,100,100015,100,99022,100,100016,100,99020,100,100048,100,98920,100,100058,100,98829,100
2019-06-28 09:46:31.853187613,99410,423,99374,123,99453,225,99336,223,99749,223,99262,223,99835,223,99247,223,99871,200,99141,100,99932,100,99108,100,100015,100,99022,100,100016,100,99020,100,100048,100,98920,100,100058,100,98829,100
2019-06-28 09:46:32.636951526,99410,423,99374,23,99453,225,99336,223,99749,223,99262,223,99835,223,99247,223,99871,200,99141,100,99932,100,99022,100,100015,100,99020,100,100016,100,98920,100,100048,100,98829,100,100058,100,98730,100
2019-06-28 09:46:40.000000000,99410,398,99336,198,99453,200,99262,198,99749,198,99247,198,99835,198,99141,198,99871,298,99022,198,99932,100,99020,100,100015,100,98920,100,100016,100,98829,100,100048,100,98730,100,100058,100,,
2019-06-28 09:46:47.889174285,99410,398,99336,98,99453,200,99262,198,99749,198,99247,198,99835,198,99141,198,99871,298,99022,198,99932,100,99020,100,100015,100,98920,100,100016,100,98829,100,100048,100,98730,100,100058,100,,
2019-06-28 09:46:50.000000000,99410,792,99262,592,99453,102,99247,100,99749,100,99141,100,99835,100,99022,100,99871,200,99020,100,99932,100,98920,100,100015,100,98829,100,100016,100,98730,100,100048,100,,,100058,100,,
2019-06-28 09:47:00.000000000,99410,546,99262,346,99453,348,99247,346,99749,100,99141,100,99835,100,99022,100,99871,200,99020,100,99932,100,98920,100,100015,100,98829,100,100016,100,98730,100,100048,100,,,100058,100,,
2019-06-28 09:47:10.000000000,99410,423,99262,223,99453,225,99247,223,99749,223,99141,223,99835,223,99022,223,99871,200,99020,100,99932,100,98920,100,100015,100,98829,100,100016,100,98730,100,100048,100,,,100058,100,,
2019-06-28 09:47:16.856399471,99410,423,99262,223,99453,225,99247,223,99749,223,99141,223,99835,223,99022,223,99871,200,99020,100,99932,100,98920,100,100015,100,98829,100,100016,100,98822,100,100048,100,98730,100,100058,100,,
2019-06-28 09:47:20.000000000,99410,792,99262,592,99453,102,99247,100,99749,100,99141,100,99835,100,99022,100,99871,200,99020,100,99932,100,98920,100,100015,100,98829,100,100016,100,98822,100,100048,100,98730,100,100058,100,,
2019-06-28 09:47:30.000000000,99410,792,99262,592,99453,102,99247,100,99749,100,99141,100,99835,100,99022,100,99871,200,99020,100,99932,100,98920,100,100015,100,98829,100,100016,100,98822,100,100048,100,98730,100,100058,100,,
2019-06-28 09:47:31.558182078,99374,100,99262,592,99410,792,99247,100,99453,102,99141,100,99749,100,99022,100,99835,100,99020,100,99871,200,98920,100,99932,100,98829,100,100015,100,98822,100,100016,100,98730,100,100048,100,,
2019-06-28 09:47:31.809256397,99374,200,99262,592,99410,792,99247,100,99453,102,99141,100,99749,100,99022,100,99835,100,99020,100,99871,200,98920,100,99932,100,98829,100,100015,100,98822,100,100016,100,98730,100,100048,100,,
2019-06-28 09:47:31.888492300,99374,300,99262,592,99410,792,99247,100,99453,102,99141,100,99749,100,99022,100,99835,100,99020,100,99871,100,98920,100,99932,100,98829,100,100015,100,98822,100,100016,100,98730,100,100048,100,,
2019-06-28 09:47:38.615893907,99374,300,99262,492,99410,792,99247,100,99453,102,99141,100,99749,100,99022,100,99835,100,99020,100,99871,100,98920,100,99932,100,98829,100,100015,100,98822,100,100016,100,98730,100,100058,100,,
2019-06-28 09:47:40.000000000,99374,546,99247,346,99410,546,99141,346,99453,102,99022,100,99749,100,99020,100,99835,100,98920,100,99871,100,98829,100,99932,100,98822,100,100015,100,98730,100,100016,100,,,100058,100,,
2019-06-28 09:47:41.232398363,99374,546,99247,346,99410,546,99141,346,99453,102,99022,100,99749,100,99020,100,99835,100,98920,100,99871,100,98829,100,100015,100,98822,100,100016,100,98730,100,100058,100,,,100062,100,,
2019-06-28 09:47:44.785747696,99374,546,99247,246,99410,546,99141,346,99453,102,99022,100,99749,100,99020,100,99835,100,98920,100,99871,100,98822,100,100015,100,98730,100,100016,100,,,100058,100,,,100062,100,,
2019-06-28 09:47:50.000000000,99374,467,99141,267,99410,462,99022,262,99453,264,99020,262,99749,100,98920,100,99835,100,98822,100,99871,100,98730,100,100015,100,,,100016,100,,,100058,100,,,100062,100,,
2019-06-28 09:48:00.000000000,99374,792,99141,592,99410,300,99022,100,99453,102,99020,100,99749,100,98920,100,99835,100,98822,100,99871,100,98730,100,100015,100,,,100016,100,,,100058,100,,,100062,100,,
2019-06-28 09:48:10.000000000,99374,398,99141,198,99410,398,99022,198,99453,200,99020,198,99749,198,98920,198,99835,198,98822,198,99871,100,98730,100,100015,100,,,100016,100,,,100058,100,,,100062,100,,
2019-06-28 09:48:11.780894671,99374,398,99141,98,99410,398,99022,198,99453,200,99020,198,99749,198,98920,198,99835,98,98822,198,99871,100,98730,100,100015,100,,,100016,100,,,100058,100,,,100062,100,,
2019-06-28 09:48:20.000000000,99374,546,99022,346,99410,546,99020,346,99453,102,98920,100,99749,100,98822,100,99871,100,98730,100,100015,100,,,100016,100,,,100058,100,,,100062,100,,,100064,100,,
2019-06-28 09:48:20.466017729,99374,546,99022,346,99410,546,99020,346,99453,102,98920,100,99749,100,98822,100,99871,100,98758,100,100015,100,98730,100,100016,100,,,100058,100,,,100062,100,,,100064,100,,
2019-06-28 09:48:20.493341322,99374,546,99022,346,99410,546,99020,346,99453,102,98920,100,99749,100,98822,100,100015,100,98758,100,100016,100,98730,100,100058,100,,,100062,100,,,100064,100,,,100068,100,,
2019-06-28 09:48:30.000000000,99374,423,99022,223,99410,423,99020,223,99453,225,98920,223,99749,223,98822,223,100015,100,98758,100,100016,100,98730,100,100058,100,,,100062,100,,,100064,100,,,100068,100,,
2019-06-28 09:48:40.000000000,99374,398,99022,198,99410,398,99020,198,99453,200,98920,198,99749,198,98822,198,100015,198,98758,198,100016,100,98730,100,100058,100,,,100062,100,,,100064,100,,,100068,100,,
2019-06-28 09:48:50.000000000,99374,467,99022,267,99410,462,99020,262,99453,264,98920,262,99749,100,98822,100,100015,100,98758,100,100016,100,98730,100,100058,100,,,100062,100,,,100064,100,,,100068,100,,
2019-06-28 09:48:52.407027269,99374,467,99022,167,99410,462,99020,262,99453,264,98920,262,99749,100,98822,100,100015,100,98758,100,100016,100,98730,100,100062,100,,,100064,100,,,100068,100,,,100072,100,,
2019-06-28 09:49:00.000000000,99374,792,99020,592,99410,300,98920,100,99453,102,98822,100,99749,100,98758,100,100015,100,98730,100,100016,100,,,100062,100,,,100064,100,,,100068,100,,,100072,100,,
2019-06-28 09:49:10.000000000,99374,467,99020,267,99410,462,98920,262,99453,264,98822,262,99749,100,98758,100,100015,100,98730,100,100016,100,,,100062,100,,,100064,100,,,100068,100,,,100072,100,,
2019-06-28 09:49:14.651507908,99141,100,99020,267,99374,467,98920,262,99410,462,98822,262,99453,264,98758,100,99749,100,98730,100,100015,100,,,100016,100,,,100062,100,,,100064,100,,,100068,100,,
2019-06-28 09:49:20.000000000,99141,198,99020,198,99374,398,98920,198,99410,398,98822,198,99453,200,98758,198,99749,198,98730,198,100015,100,,,100016,100,,,100062,100,,,100064,100,,,100068,100,,
2019-06-28 09:49:21.751426109,99141,298,99020,198,99374,398,98920,198,99410,398,98822,198,99453,200,98758,198,99749,198,98730,198,100015,100,,,100016,100,,,100062,100,,,100064,100,,,100068,100,,
2019-06-28 09:49:30.000000000,99141,367,99020,267,99374,462,98920,262,99410,462,98822,262,99453,102,98758,100,99749,100,98730,100,100015,100,,,100016,100,,,100062,100,,,100064,100,,,100068,100,,
2019-06-28 09:49:40.000000000,99141,367,99020,267,99374,462,98920,262,99410,462,98822,262,99453,102,98758,100,99749,100,98730,100,100015,100,,,100016,100,,,100062,100,,,100064,100,,,100068,100,,
2019-06-28 09:49:50.000000000,99141,323,99020,223,99374,423,98920,223,99410,423,98822,223,99453,225,98758,223,99749,100,98730,100,100015,100,,,100016,100,,,100062,100,,,100064,100,,,100068,100,,
2019-06-28 09:49:52.714508792,99141,323,99020,123,99374,423,98920,223,99410,423,98822,223,99453,225,98758,223,99749,100,98730,100,100015,100,,,100016,100,,,100062,100,,,100064,100,,,100068,100,,
2019-06-28 09:50:00.000000000,99141,692,98920,592,99374,300,98822,100,99410,300,98758,100,99453,102,98730,100,99749,100,,,100015,100,,,100016,100,,,100062,100,,,100064,100,,,100068,100,,
2019-06-28 09:50:10.000000000,99141,446,98920,346,99374,546,98822,346,99410,300,98758,100,99453,102,98730,100,99749,100,,,100015,100,,,100016,100,,,100062,100,,,100064,100,,,100068,100,,
2019-06-28 09:50:20.000000000,99141,298,98920,198,99374,398,98822,198,99410,398,98758,198,99453,200,98730,198,99749,198,98729,98,100015,100,,,100016,100,,,100062,100,,,100064,100,,,100068,100,,
2019-06-28 09:50:30.000000000,99141,692,98920,592,99374,300,98822,100,99410,300,98758,100,99453,102,98730,100,99749,100,,,100015,100,,,100016,100,,,100062,100,,,100064,100,,,100068,100,,
2019-06-28 09:50:34.622533988,99141,592,98920,592,99374,300,98822,100,99410,300,98758,100,99453,102,98730,100,99749,100,,,100015,100,,,100016,100,,,100062,100,,,100064,100,,,100068,100,,
2019-06-28 09:50:40.000000000,99141,592,98920,592,99374,300,98822,100,99410,300,98758,100,99453,102,98730,100,99749,100,,,100015,100,,,100016,100,,,100062,100,,,100064,100,,,100068,100,,
2019-06-28 09:50:40.982943049,99141,592,98920,592,99374,300,98822,100,99410,300,98758,100,99453,102,98730,100,99749,100,,,99909,100,,,100015,100,,,100016,100,,,100062,100,,,100064,100,,
2019-06-28 09:50:50.000000000,99141,592,98920,592,99374,300,98822,100,99410,300,98758,100,99453,102,98730,100,99749,100,,,99909,100,,,100015,100,,,100016,100,,,100062,100,,,100064,100,,
2019-06-28 09:51:00.000000000,99141,592,98920,592,99374,300,98822,100,99410,300,98758,100,99453,102,98730,100,99749,100,,,99909,100,,,100015,100,,,100016,100,,,100062,100,,,100064,100,,
2019-06-28 09:51:08.285401666,99141,492,98920,592,99374,300,98822,100,99410,300,98758,100,99453,102,98730,100,99749,100,,,99909,100,,,100015,100,,,100016,100,,,100062,100,,,100064,100,,
2019-06-28 09:51:09.909968363,99141,492,98920,592,99374,300,98822,100,99410,300,98758,100,99453,102,98730,100,99749,100,,,99909,100,,,100015,100,,,100016,100,,,100062,100,,,100064,100,,
2019-06-28 09:51:10.000000000,99374,467,98920,267,99410,462,98822,262,99453,264,98758,262,99749,100,98730,100,99909,100,,,100015,100,,,100016,100,,,100062,100,,,100064,100,,,100068,100,,
2019-06-28 09:51:15.345482939,99374,467,98920,267,99410,462,98822,262,99453,264,98758,262,99749,100,98730,100,99909,100,,,100015,100,,,100016,100,,,100046,100,,,100062,100,,,100064,100,,
2019-06-28 09:51:20.000000000,99374,467,98920,267,99410,462,98822,262,99453,264,98758,262,99749,100,98730,100,99909,100,,,100015,100,,,100016,100,,,100046,100,,,100062,100,,,100064,100,,
2019-06-28 09:51:30.000000000,99374,398,98920,198,99410,398,98822,198,99453,200,98758,198,99749,198,98730,198,99909,198,98729,98,100015,100,,,100016,100,,,100046,100,,,100062,100,,,100064,100,,
2019-06-28 09:51:40.000000000,99374,423,98920,223,99410,423,98822,223,99453,225,98758,223,99749,223,98730,223,99909,100,,,100015,100,,,100016,100,,,100046,100,,,100062,100,,,100064,100,,
2019-06-28 09:51:50.000000000,99374,398,98920,198,99410,398,98822,198,99453,200,98758,198,99749,198,98730,198,99909,198,98729,98,100015,100,,,100016,100,,,100046,100,,,100062,100,,,100064,100,,
2019-06-28 09:51:55.420610176,99374,298,98920,198,99410,398,98822,198,99453,200,98758,198,99749,198,98730,198,99909,198,98729,98,100015,100,,,100016,100,,,100046,100,,,100062,100,,,100064,100,,
2019-06-28 09:52:00.000000000,99374,692,98920,592,99410,300,98822,100,99453,102,98758,100,99749,100,98730,100,99909,100,,,100015,100,,,100016,100,,,100046,100,,,100062,100,,,100064,100,,
2019-06-28 09:52:09.562412683,99374,592,98920,592,99410,300,98822,100,99453,102,98758,100,99749,100,98730,100,99909,100,,,100015,100,,,100016,100,,,100046,100,,,100062,100,,,100064,100,,
2019-06-28 09:52:10.000000000,99374,267,98920,267,99410,462,98822,262,99453,264,98758,262,99749,100,98730,100,99909,100,,,100015,100,,,100016,100,,,100046,100,,,100062,100,,,100064,100,,
2019-06-28 09:52:14.943554353,99374,167,98920,267,99410,462,98822,262,99453,264,98758,262,99749,100,98730,100,99909,100,,,100015,100,,,100016,100,,,100046,100,,,100062,100,,,100064,100,,
2019-06-28 09:52:20.000000000,99410,546,98920,346,99453,348,98822,346,99749,100,98758,100,99909,100,98730,100,100015,100,,,100016,100,,,100046,100,,,100062,100,,,100064,100,,,100068,100,,
2019-06-28 09:52:21.145967420,99410,546,98920,346,99453,348,98822,346,99749,100,98758,100,99909,100,98730,100,100015,100,,,100016,100,,,100046,100,,,100062,100,,,100064,100,,,100068,100,,
2019-06-28 09:52:30.000000000,99410,792,98920,592,99453,102,98822,100,99749,100,98758,100,99909,100,98730,100,100015,100,,,100016,100,,,100046,100,,,100062,100,,,100064,100,,,100068,100,,
2019-06-28 09:52:40.000000000,99410,467,98920,267,99453,264,98822,262,99749,262,98758,262,99909,100,98730,100,100015,100,,,100016,100,,,100046,100,,,100062,100,,,100064,100,,,100068,100,,
2019-06-28 09:52:47.284106028,99410,467,98920,267,99453,264,98822,262,99749,262,98758,262,99799,100,98730,100,99909,100,,,100015,100,,,100016,100,,,100046,100,,,100062,100,,,100064,100,,
2019-06-28 09:52:50.000000000,99410,423,98920,223,99453,225,98822,223,99749,223,98758,223,99799,223,98730,223,99909,100,,,100015,100,,,100016,100,,,100046,100,,,100062,100,,,100064,100,,
2019-06-28 09:52:59.155212821,99410,323,98920,223,99453,225,98822,223,99749,223,98758,223,99799,223,98730,223,99909,100,,,100015,100,,,100016,100,,,100046,100,,,100062,100,,,100064,100,,
2019-06-28 09:53:00.000000000,99410,692,98920,592,99453,102,98822,100,99749,100,98758,100,99799,100,98730,100,99909,100,,,100015,100,,,100016,100,,,100046,100,,,100062,100,,,100064,100,,
2019-06-28 09:53:01.951910090,99410,692,98920,592,99453,102,98822,100,99749,100,98758,100,99799,100,98730,100,99909,100,,,99959,100,,,100015,100,,,100016,100,,,100046,100,,,100062,100,,
2019-06-28 09:53:10.000000000,99410,298,98920,198,99453,200,98822,198,99749,198,98758,198,99799,198,98730,198,99909,198,98729,98,99959,100,,,100015,100,,,100016,100,,,100046,100,,,100062,100,,
2019-06-28 09:53:20.000000000,99410,446,98920,346,99453,348,98822,346,99749,100,98758,100,99799,100,98730,100,99909,100,,,99959,100,,,100015,100,,,100016,100,,,100046,100,,,100062,100,,
2019-06-28 09:53:30.000000000,99410,323,98920,223,99453,225,98822,223,99749,223,98758,223,99799,223,98730,223,99909,100,,,99959,100,,,100015,100,,,100016,100,,,100046,100,,,100062,100,,
2019-06-28 09:53:40.000000000,99410,298,98920,198,99453,200,98822,198,99749,198,98758,198,99799,198,98730,198,99909,198,98729,98,99959,100,,,100015,100,,,100016,100,,,100046,100,,,100062,100,,
2019-06-28 09:53:50.000000000,99410,298,98920,198,99453,200,98822,198,99749,198,98758,198,99799,198,98730,198,99909,198,98729,98,99959,100,,,100015,100,,,100016,100,,,100046,100,,,100062,100,,
2019-06-28 09:54:00.000000000,99410,323,98920,223,99453,225,98822,223,99749,223,98758,223,99799,223,98730,223,99909,100,,,99959,100,,,100015,100,,,100016,100,,,100046,100,,,100062,100,,
2019-06-28 09:54:10.000000000,99410,298,98920,198,99453,200,98822,198,99749,198,98758,198,99799,198,98730,198,99909,198,98729,98,99959,100,,,100015,100,,,100016,100,,,100046,100,,,100062,100,,
2019-06-28 09:54:14.200231635,99410,298,99374,100,99453,200,98920,198,99749,198,98822,198,99799,198,98758,198,99909,198,98730,198,99959,100,98729,98,100015,100,,,100016,100,,,100046,100,,,100062,100,,
2019-06-28 09:54:20.000000000,99410,367,99374,267,99453,264,98920,262,99749,262,98822,262,99799,100,98758,100,99909,100,98730,100,99959,100,,,100015,100,,,100016,100,,,100046,100,,,100062,100,,
2019-06-28 09:54:30.000000000,99410,298,99374,198,99453,200,98920,198,99749,198,98822,198,99799,198,98758,198,99909,198,98730,198,99959,100,,,100015,100,,,100016,100,,,100046,100,,,100062,100,,
2019-06-28 09:54:40.000000000,99410,692,99374,592,99453,102,98920,100,99749,100,98822,100,99799,100,98758,100,99909,100,98730,100,99959,100,,,100015,100,,,100016,100,,,100046,100,,,100062,100,,
2019-06-28 09:54:42.579328387,99410,692,99374,592,99453,102,98920,100,99749,100,98822,100,99799,100,98758,100,99909,100,98730,100,99959,100,,,100015,100,,,100016,100,,,100046,100,,,100062,100,,
2019-06-28 09:54:45.802319132,99410,692,99374,592,99453,102,98920,100,99749,100,98822,100,99799,100,98758,100,99909,100,98730,100,99959,100,,,100015,100,,,100016,100,,,100046,100,,,100062,100,,
2019-06-28 09:54:50.000000000,99410,323,99374,223,99453,225,98920,223,99749,223,98822,223,99799,223,98758,223,99909,100,98730,100,99959,100,,,100015,100,,,100016,100,,,100046,100,,,100062,100,,
2019-06-28 09:55:00.000000000,99410,367,99374,267,99453,264,98920,262,99749,262,98822,262,99799,100,98758,100,99909,100,98730,100,99959,100,,,100015,100,,,100016,100,,,100046,100,,,100062,100,,
2019-06-28 09:55:09.897004636,99410,367,99374,267,99453,264,98920,162,99749,262,98822,262,99799,100,98758,100,99909,100,98730,100,99959,100,,,100015,100,,,100016,100,,,100046,100,,,100062,100,,
2019-06-28 09:55:10.000000000,99410,367,99374,267,99453,264,98822,262,99749,262,98758,262,99799,100,98730,100,99909,100,,,99959,100,,,100015,100,,,100016,100,,,100046,100,,,100062,100,,
2019-06-28 09:55:20.000000000,99410,298,99374,198,99453,200,98822,198,99749,198,98758,198,99799,198,98730,198,99909,198,98729,98,99959,100,,,100015,100,,,100016,100,,,100046,100,,,100062,100,,
2019-06-28 09:55:23.748776587,99410,298,99374,198,99453,200,98822,198,99749,198,98758,198,99799,198,98730,198,99909,198,98729,98,99959,100,,,100015,100,,,100016,100,,,100046,100,,,100062,100,,
2019-06-28 09:55:30.000000000,99410,446,99374,346,99453,348,98822,346,99749,100,98758,100,99799,100,98730,100,99909,100,,,99959,100,,,100015,100,,,100016,100,,,100046,100,,,100062,100,,
2019-06-28 09:55:40.000000000,99410,446,99374,346,99453,348,98822,346,99749,100,98758,100,99799,100,98730,100,99909,100,,,99959,100,,,100015,100,,,100016,100,,,100046,100,,,100062,100,,
2019-06-28 09:55:40.666170424,99410,346,99374,346,99453,346,98822,346,99749,100,98758,100,99799,100,98730,100,99909,100,,,99959,100,,,100015,100,,,100016,100,,,100046,100,,,100062,100,,
2019-06-28 09:55:47.321712217,99410,246,99374,346,99453,346,98822,346,99749,100,98758,100,99799,100,98730,100,99909,100,,,100015,100,,,100016,100,,,100046,100,,,100062,100,,,100064,100,,
2019-06-28 09:55:50.000000000,99453,267,99374,267,99749,262,98822,262,99799,262,98758,262,99909,100,98730,100,100015,100,,,100016,100,,,100046,100,,,100062,100,,,100064,100,,,100068,100,,
2019-06-28 09:56:00.000000000,99453,198,99374,198,99749,198,98822,198,99799,198,98758,198,99909,198,98730,198,100015,198,98729,98,100016,100,,,100046,100,,,100062,100,,,100064,100,,,100068,100,,
2019-06-28 09:56:01.549672963,99453,198,99410,100,99749,198,99374,198,99799,198,98822,198,99909,198,98758,198,100015,198,98730,198,100016,100,98729,98,100046,100,,,100062,100,,,100064,100,,,100068,100,,
2019-06-28 09:56:04.658880793,99453,198,99410,200,99749,198,99374,198,99799,198,98822,198,99909,198,98758,198,100015,198,98730,198,100016,100,98729,98,100046,100,,,100062,100,,,100064,100,,,100068,100,,
2019-06-28 09:56:10.000000000,99453,223,99410,323,99749,223,99374,223,99799,223,98822,223,99909,223,98758,223,100015,100,98730,100,100016,100,,,100046,100,,,100062,100,,,100064,100,,,100068,100,,
2019-06-28 09:56:11.000603280,99453,223,99410,423,99749,223,99374,223,99799,223,98822,223,99909,223,98758,223,100015,100,98730,100,100016,100,,,100046,100,,,100062,100,,,100064,100,,,100068,100,,
2019-06-28 09:56:20.000000000,99453,223,99410,423,99749,223,99374,223,99799,223,98822,223,99909,223,98758,223,100015,100,98730,100,100016,100,,,100046,100,,,100062,100,,,100064,100,,,100068,100,,
2019-06-28 09:56:30.000000000,99453,346,99410,546,99749,346,99374,346,99799,100,98822,100,99909,100,98758,100,100015,100,98730,100,100016,100,,,100046,100,,,100062,100,,,100064,100,,,100068,100,,
2019-06-28 09:56:33.170609098,99453,246,99410,546,99749,346,99374,346,99799,100,98822,100,99909,100,98758,100,100015,100,98730,100,100016,100,,,100046,100,,,100062,100,,,100064,100,,,100068,100,,
2019-06-28 09:56:40.000000000,99749,223,99410,423,99799,223,99374,223,99909,223,98822,223,100015,223,98758,223,100016,100,98730,100,100046,100,,,100062,100,,,100064,100,,,100068,100,,,100072,100,,
2019-06-28 09:56:50.000000000,99749,267,99410,467,99799,262,99374,262,99909,262,98822,262,100015,100,98758,100,100016,100,98730,100,100046,100,,,100062,100,,,100064,100,,,100068,100,,,100072,100,,
2019-06-28 09:56:54.423085926,99749,167,99410,467,99799,262,99374,262,99909,262,98822,262,100015,100,98758,100,100016,100,98730,100,100046,100,,,100062,100,,,100064,100,,,100068,100,,,100072,100,,
2019-06-28 09:57:00.000000000,99799,346,99410,546,99909,346,99374,346,100015,100,98822,100,100016,100,98758,100,100046,100,98730,100,100062,100,,,100064,100,,,100068,100,,,100072,100,,,100089,100,,
2019-06-28 09:57:10.000000000,99799,267,99410,467,99909,262,99374,262,100015,262,98822,262,100016,100,98758,100,100046,100,98730,100,100062,100,,,100064,100,,,100068,100,,,100072,100,,,100089,100,,
2019-06-28 09:57:20.000000000,99799,198,99410,398,99909,198,99374,198,100015,198,98822,198,100016,198,98758,198,100046,198,98730,198,100062,100,,,100064,100,,,100068,100,,,100072,100,,,100089,100,,
2019-06-28 09:57:30.000000000,99799,198,99410,398,99909,198,99374,198,100015,198,98822,198,100016,198,98758,198,100046,198,98730,198,100062,100,,,100064,100,,,100068,100,,,100072,100,,,100089,100,,
2019-06-28 09:57:32.208496567,99799,98,99410,398,99909,198,99374,198,100015,198,98822,198,100016,198,98758,198,100046,198,98730,198,100062,100,,,100064,100,,,100068,100,,,100072,100,,,100089,100,,
2019-06-28 09:57:32.615257010,99909,198,99799,2,100015,198,99410,398,100016,198,99374,198,100046,198,98822,198,100062,100,98758,198,100064,100,98730,198,100068,100,,,100072,100,,,100089,100,,,100098,100,,
2019-06-28 09:57:40.000000000,99909,223,99799,125,100015,223,99410,423,100016,223,99374,223,100046,223,98822,223,100062,100,98758,100,100064,100,98730,100,100068,100,,,100072,100,,,100089,100,,,100098,100,,
2019-06-28 09:57:45.746832222,99909,223,99799,125,100015,223,99410,423,100016,223,99374,223,100046,223,98822,223,100062,100,98758,100,100064,100,98730,100,100068,100,,,100072,100,,,100089,100,,,100098,100,,
2019-06-28 09:57:50.000000000,99909,267,99799,169,100015,262,99410,462,100016,262,99374,262,100046,100,98822,100,100062,100,98758,100,100064,100,98730,100,100068,100,,,100072,100,,,100089,100,,,100098,100,,
2019-06-28 09:58:00.000000000,99909,267,99799,169,100015,262,99410,462,100016,262,99374,262,100046,100,98822,100,100062,100,98758,100,100064,100,98730,100,100068,100,,,100072,100,,,100089,100,,,100098,100,,
2019-06-28 09:58:10.000000000,99909,346,99799,248,100015,346,99410,546,100016,100,99374,100,100046,100,98822,100,100062,100,98758,100,100064,100,98730,100,100068,100,,,100072,100,,,100089,100,,,100098,100,,
2019-06-28 09:58:20.000000000,99909,346,99799,248,100015,346,99410,546,100016,100,99374,100,100046,100,98822,100,100062,100,98758,100,100064,100,98730,100,100068,100,,,100072,100,,,100089,100,,,100098,100,,
2019-06-28 09:58:27.235802175,99909,246,99799,248,100015,346,99410,546,100016,100,99374,100,100046,100,98822,100,100062,100,98758,100,100064,100,98730,100,100068,100,,,100072,100,,,100089,100,,,100098,100,,
2019-06-28 09:58:30.000000000,100015,223,99799,125,100016,223,99410,423,100046,223,99374,223,100062,223,98822,223,100064,100,98758,100,100068,100,98730,100,100072,100,,,100089,100,,,100098,100,,,100105,100,,
2019-06-28 09:58:40.000000000,100015,592,99799,494,100016,100,99410,300,100046,100,99374,100,100062,100,98822,100,100064,100,98758,100,100068,100,98730,100,100072,100,,,100089,100,,,100098,100,,,100105,100,,
2019-06-28 09:58:45.712919494,99870,100,99799,494,100015,592,99410,300,100016,100,99374,100,100046,100,98822,100,100062,100,98758,100,100064,100,98730,100,100068,100,,,100072,100,,,100089,100,,,100098,100,,
2019-06-28 09:58:50.000000000,99870,198,99799,100,100015,198,99410,398,100016,198,99374,198,100046,198,98822,198,100062,198,98758,198,100064,100,98730,100,100068,100,,,100072,100,,,100089,100,,,100098,100,,
2019-06-28 09:59:00.000000000,99870,267,99799,169,100015,262,99410,462,100016,262,99374,262,100046,100,98822,100,100062,100,98758,100,100064,100,98730,100,100068,100,,,100072,100,,,100089,100,,,100098,100,,
2019-06-28 09:59:02.703408843,99870,267,99799,169,100015,262,99410,462,100016,262,99374,262,100046,100,98822,100,100062,100,98758,100,100064,100,98730,100,100068,100,,,100072,100,,,100089,100,,,100098,100,,
2019-06-28 09:59:04.062854677,99870,167,99799,169,100015,262,99410,462,100016,262,99374,262,100046,100,98822,100,100062,100,98758,100,100064,100,98730,100,100068,100,,,100072,100,,,100089,100,,,100098,100,,
2019-06-28 09:59:10.000000000,100015,223,99799,125,100016,223,99410,423,100046,223,99374,223,100062,223,98822,223,100064,100,98758,100,100068,100,98730,100,100072,100,,,100089,100,,,100098,100,,,100105,100,,
2019-06-28 09:59:15.506316164,100015,223,99870,100,100016,223,99799,125,100046,223,99410,323,100062,223,99374,223,100064,100,98822,223,100068,100,98758,100,100072,100,98730,100,100089,100,,,100098,100,,,100105,100,,
2019-06-28 09:59:20.000000000,100015,592,99870,592,100016,100,99799,2,100046,100,99410,200,100062,100,99374,100,100064,100,98822,100,100068,100,98758,100,100072,100,98730,100,100089,100,,,100098,100,,,100105,100,,
2019-06-28 09:59:20.435149975,100015,592,99870,692,100016,100,99799,2,100046,100,99410,200,100062,100,99374,100,100064,100,98822,100,100068,100,98758,100,100072,100,98730,100,100089,100,,,100098,100,,,100105,100,,
2019-06-28 09:59:22.121582698,100015,592,99990,100,100016,100,99870,692,100046,100,99799,2,100062,100,99410,200,100064,100,99374,100,100068,100,98822,100,100072,100,98758,100,100089,100,98730,100,100098,100,,,100105,100,,
2019-06-28 09:59:24.920334398,100015,492,99990,100,100016,100,99870,692,100046,100,99799,2,100062,100,99410,200,100064,100,99374,100,100068,100,98822,100,100072,100,98758,100,100089,100,98730,100,100098,100,,,100105,100,,
2019-06-28 09:59:25.249075798,100015,392,99990,100,100016,100,99870,692,100046,100,99799,2,100062,100,99410,200,100064,100,99374,100,100068,100,98822,100,100072,100,98758,100,100089,100,98730,100,100098,100,,,100105,100,,
2019-06-28 09:59:30.000000000,100016,592,99990,592,100046,100,99870,200,100062,100,99799,2,100064,100,99410,200,100068,100,99374,100,100072,100,98822,100,100089,100,98758,100,100098,100,98730,100,100105,100,,,100138,100,,
2019-06-28 09:59:40.000000000,100016,267,99990,267,100046,262,99870,362,100062,262,99799,164,100064,100,99410,200,100068,100,99374,100,100072,100,98822,100,100089,100,98758,100,100098,100,98730,100,100105,100,,,100138,100,,
2019-06-28 09:59:42.554416083,100016,267,99990,267,100046,262,99911,100,100062,262,99870,362,100064,100,99799,164,100068,100,99410,200,100072,100,99374,100,100089,100,98822,100,100098,100,98758,100,100105,100,98730,100,100138,100,,
2019-06-28 09:59:50.000000000,100016,346,99990,346,100046,346,99911,346,100062,100,99870,200,100064,100,99799,2,100068,100,99410,200,100072,100,99374,100,100089,100,98822,100,100098,100,98758,100,100105,100,98730,100,100138,100,,
2019-06-28 09:59:55.693218637,100016,346,99990,346,100046,346,99927,100,100062,100,99911,346,100064,100,99870,200,100068,100,99799,2,100072,100,99410,200,100089,100,99374,100,100098,100,98822,100,100105,100,98758,100,100138,100,98730,100
2019-06-28 10:00:00.000000000,100016,592,99990,592,100046,100,99927,100,100062,100,99911,100,100064,100,99870,200,100068,100,99799,2,100072,100,99410,200,100089,100,99374,100,100098,100,98822,100,100105,100,98758,100,100138,100,98730,100
2019-06-28 10:00:10.000000000,100016,267,99990,267,100046,262,99927,262,100062,262,99911,262,100064,100,99870,200,100068,100,99799,2,100072,100,99410,200,100089,100,99374,100,100098,100,98822,100,100105,100,98758,100,100138,100,98730,100
2019-06-28 10:00:20.000000000,100016,267,99990,267,100046,262,99927,262,100062,262,99911,262,100064,100,99870,200,100068,100,99799,2,100072,100,99410,200,100089,100,99374,100,100098,100,98822,100,100105,100,98758,100,100138,100,98730,100
2019-06-28 10:00:30.000000000,100016,346,99990,346,100046,346,99927,346,100062,100,99911,100,100064,100,99870,200,100068,100,99799,2,100072,100,99410,200,100089,100,99374,100,100098,100,98822,100,100105,100,98758,100,100138,100,98730,100
2019-06-28 10:00:40.000000000,100016,198,99990,198,100046,198,99927,198,100062,198,99911,198,100064,198,99870,298,100068,198,99799,100,100072,100,99410,200,100089,100,99374,100,100098,100,98822,100,100105,100,98758,100,100138,100,98730,100
2019-06-28 10:00:50.000000000,100016,198,99990,198,100046,198,99927,198,100062,198,99911,198,100064,198,99870,298,100068,198,99799,100,100072,100,99410,200,100089,100,99374,100,100098,100,98822,100,100105,100,98758,100,100138,100,98730,100
2019-06-28 10:00:53.024131044,100016,198,99990,98,100046,198,99927,198,100062,198,99911,198,100064,198,99870,298,100068,198,99799,100,100072,100,99410,200,100089,100,99374,100,100098,100,98822,100,100105,100,98758,100,100138,100,98730,100
2019-06-28 10:01:00.000000000,100016,267,99927,267,100046,262,99911,262,100062,262,99870,362,100064,100,99799,2,100068,100,99410,200,100072,100,99374,100,100089,100,98822,100,100098,100,98758,100,100105,100,98730,100,100138,100,,
2019-06-28 10:01:00.108760851,100016,267,99927,267,100046,262,99911,262,100062,262,99870,362,100064,100,99799,2,100068,100,99657,100,100089,100,99410,200,100098,100,99374,100,100105,100,98822,100,100138,100,98758,100,100169,100,98730,100
2019-06-28 10:01:04.914607748,100015,100,99927,267,100016,267,99911,262,100046,262,99870,362,100062,262,99799,2,100064,100,99657,100,100068,100,99410,200,100089,100,99374,100,100098,100,98822,100,100138,100,98758,100,100169,100,98730,100
2019-06-28 10:01:10.000000000,100015,223,99927,223,100016,223,99911,223,100046,223,99870,323,100062,223,99799,125,100064,100,99657,100,100068,100,99410,200,100089,100,99374,100,100098,100,98822,100,100138,100,98758,100,100169,100,98730,100
2019-06-28 10:01:17.731653506,100015,223,99927,223,100016,223,99911,223,100046,223,99870,323,100062,223,99799,125,100064,100,99682,100,100068,100,99657,100,100089,100,99410,200,100098,100,99374,100,100138,100,98822,100,100169,100,98758,100
2019-06-28 10:01:20.000000000,100015,267,99927,267,100016,262,99911,262,100046,262,99870,362,100062,100,99799,2,100064,100,99682,100,100068,100,99657,100,100089,100,99410,200,100098,100,99374,100,100138,100,98822,100,100169,100,98758,100
2019-06-28 10:01:22.041455087,100015,267,99927,267,100016,262,99913,100,100046,262,99911,262,100062,100,99870,362,100064,100,99799,2,100068,100,99682,100,100089,100,99657,100,100098,100,99410,200,100138,100,99374,100,100169,100,98822,100
2019-06-28 10:01:30.000000000,100015,267,99927,267,100016,262,99913,262,100046,262,99911,262,100062,100,99870,200,100064,100,99799,2,100068,100,99682,100,100089,100,99657,100,100098,100,99410,200,100138,100,99374,100,100169,100,98822,100
2019-06-28 10:01:30.114478161,100015,267,99927,267,100016,262,99913,262,100046,262,99911,262,100062,100,99870,200,100064,100,99799,2,100068,100,99749,100,100089,100,99657,100,100098,100,99410,200,100138,100,99374,100,100169,100,98822,100
2019-06-28 10:01:38.521466456,100015,267,99927,267,100016,262,99913,262,100046,262,99911,262,100062,100,99870,200,100064,100,99799,2,100068,100,99749,100,100089,100,99712,100,100098,100,99657,100,100138,100,99410,200,100169,100,99374,100
2019-06-28 10:01:40.000000000,100015,267,99927,267,100016,262,99913,262,100046,262,99911,262,100062,100,99870,200,100064,100,99799,2,100068,100,99749,100,100089,100,99712,100,100098,100,99657,100,100138,100,99410,200,100169,100,99374,100
2019-06-28 10:01:50.000000000,100015,223,99927,223,100016,223,99913,223,100046,223,99911,223,100062,223,99870,323,100064,100,99799,2,100068,100,99749,100,100089,100,99712,100,100098,100,99657,100,100138,100,99410,200,100169,100,99374,100
2019-06-28 10:02:00.000000000,100015,223,99927,223,100016,223,99913,223,100046,223,99911,223,100062,223,99870,323,100064,100,99799,2,100068,100,99749,100,100089,100,99712,100,100098,100,99657,100,100138,100,99410,200,100169,100,99374,100
2019-06-28 10:02:10.000000000,100015,346,99927,346,100016,346,99913,346,100046,100,99911,100,100062,100,99870,200,100064,100,99799,2,100068,100,99749,100,100089,100,99712,100,100098,100,99657,100,100138,100,99410,200,100169,100,99374,100
2019-06-28 10:02:13.245527456,100015,446,99927,346,100016,346,99913,346,100046,100,99911,100,100062,100,99870,200,100064,100,99799,2,100068,100,99749,100,100089,100,99712,100,100098,100,99657,100,100138,100,99410,200,100169,100,99374,100
2019-06-28 10:02:20.000000000,100015,323,99927,223,100016,223,99913,223,100046,223,99911,223,100062,223,99870,323,100064,100,99799,2,100068,100,99749,100,100089,100,99712,100,100098,100,99657,100,100138,100,99410,200,100169,100,99374,100
2019-06-28 10:02:30.000000000,100015,692,99927,592,100016,100,99913,100,100046,100,99911,100,100062,100,99870,200,100064,100,99799,2,100068,100,99749,100,100089,100,99712,100,100098,100,99657,100,100138,100,99410,200,100169,100,99374,100
2019-06-28 10:02:31.314943268,100015,692,99927,492,100016,100,99913,100,100046,100,99911,100,100062,100,99870,200,100064,100,99799,2,100068,100,99749,100,100089,100,99712,100,100098,100,99657,100,100138,100,99410,200,100169,100,99374,100
2019-06-28 10:02:34.080311519,100015,692,99927,492,100016,100,99913,100,100046,100,99911,100,100062,100,99870,200,100064,100,99799,2,100068,100,99749,200,100089,100,99712,100,100098,100,99657,100,100138,100,99410,200,100169,100,99374,100
2019-06-28 10:02:39.309760766,100015,592,99927,492,100016,100,99913,100,100046,100,99911,100,100062,100,99870,200,100064,100,99799,2,100068,100,99749,200,100089,100,99712,100,100098,100,99657,100,100138,100,99410,200,100169,100,99374,100
2019-06-28 10:02:40.000000000,100015,592,99913,592,100016,100,99911,100,100046,100,99870,200,100062,100,99799,2,100064,100,99749,200,100068,100,99712,100,100089,100,99657,100,100098,100,99410,200,100138,100,99374,100,100169,100,98822,100
2019-06-28 10:02:43.215544257,100015,592,99913,592,100016,100,99911,100,100046,100,99870,200,100062,100,99799,2,100064,100,99749,200,100068,100,99712,100,100089,100,99657,100,100098,100,99525,100,100138,100,99410,200,100169,100,99374,100
2019-06-28 10:02:44.965476567,99946,100,99913,592,100015,592,99911,100,100016,100,99870,200,100046,100,99799,2,100062,100,99749,200,100064,100,99712,100,100068,100,99657,100,100089,100,99525,100,100098,100,99410,200,100138,100,99374,100
2019-06-28 10:02:50.000000000,99946,223,99913,223,100015,223,99911,223,100016,223,99870,323,100046,223,99799,125,100062,100,99749,200,100064,100,99712,100,100068,100,99657,100,100089,100,99525,100,100098,100,99410,200,100138,100,99374,100
2019-06-28 10:02:56.173083240,99946,223,99913,223,99990,100,99911,223,100015,223,99870,323,100016,223,99799,125,100046,223,99749,200,100064,100,99712,100,100068,100,99657,100,100089,100,99525,100,100098,100,99410,200,100138,100,99374,100
2019-06-28 10:03:00.000000000,99946,267,99913,267,99990,262,99911,262,100015,262,99870,362,100016,100,99799,2,100046,100,99749,200,100064,100,99712,100,100068,100,99657,100,100089,100,99525,100,100098,100,99410,200,100138,100,99374,100
2019-06-28 10:03:10.000000000,99946,198,99913,198,99990,198,99911,198,100015,198,99870,298,100016,198,99799,100,100046,198,99749,298,100064,100,99712,100,100068,100,99657,100,100089,100,99525,100,100098,100,99410,200,100138,100,99374,100
2019-06-28 10:03:19.465695147,99946,198,99913,198,99990,198,99911,198,100015,198,99870,298,100016,198,99799,100,100046,198,99749,298,100064,100,99712,100,100068,100,99657,100,100089,100,99525,100,100098,100,99410,200,100138,100,99374,100
2019-06-28 10:03:20.000000000,99946,198,99913,198,99990,198,99911,198,100015,198,99870,298,100016,198,99799,100,100046,198,99749,298,100064,100,99712,100,100068,100,99657,100,100089,100,99525,100,100098,100,99410,200,100138,100,99374,100
2019-06-28 10:03:25.677267805,99946,198,99913,98,99990,198,99911,198,100015,198,99870,298,100016,198,99799,100,100046,198,99749,298,100064,100,99712,100,100068,100,99657,100,100089,100,99525,100,100098,100,99410,200,100138,100,99374,100
2019-06-28 10:03:30.000000000,99946,346,99911,346,99990,346,99870,446,100015,100,99799,2,100016,100,99749,200,100046,100,99712,100,100064,100,99657,100,100068,100,99525,100,100089,100,99410,200,100098,100,99374,100,100138,100,99224,100
2019-06-28 10:03:40.000000000,99946,198,99911,198,99990,198,99870,298,100015,198,99799,100,100016,198,99749,298,100046,198,99712,198,100064,100,99657,100,100068,100,99525,100,100089,100,99410,200,100098,100,99374,100,100138,100,99224,100
2019-06-28 10:03:50.000000000,99946,198,99911,198,99990,198,99870,298,100015,198,99799,100,100016,198,99749,298,100046,198,99712,198,100064,100,99657,100,100068,100,99525,100,100089,100,99410,200,100098,100,99374,100,100138,100,99224,100
2019-06-28 10:03:51.826990594,99946,198,99911,198,99990,198,99870,298,100015,198,99799,100,100016,198,99749,298,100046,198,99712,198,100064,100,99657,100,100068,100,99525,100,100089,100,99410,200,100098,100,99224,100,100138,100,98822,100
2019-06-28 10:04:00.000000000,99946,223,99911,223,99990,223,99870,323,100015,223,99799,125,100016,223,99749,323,100046,100,99712,100,100064,100,99657,100,100068,100,99525,100,100089,100,99410,200,100098,100,99224,100,100138,100,98822,100
2019-06-28 10:04:10.000000000,99946,198,99911,198,99990,198,99870,298,100015,198,99799,100,100016,198,99749,298,100046,198,99712,198,100064,100,99657,100,100068,100,99525,100,100089,100,99410,200,100098,100,99224,100,100138,100,98822,100
2019-06-28 10:04:20.000000000,99946,223,99911,223,99990,223,99870,323,100015,223,99799,125,100016,223,99749,323,100046,100,99712,100,100064,100,99657,100,100068,100,99525,100,100089,100,99410,200,100098,100,99224,100,100138,100,98822,100
2019-06-28 10:04:30.000000000,99946,198,99911,198,99990,198,99870,298,100015,198,99799,100,100016,198,99749,298,100046,198,99712,198,100064,100,99657,100,100068,100,99525,100,100089,100,99410,200,100098,100,99224,100,100138,100,98822,100
2019-06-28 10:04:40.000000000,99946,346,99911,346,99990,346,99870,446,100015,100,99799,2,100016,100,99749,200,100046,100,99712,100,100064,100,99657,100,100068,100,99525,100,100089,100,99410,200,100098,100,99224,100,100138,100,98822,100
2019-06-28 10:04:45.655891119,99946,246,99911,246,99990,346,99870,446,100015,100,99799,2,100016,100,99749,200,100046,100,99712,100,100064,100,99657,100,100068,100,99525,100,100089,100,99410,200,100098,100,99224,100,100138,100,98822,100
2019-06-28 10:04:46.846856309,99946,246,99911,146,99990,346,99870,446,100015,100,99799,2,100016,100,99749,200,100046,100,99712,100,100064,100,99657,100,100068,100,99525,100,100089,100,99410,200,100098,100,99224,100,100138,100,98822,100
2019-06-28 10:04:50.000000000,99990,592,99870,692,100015,100,99799,2,100016,100,99749,200,100046,100,99712,100,100064,100,99657,100,100068,100,99525,100,100089,100,99410,200,100098,100,99224,100,100138,100,98822,100,100169,100,98758,100
2019-06-28 10:04:59.726171299,99911,100,99870,692,99990,592,99799,2,100015,100,99749,200,100016,100,99712,100,100046,100,99657,100,100064,100,99525,100,100068,100,99410,200,100089,100,99224,100,100098,100,98822,100,100138,100,98758,100
2019-06-28 10:05:00.000000000,99911,198,99870,298,99990,198,99799,100,100015,198,99749,298,100016,198,99712,198,100046,198,99657,198,100064,100,99525,100,100068,100,99410,200,100089,100,99224,100,100098,100,98822,100,100138,100,98758,100
2019-06-28 10:05:10.000000000,99911,592,99870,692,99990,100,99799,2,100015,100,99749,200,100016,100,99712,100,100046,100,99657,100,100064,100,99525,100,100068,100,99410,200,100089,100,99224,100,100098,100,98822,100,100138,100,98758,100
2019-06-28 10:05:20.000000000,99911,267,99870,367,99990,262,99799,164,100015,262,99749,362,100016,100,99712,100,100046,100,99657,100,100064,100,99525,100,100068,100,99410,200,100089,100,99224,100,100098,100,98822,100,100138,100,98758,100
2019-06-28 10:05:27.061276819,99911,267,99870,367,99990,262,99799,164,100015,262,99749,362,100016,100,99712,100,100046,100,99657,100,100068,100,99525,100,100089,100,99410,200,100098,100,99224,100,100138,100,98822,100,100169,100,98758,100
2019-06-28 10:05:30.000000000,99911,346,99870,446,99990,346,99799,248,100015,100,99749,200,100016,100,99712,100,100046,100,99657,100,100068,100,99525,100,100089,100,99410,200,100098,100,99224,100,100138,100,98822,100,100169,100,98758,100
2019-06-28 10:05:40.000000000,99911,198,99870,298,99990,198,99799,100,100015,198,99749,298,100016,198,99712,198,100046,198,99657,198,100068,100,99525,100,100089,100,99410,200,100098,100,99224,100,100138,100,98822,100,100169,100,98758,100
2019-06-28 10:05:50.000000000,99911,198,99870,298,99990,198,99799,100,100015,198,99749,298,100016,198,99712,198,100046,198,99657,198,100068,100,99525,100,100089,100,99410,200,100098,100,99224,100,100138,100,98822,100,100169,100,98758,100
2019-06-28 10:05:52.731625221,99911,198,99870,298,99990,198,99799,100,100015,198,99749,298,100016,98,99712,198,100046,198,99657,198,100068,100,99525,100,100089,100,99410,200,100098,100,99224,100,100138,100,98822,100,100169,100,98758,100
2019-06-28 10:06:00.000000000,99911,592,99870,692,99990,100,99799,2,100015,100,99749,200,100046,100,99712,100,100068,100,99657,100,100089,100,99525,100,100098,100,99410,200,100138,100,99224,100,100169,100,98822,100,100349,100,98758,100
2019-06-28 10:06:10.000000000,99911,267,99870,367,99990,262,99799,164,100015,262,99749,362,100046,100,99712,100,100068,100,99657,100,100089,100,99525,100,100098,100,99410,200,100138,100,99224,100,100169,100,98822,100,100349,100,98758,100
2019-06-28 10:06:20.000000000,99911,223,99870,323,99990,223,99799,125,100015,223,99749,323,100046,223,99712,223,100068,100,99657,100,100089,100,99525,100,100098,100,99410,200,100138,100,99224,100,100169,100,98822,100,100349,100,98758,100
2019-06-28 10:06:22.710946626,99911,223,99870,323,99990,223,99799,125,100015,223,99749,323,100046,223,99712,223,100068,100,99657,100,100089,100,99525,100,100098,100,99410,200,100138,100,99224,100,100169,100,98899,100,100349,100,98822,100
2019-06-28 10:06:30.000000000,99911,198,99870,298,99990,198,99799,100,100015,198,99749,298,100046,198,99712,198,100068,198,99657,198,100089,100,99525,100,100098,100,99410,200,100138,100,99224,100,100169,100,98899,100,100349,100,98822,100
2019-06-28 10:06:33.827949116,99911,198,99870,198,99990,198,99799,100,100015,198,99749,298,100046,198,99712,198,100068,198,99657,198,100089,100,99525,100,100098,100,99410,200,100138,100,99224,100,100169,100,98899,100,100349,100,98822,100
2019-06-28 10:06:40.000000000,99911,346,99870,346,99990,346,99799,248,100015,100,99749,200,100046,100,99712,100,100068,100,99657,100,100089,100,99525,100,100098,100,99410,200,100138,100,99224,100,100169,100,98899,100,100349,100,98822,100
2019-06-28 10:06:47.865183230,99911,346,99870,246,99990,346,99799,248,100015,100,99749,200,100046,100,99712,100,100068,100,99657,100,100089,100,99525,100,100098,100,99410,200,100138,100,99224,100,100169,100,98899,100,100349,100,98822,100
2019-06-28 10:06:50.000000000,99911,267,99799,169,99990,262,99749,362,100015,262,99712,262,100046,100,99657,100,100068,100,99525,100,100089,100,99410,200,100098,100,99224,100,100138,100,98899,100,100169,100,98822,100,100349,100,98758,100
2019-06-28 10:06:56.416621145,99870,100,99799,169,99911,267,99749,362,99990,262,99712,262,100015,262,99657,100,100046,100,99525,100,100068,100,99410,200,100089,100,99224,100,100098,100,98899,100,100138,100,98822,100,100169,100,98758,100
2019-06-28 10:06:58.057786803,99870,200,99799,169,99911,267,99749,362,99990,262,99712,262,100015,262,99657,100,100046,100,99525,100,100068,100,99410,200,100089,100,99224,100,100098,100,98899,100,100138,100,98822,100,100169,100,98758,100
2019-06-28 10:07:00.000000000,99870,298,99799,100,99911,198,99749,298,99990,198,99712,198,100015,198,99657,198,100046,198,99525,198,100068,100,99410,200,100089,100,99224,100,100098,100,98899,100,100138,100,98822,100,100169,100,98758,100
2019-06-28 10:07:00.588565613,99870,298,99799,100,99911,198,99749,298,99990,198,99712,198,100015,198,99657,198,100046,198,99525,198,100068,100,99410,200,100089,100,99224,100,100098,100,98899,100,100138,100,98822,100,100169,100,98800,100
2019-06-28 10:07:09.169401234,99870,298,99749,298,99911,198,99712,198,99990,198,99657,198,100015,198,99525,198,100046,198,99410,200,100068,100,99224,100,100098,100,98899,100,100138,100,98822,100,100169,100,98800,100,100349,100,98758,100
2019-06-28 10:07:10.000000000,99870,323,99749,323,99911,223,99712,223,99990,223,99657,223,100015,223,99525,223,100046,100,99410,200,100068,100,99224,100,100098,100,98899,100,100138,100,98822,100,100169,100,98800,100,100349,100,98758,100
2019-06-28 10:07:18.079808114,99869,100,99749,323,99870,323,99712,223,99911,223,99657,223,99990,223,99525,223,100015,223,99410,200,100046,100,99224,100,100068,100,98899,100,100098,100,98822,100,100138,100,98800,100,100169,100,98758,100
2019-06-28 10:07:20.000000000,99869,267,99749,367,99870,362,99712,262,99911,262,99657,262,99990,100,99525,100,100015,100,99410,200,100046,100,99224,100,100068,100,98899,100,100098,100,98822,100,100138,100,98800,100,100169,100,98758,100
2019-06-28 10:07:20.678107427,99869,267,99749,367,99870,362,99712,262,99911,262,99657,262,99990,100,99525,100,100015,100,99410,200,100046,100,99224,100,100068,100,98899,100,100098,100,98896,100,100138,100,98822,100,100169,100,98800,100
2019-06-28 10:07:30.000000000,99869,223,99749,323,99870,323,99712,223,99911,223,99657,223,99990,223,99525,223,100015,100,99410,200,100046,100,99224,100,100068,100,98899,100,100098,100,98896,100,100138,100,98822,100,100169,100,98800,100
2019-06-28 10:07:37.826742656,99869,323,99749,323,99870,323,99712,223,99911,223,99657,223,99990,223,99525,223,100015,100,99410,200,100046,100,99224,100,100068,100,98899,100,100098,100,98896,100,100138,100,98822,100,100169,100,98800,100
2019-06-28 10:07:40.000000000,99869,323,99749,323,99870,323,99712,223,99911,223,99657,223,99990,223,99525,223,100015,100,99410,200,100046,100,99224,100,100068,100,98899,100,100098,100,98896,100,100138,100,98822,100,100169,100,98800,100
2019-06-28 10:07:47.240109085,99869,323,99749,223,99870,323,99712,223,99911,223,99657,223,99990,223,99525,223,100015,100,99410,200,100046,100,99224,100,100068,100,98899,100,100098,100,98896,100,100138,100,98822,100,100349,100,98800,100
2019-06-28 10:07:50.000000000,99869,446,99749,346,99870,446,99712,346,99911,100,99657,100,99990,100,99525,100,100015,100,99410,200,100046,100,99224,100,100068,100,98899,100,100098,100,98896,100,100138,100,98822,100,100349,100,98800,100
2019-06-28 10:07:54.683195299,99869,446,99749,346,99870,446,99712,346,99911,100,99657,100,99990,100,99525,100,100015,100,99426,100,100046,100,99410,200,100068,100,99224,100,100098,100,98899,100,100138,100,98896,100,100349,100,98822,100
2019-06-28 10:08:00.000000000,99869,323,99749,223,99870,323,99712,223,99911,223,99657,223,99990,223,99525,223,100015,100,99426,100,100046,100,99410,200,100068,100,99224,100,100098,100,98899,100,100138,100,98896,100,100349,100,98822,100
2019-06-28 10:08:09.721814807,99869,323,99749,123,99870,323,99712,223,99911,223,99657,223,99990,223,99525,223,100015,100,99426,100,100046,100,99410,200,100068,100,98899,100,100098,100,98896,100,100138,100,98822,100,100349,100,98800,100
2019-06-28 10:08:10.000000000,99869,367,99712,267,99870,362,99657,262,99911,262,99525,262,99990,100,99426,100,100015,100,99410,200,100046,100,98899,100,100068,100,98896,100,100098,100,98822,100,100138,100,98800,100,100349,100,98758,100
2019-06-28 10:08:13.046895465,99869,367,99712,267,99870,362,99657,262,99911,262,99525,262,99990,100,99496,100,100015,100,99426,100,100046,100,99410,200,100068,100,98899,100,100098,100,98896,100,100138,100,98822,100,100349,100,98800,100
2019-06-28 10:08:20.000000000,99869,367,99712,267,99870,362,99657,262,99911,262,99525,262,99990,100,99496,100,100015,100,99426,100,100046,100,99410,200,100068,100,98899,100,100098,100,98896,100,100138,100,98822,100,100349,100,98800,100
2019-06-28 10:08:25.580957084,99869,367,99712,267,99870,362,99657,262,99911,262,99525,262,99990,100,99496,100,100015,100,99426,100,100046,100,99410,200,100068,100,99307,100,100098,100,98899,100,100138,100,98896,100,100349,100,98822,100
2019-06-28 10:08:30.000000000,99869,323,99712,223,99870,323,99657,223,99911,223,99525,223,99990,223,99496,223,100015,100,99426,100,100046,100,99410,200,100068,100,99307,100,100098,100,98899,100,100138,100,98896,100,100349,100,98822,100
2019-06-28 10:08:40.000000000,99869,692,99712,592,99870,200,99657,100,99911,100,99525,100,99990,100,99496,100,100015,100,99426,100,100046,100,99410,200,100068,100,99307,100,100098,100,98899,100,100138,100,98896,100,100349,100,98822,100
2019-06-28 10:08:41.354726012,99869,692,99712,492,99870,200,99657,100,99911,100,99525,100,99990,100,99496,100,100015,100,99426,100,100046,100,99410,200,100068,100,99307,100,100098,100,98899,100,100138,100,98896,100,100349,100,98822,100
2019-06-28 10:08:44.205711721,99869,692,99712,492,99870,200,99657,100,99911,100,99525,100,99990,100,99496,100,100015,100,99426,100,100046,100,99410,200,100068,100,99307,100,100098,100,99188,100,100138,100,98899,100,100349,100,98896,100
2019-06-28 10:08:50.000000000,99869,692,99657,592,99870,200,99525,100,99911,100,99496,100,99990,100,99426,100,100015,100,99410,200,100046,100,99307,100,100068,100,99188,100,100098,100,98899,100,100138,100,98896,100,100349,100,98822,100
2019-06-28 10:08:52.094248455,99869,692,99657,492,99870,200,99525,100,99911,100,99496,100,99990,100,99426,100,100015,100,99410,200,100046,100,99307,100,100068,100,99188,100,100098,100,98899,100,100138,100,98896,100,100376,100,98822,100
2019-06-28 10:09:00.000000000,99869,298,99525,198,99870,298,99496,198,99911,198,99426,198,99990,198,99410,298,100015,198,99307,198,100046,100,99188,100,100068,100,98899,100,100098,100,98896,100,100138,100,98822,100,100376,100,98800,100
2019-06-28 10:09:10.000000000,99869,323,99525,223,99870,323,99496,223,99911,223,99426,223,99990,223,99410,323,100015,100,99307,100,100046,100,99188,100,100068,100,98899,100,100098,100,98896,100,100138,100,98822,100,100376,100,98800,100
2019-06-28 10:09:15.033606663,99869,323,99525,223,99870,323,99496,223,99911,223,99426,223,99990,223,99410,323,100015,100,99307,100,100046,100,99271,100,100068,100,99188,100,100098,100,98899,100,100138,100,98896,100,100376,100,98822,100
2019-06-28 10:09:17.954010242,99674,100,99525,223,99869,323,99496,223,99870,323,99426,223,99911,223,99410,323,99990,223,99307,100,100015,100,99271,100,100046,100,99188,100,100068,100,98899,100,100098,100,98896,100,100138,100,98800,100
