,ask_price_1,ask_size_1,bid_price_1,bid_size_1,ask_price_2,ask_size_2,bid_price_2,bid_size_2,ask_price_3,ask_size_3,bid_price_3,bid_size_3,ask_price_4,ask_size_4,bid_price_4,bid_size_4,ask_price_5,ask_size_5,bid_price_5,bid_size_5,ask_price_6,ask_size_6,bid_price_6,bid_size_6,ask_price_7,ask_size_7,bid_price_7,bid_size_7,ask_price_8,ask_size_8,bid_price_8,bid_size_8,ask_price_9,ask_size_9,bid_price_9,bid_size_9,ask_price_10,ask_size_10,bid_price_10,bid_size_10
2019-06-28 09:30:00.000000001,,,100063,100,,,100017,100,,,99856,100,,,,,,,,,,,,,,,,,,,,,,,,,,,,
2019-06-28 09:30:00.000000004,,,100017,100,,,99856,100,,,,,,,,,,,,,,,,,,,,,,,,,,,,,,,,
2019-06-28 09:30:00.000000007,,,100017,100,,,99927,100,,,99856,100,,,,,,,,,,,,,,,,,,,,,,,,,,,,
2019-06-28 09:30:00.000000011,,,100017,100,,,99927,100,,,99870,100,,,99856,100,,,,,,,,,,,,,,,,,,,,,,,,
2019-06-28 09:30:00.000000012,,,100042,100,,,100017,100,,,99927,100,,,99870,100,,,99856,100,,,,,,,,,,,,,,,,,,,,
2019-06-28 09:30:00.000000014,100150,100,100042,100,,,100017,100,,,99957,100,,,99927,100,,,99870,100,,,99856,100,,,,,,,,,,,,,,,,
2019-06-28 09:30:00.000000015,100124,100,100042,100,100150,100,100017,100,,,99957,100,,,99927,100,,,99926,100,,,99870,100,,,99856,100,,,,,,,,,,,,
2019-06-28 09:30:00.000000016,100124,100,100017,100,100150,100,99957,100,,,99927,100,,,99926,100,,,99870,100,,,99856,100,,,,,,,,,,,,,,,,
2019-06-28 09:30:00.000000017,100042,100,99957,100,100124,100,99927,100,100150,100,99926,100,,,99870,100,,,99856,100,,,,,,,,,,,,,,,,,,,,
2019-06-28 09:30:00.000000018,100042,100,99957,100,100124,100,99955,100,100150,100,99927,100,,,99926,100,,,99870,100,,,99856,100,,,,,,,,,,,,,,,,
2019-06-28 09:30:00.000000019,100042,100,100013,100,100124,100,99957,100,100150,100,99955,100,,,99927,100,,,99926,100,,,99870,100,,,99856,100,,,,,,,,,,,,
2019-06-28 09:30:00.000000020,100041,100,100013,100,100042,100,99957,100,100124,100,99955,100,100150,100,99927,100,,,99926,100,,,99870,100,,,99856,100,,,,,,,,,,,,
2019-06-28 09:30:00.000000021,100041,100,100013,100,100042,100,99957,100,100124,100,99955,100,100150,100,99927,100,,,99926,100,,,99870,100,,,99856,100,,,99824,100,,,,,,,,
2019-06-28 09:30:00.000000023,100041,100,100013,100,100042,200,99957,100,100124,100,99955,100,100150,100,99927,100,,,99926,100,,,99870,100,,,99856,100,,,99824,100,,,,,,,,
2019-06-28 09:30:00.000000026,100041,100,100013,100,100042,300,99957,100,100094,100,99955,100,100124,100,99927,100,100150,100,99926,100,,,99870,100,,,99856,100,,,99824,100,,,,,,,,
2019-06-28 09:30:00.000000030,100041,100,100013,100,100042,300,99957,100,100094,100,99955,100,100124,100,99927,100,100150,100,99926,100,,,99877,100,,,99870,100,,,99856,100,,,99824,100,,,,
2019-06-28 09:30:00.000000032,100041,100,100026,100,100042,300,99957,100,100094,100,99955,100,100124,100,99927,100,100150,100,99926,100,,,99877,100,,,99870,100,,,99856,100,,,99824,100,,,,
2019-06-28 09:30:00.000000033,100041,100,100026,100,100042,300,99957,100,100094,100,99955,100,100124,100,99927,100,100150,100,99926,100,,,99892,100,,,99877,100,,,99870,100,,,99856,100,,,99824,100
2019-06-28 09:30:00.000000035,100041,100,100026,100,100042,300,99957,100,100094,100,99955,100,100124,100,99927,100,100137,100,99926,100,100150,100,99892,100,,,99877,100,,,99870,100,,,99856,100,,,99824,100
2019-06-28 09:30:00.000000036,100041,100,100026,100,100042,300,99957,100,100094,100,99955,100,100124,100,99927,100,100137,100,99926,100,100150,100,99892,100,100169,100,99877,100,,,99870,100,,,99856,100,,,99824,100
2019-06-28 09:30:00.000000038,100037,100,99957,100,100041,100,99955,100,100042,300,99927,100,100094,100,99926,100,100124,100,99892,100,100137,100,99877,100,100150,100,99870,100,100169,100,99856,100,,,99824,100,,,,
2019-06-28 09:30:00.000000039,100037,100,100013,100,100041,100,99969,100,100042,300,99957,100,100094,100,99955,100,100124,100,99927,100,100137,100,99926,100,100150,100,99892,100,100169,100,99877,100,,,99870,100,,,99856,100
2019-06-28 09:30:00.000000043,100037,100,100013,200,100041,100,99969,100,100042,300,99957,100,100094,100,99955,100,100124,100,99927,100,100137,100,99926,100,100150,100,99892,100,100169,100,99877,100,,,99870,100,,,99856,100
2019-06-28 09:30:00.000000044,100037,100,100013,200,100041,100,99969,100,100042,300,99957,100,100094,100,99955,100,100106,100,99927,100,100124,100,99926,100,100137,100,99917,100,100150,100,99892,100,100169,100,99877,100,,,99870,100
2019-06-28 09:30:00.000000049,100037,100,100013,200,100041,100,99969,100,100042,300,99957,100,100046,100,99955,100,100094,100,99927,100,100106,100,99926,100,100124,100,99917,100,100137,100,99892,100,100150,100,99877,100,100169,100,99870,100
2019-06-28 09:30:00.000000050,100037,100,100013,200,100041,100,99969,100,100042,300,99957,100,100046,100,99955,100,100085,100,99927,100,100094,100,99926,100,100106,100,99917,100,100124,100,99892,100,100137,100,99877,100,100150,100,99870,100
2019-06-28 09:30:00.000000056,100037,100,100013,200,100041,100,99969,100,100042,300,99957,100,100046,100,99955,100,100085,100,99927,100,100094,100,99926,100,100106,100,99917,100,100124,100,99892,100,100137,100,99877,100,100150,100,99870,100
2019-06-28 09:30:00.000000057,100037,100,100013,200,100041,100,99969,100,100042,300,99957,100,100046,100,99955,100,100085,100,99927,100,100094,100,99926,100,100106,100,99917,100,100124,100,99892,100,100137,100,99890,100,100150,100,99877,100
2019-06-28 09:30:00.000000061,100037,100,100013,200,100041,100,99969,100,100042,300,99957,100,100043,100,99955,100,100046,100,99927,100,100085,100,99926,100,100094,100,99917,100,100106,100,99892,100,100124,100,99890,100,100137,100,99877,100
2019-06-28 09:30:00.000000062,100026,100,100013,200,100037,100,99969,100,100041,100,99957,100,100042,300,99955,100,100043,100,99927,100,100046,100,99926,100,100085,100,99917,100,100094,100,99892,100,100106,100,99890,100,100124,100,99877,100
2019-06-28 09:30:00.000000063,100026,200,100013,200,100037,100,99969,100,100041,100,99957,100,100042,300,99955,100,100043,100,99927,100,100046,100,99926,100,100085,100,99917,100,100094,100,99892,100,100106,100,99890,100,100124,100,99877,100
2019-06-28 09:30:00.000000065,100026,200,100013,200,100037,100,99969,100,100041,100,99957,100,100042,300,99955,100,100043,100,99927,100,100046,100,99926,100,100069,100,99917,100,100085,100,99892,100,100094,100,99890,100,100106,100,99877,100
2019-06-28 09:30:00.000000068,100026,200,100013,200,100037,100,99969,100,100041,100,99957,100,100042,300,99955,100,100043,100,99927,100,100046,100,99926,100,100069,100,99917,100,100085,100,99892,100,100094,100,99890,100,100106,100,99877,100
2019-06-28 09:30:00.000000071,100026,200,100013,300,100037,100,100011,100,100041,100,99969,100,100042,300,99957,100,100043,100,99955,100,100046,100,99950,100,100069,100,99927,100,100085,100,99926,100,100094,100,99917,100,100106,100,99892,100
2019-06-28 09:30:00.000000073,100026,200,100013,400,100037,100,100011,100,100041,100,99969,100,100042,300,99957,100,100043,100,99955,100,100046,100,99950,100,100069,100,99927,100,100085,100,99926,100,100094,100,99917,100,100106,100,99892,100
2019-06-28 09:30:00.000000076,100026,200,100013,300,100037,100,100011,100,100041,100,99969,100,100042,300,99957,100,100043,100,99955,100,100046,100,99950,100,100069,100,99927,100,100085,100,99926,100,100094,100,99917,100,100106,100,99892,100
2019-06-28 09:30:00.000000084,100026,200,100013,300,100037,100,100011,100,100041,100,99969,100,100042,300,99957,100,100043,100,99956,100,100046,100,99955,100,100069,100,99950,100,100085,100,99927,100,100094,100,99926,100,100106,100,99917,100
2019-06-28 09:30:00.000000085,100026,100,100013,200,100037,100,100011,100,100041,100,99969,100,100042,300,99957,100,100043,100,99956,100,100046,100,99955,100,100069,100,99950,100,100085,100,99927,100,100094,100,99926,100,100106,100,99917,100
2019-06-28 09:30:00.000000086,100026,100,100013,300,100037,100,100011,100,100041,100,99969,100,100042,300,99957,100,100043,100,99956,100,100046,100,99955,100,100069,100,99950,100,100085,100,99927,100,100094,100,99926,100,100106,100,99917,100
2019-06-28 09:30:00.000000087,100037,100,100013,300,100041,100,100011,100,100042,300,99969,100,100043,100,99957,100,100046,100,99956,100,100069,100,99955,100,100085,100,99950,100,100094,100,99927,100,100106,100,99926,100,100114,100,99917,100
2019-06-28 09:30:00.000000088,100037,100,100013,200,100041,100,100011,100,100042,300,99969,100,100043,100,99957,100,100046,100,99956,100,100069,100,99955,100,100085,100,99950,100,100094,100,99927,100,100106,100,99926,100,100114,100,99917,100
2019-06-28 09:30:00.000000090,100037,100,100013,100,100041,100,100011,100,100042,300,99969,100,100043,100,99960,100,100046,100,99957,100,100069,100,99956,100,100085,100,99955,100,100094,100,99950,100,100106,100,99927,100,100114,100,99926,100
2019-06-28 09:30:00.000000093,100037,100,100011,100,100041,100,99969,100,100042,300,99960,100,100043,100,99957,100,100046,100,99956,100,100069,100,99955,100,100085,100,99950,100,100094,100,99927,100,100106,100,99926,100,100114,100,99917,100
2019-06-28 09:30:00.000000094,100037,100,100011,100,100041,100,99969,100,100042,300,99960,100,100043,100,99957,100,100046,100,99956,100,100069,100,99955,100,100085,100,99950,100,100094,100,99927,100,100100,100,99926,100,100106,100,99917,100
2019-06-28 09:30:00.000000095,100037,100,100011,100,100041,100,99969,100,100042,300,99960,100,100043,100,99957,100,100046,100,99956,100,100069,100,99955,100,100085,100,99950,100,100094,100,99927,100,100100,100,99926,100,100106,100,99917,100
2019-06-28 09:30:00.000000096,100037,100,100011,100,100041,100,99969,100,100042,300,99960,100,100043,100,99957,100,100046,100,99956,100,100069,100,99955,100,100085,100,99950,100,100094,100,99927,100,100100,100,99926,100,100106,100,99917,100
2019-06-28 09:30:00.000000097,100037,100,100013,100,100041,100,100011,100,100042,300,99969,100,100043,100,99960,100,100046,100,99957,100,100066,100,99956,100,100069,100,99955,100,100085,100,99950,100,100094,100,99927,100,100100,100,99926,100
2019-06-28 09:30:00.000000098,100037,100,100013,100,100041,100,100012,100,100042,300,100011,100,100043,100,99969,100,100046,100,99960,100,100066,100,99957,100,100069,100,99956,100,100085,100,99955,100,100094,100,99950,100,100100,100,99927,100
2019-06-28 09:30:00.931014263,100037,100,100013,200,100041,100,100012,100,100042,300,100011,100,100043,100,99969,100,100046,100,99960,100,100066,100,99957,100,100069,100,99956,100,100085,100,99955,100,100094,100,99950,100,100100,100,99927,100
2019-06-28 09:30:01.044115716,100037,100,100013,300,100041,100,100012,100,100042,300,100011,100,100043,100,99969,100,100046,100,99960,100,100066,100,99957,100,100069,100,99956,100,100085,100,99955,100,100094,100,99950,100,100100,100,99927,100
2019-06-28 09:30:10.000000000,100037,168,100013,368,100041,168,100012,168,100042,368,100011,168,100043,168,99969,168,100046,100,99960,100,100066,100,99957,100,100069,100,99956,100,100085,100,99955,100,100094,100,99950,100,100100,100,99927,100
2019-06-28 09:30:14.362607624,100037,168,100013,468,100041,168,100012,168,100042,368,100011,168,100043,168,99969,168,100046,100,99960,100,100066,100,99957,100,100069,100,99956,100,100085,100,99955,100,100094,100,99950,100,100100,100,99927,100
2019-06-28 09:30:20.000000000,100037,168,100013,468,100041,168,100012,168,100042,368,100011,168,100043,168,99969,168,100046,100,99960,100,100066,100,99957,100,100069,100,99956,100,100085,100,99955,100,100094,100,99950,100,100100,100,99927,100
2019-06-28 09:30:30.000000000,100037,154,100013,454,100041,154,100012,154,100042,354,100011,154,100043,154,99969,154,100046,154,99960,154,100066,100,99957,100,100069,100,99956,100,100085,100,99955,100,100094,100,99950,100,100100,100,99927,100
2019-06-28 09:30:40.000000000,100037,372,100013,672,100041,100,100012,100,100042,300,100011,100,100043,100,99969,100,100046,100,99960,100,100066,100,99957,100,100069,100,99956,100,100085,100,99955,100,100094,100,99950,100,100100,100,99927,100
2019-06-28 09:30:50.000000000,100037,372,100013,672,100041,100,100012,100,100042,300,100011,100,100043,100,99969,100,100046,100,99960,100,100066,100,99957,100,100069,100,99956,100,100085,100,99955,100,100094,100,99950,100,100100,100,99927,100
2019-06-28 09:31:00.000000000,100037,154,100013,454,100041,154,100012,154,100042,354,100011,154,100043,154,99969,154,100046,154,99960,154,100066,100,99957,100,100069,100,99956,100,100085,100,99955,100,100094,100,99950,100,100100,100,99927,100
2019-06-28 09:31:10.000000000,100037,192,100013,492,100041,190,100012,190,100042,390,100011,190,100043,100,99969,100,100046,100,99960,100,100066,100,99957,100,100069,100,99956,100,100085,100,99955,100,100094,100,99950,100,100100,100,99927,100
2019-06-28 09:31:20.000000000,100037,372,100013,672,100041,100,100012,100,100042,300,100011,100,100043,100,99969,100,100046,100,99960,100,100066,100,99957,100,100069,100,99956,100,100085,100,99955,100,100094,100,99950,100,100100,100,99927,100
2019-06-28 09:31:30.000000000,100037,236,100013,536,100041,236,100012,236,100042,300,100011,100,100043,100,99969,100,100046,100,99960,100,100066,100,99957,100,100069,100,99956,100,100085,100,99955,100,100094,100,99950,100,100100,100,99927,100
2019-06-28 09:31:31.980007060,100037,236,100013,636,100041,236,100012,236,100042,300,100011,100,100043,100,99969,100,100046,100,99960,100,100066,100,99957,100,100069,100,99956,100,100085,100,99955,100,100094,100,99950,100,100100,100,99927,100
2019-06-28 09:31:34.444605202,100037,136,100013,636,100041,236,100012,236,100042,300,100011,100,100043,100,99969,100,100046,100,99960,100,100066,100,99957,100,100069,100,99956,100,100085,100,99955,100,100094,100,99950,100,100100,100,99927,100
2019-06-28 09:31:40.000000000,100041,154,100013,554,100042,354,100012,154,100043,154,100011,154,100046,154,99969,154,100066,154,99960,154,100069,100,99957,100,100085,100,99956,100,100094,100,99955,100,100100,100,99950,100,100106,100,99927,100
2019-06-28 09:31:50.000000000,100041,236,100013,636,100042,436,100012,236,100043,100,100011,100,100046,100,99969,100,100066,100,99960,100,100069,100,99957,100,100085,100,99956,100,100094,100,99955,100,100100,100,99950,100,100106,100,99927,100
2019-06-28 09:32:00.000000000,100041,154,100013,554,100042,354,100012,154,100043,154,100011,154,100046,154,99969,154,100066,154,99960,154,100069,100,99957,100,100085,100,99956,100,100094,100,99955,100,100100,100,99950,100,100106,100,99927,100
2019-06-28 09:32:03.368971667,100041,154,100013,554,100042,254,100012,154,100043,154,100011,154,100046,154,99969,154,100066,154,99960,154,100069,100,99957,100,100085,100,99956,100,100094,100,99955,100,100100,100,99950,100,100106,100,99927,100
2019-06-28 09:32:10.000000000,100041,236,100013,636,100042,336,100012,236,100043,100,100011,100,100046,100,99969,100,100066,100,99960,100,100069,100,99957,100,100085,100,99956,100,100094,100,99955,100,100100,100,99950,100,100106,100,99927,100
2019-06-28 09:32:20.000000000,100041,372,100013,772,100042,200,100012,100,100043,100,100011,100,100046,100,99969,100,100066,100,99960,100,100069,100,99957,100,100085,100,99956,100,100094,100,99955,100,100100,100,99950,100,100106,100,99927,100
2019-06-28 09:32:30.000000000,100041,168,100013,568,100042,268,100012,168,100043,168,100011,168,100046,168,99969,168,100066,100,99960,100,100069,100,99957,100,100085,100,99956,100,100094,100,99955,100,100100,100,99950,100,100106,100,99927,100
2019-06-28 09:32:30.891088669,100041,168,100014,100,100042,268,100013,568,100043,168,100012,168,100046,168,100011,168,100066,100,99969,168,100069,100,99960,100,100085,100,99957,100,100094,100,99956,100,100100,100,99955,100,100106,100,99950,100
2019-06-28 09:32:40.000000000,100041,192,100014,192,100042,290,100013,590,100043,190,100012,190,100046,100,100011,100,100066,100,99969,100,100069,100,99960,100,100085,100,99957,100,100094,100,99956,100,100100,100,99955,100,100106,100,99950,100
2019-06-28 09:32:44.365135284,100041,192,100014,192,100042,290,100013,590,100043,190,100012,190,100046,100,100011,100,100066,100,99969,100,100069,100,99960,100,100085,100,99957,100,100094,100,99956,100,100100,100,99955,100,100106,100,99950,100
2019-06-28 09:32:50.000000000,100041,192,100014,192,100042,290,100013,590,100043,190,100012,190,100046,100,100011,100,100066,100,99969,100,100069,100,99960,100,100085,100,99957,100,100094,100,99956,100,100100,100,99955,100,100106,100,99950,100
2019-06-28 09:32:51.385110474,100041,192,100014,292,100042,290,100013,590,100043,190,100012,190,100046,100,100011,100,100066,100,99969,100,100069,100,99960,100,100085,100,99957,100,100094,100,99956,100,100100,100,99955,100,100106,100,99950,100
2019-06-28 09:32:51.970443922,100041,92,100014,292,100042,290,100013,590,100043,190,100012,190,100046,100,99969,100,100066,100,99960,100,100069,100,99957,100,100085,100,99956,100,100094,100,99955,100,100100,100,99950,100,100106,100,99927,100
2019-06-28 09:33:00.000000000,100042,472,100014,472,100043,100,100013,500,100046,100,100012,100,100066,100,99969,100,100069,100,99960,100,100085,100,99957,100,100094,100,99956,100,100100,100,99955,100,100106,100,99950,100,100124,100,99927,100
2019-06-28 09:33:01.320888849,100042,472,100014,472,100043,100,100013,500,100046,100,100012,100,100066,100,99969,100,100069,100,99960,100,100085,100,99957,100,100094,100,99956,100,100100,100,99955,100,100106,100,99950,100,100124,100,99927,100
2019-06-28 09:33:04.515751994,100042,372,100037,100,100043,100,100014,472,100046,100,100013,500,100066,100,100012,100,100069,100,99969,100,100085,100,99960,100,100094,100,99957,100,100100,100,99956,100,100106,100,99955,100,100124,100,99950,100
2019-06-28 09:33:10.000000000,100042,192,100037,192,100043,190,100014,290,100046,190,100013,590,100066,100,100012,100,100069,100,99969,100,100085,100,99960,100,100094,100,99957,100,100100,100,99956,100,100106,100,99955,100,100124,100,99950,100
2019-06-28 09:33:20.000000000,100042,154,100037,154,100043,154,100014,254,100046,154,100013,554,100066,154,100012,154,100069,154,99969,154,100085,100,99960,100,100094,100,99957,100,100100,100,99956,100,100106,100,99955,100,100124,100,99950,100
2019-06-28 09:33:27.957791535,100042,154,100037,154,100043,154,100014,254,100046,154,100013,554,100066,154,100012,154,100069,154,99981,100,100094,100,99969,154,100100,100,99960,100,100106,100,99957,100,100124,100,99956,100,100137,100,99955,100
2019-06-28 09:33:30.000000000,100042,236,100037,236,100043,236,100014,336,100046,100,100013,500,100066,100,100012,100,100069,100,99981,100,100094,100,99969,100,100100,100,99960,100,100106,100,99957,100,100124,100,99956,100,100137,100,99955,100
2019-06-28 09:33:36.542812291,100042,236,100037,236,100043,236,100014,336,100046,100,100013,500,100066,100,100012,100,100069,100,99981,100,100094,100,99969,100,100100,100,99960,100,100106,100,99957,100,100124,100,99955,100,100137,100,99950,100
2019-06-28 09:33:40.000000000,100042,236,100037,236,100043,236,100014,336,100046,100,100013,500,100066,100,100012,100,100069,100,99981,100,100094,100,99969,100,100100,100,99960,100,100106,100,99957,100,100124,100,99955,100,100137,100,99950,100
2019-06-28 09:33:49.523421362,100042,236,100037,236,100043,236,100014,336,100046,100,100013,500,100066,100,100012,100,100069,100,99981,100,100094,100,99969,100,100100,100,99960,100,100106,100,99957,100,100124,100,99955,100,100137,100,99950,100
2019-06-28 09:33:50.000000000,100042,372,100037,372,100043,100,100014,200,100046,100,100013,500,100066,100,100012,100,100069,100,99981,100,100094,100,99969,100,100100,100,99960,100,100106,100,99957,100,100124,100,99955,100,100137,100,99950,100
2019-06-28 09:34:00.000000000,100042,154,100037,154,100043,154,100014,254,100046,154,100013,554,100066,154,100012,154,100069,154,99981,154,100094,100,99969,100,100100,100,99960,100,100106,100,99957,100,100124,100,99955,100,100137,100,99950,100
2019-06-28 09:34:01.562340055,100042,54,100037,154,100043,154,100014,254,100046,154,100013,554,100066,154,100012,154,100069,154,99981,154,100094,100,99969,100,100100,100,99960,100,100106,100,99957,100,100124,100,99955,100,100137,100,99950,100
2019-06-28 09:34:10.000000000,100043,192,100037,192,100046,190,100014,290,100066,190,100013,590,100069,100,100012,100,100094,100,99981,100,100100,100,99969,100,100106,100,99960,100,100124,100,99957,100,100137,100,99955,100,100146,100,99950,100
2019-06-28 09:34:10.038151327,100043,192,100037,92,100046,190,100014,290,100066,190,100013,590,100069,100,100012,100,100094,100,99981,100,100100,100,99969,100,100106,100,99960,100,100124,100,99957,100,100137,100,99955,100,100146,100,99950,100
2019-06-28 09:34:20.000000000,100043,236,100014,336,100046,236,100013,636,100066,100,100012,100,100069,100,99981,100,100094,100,99969,100,100100,100,99960,100,100106,100,99957,100,100124,100,99955,100,100137,100,99950,100,100146,100,99927,100
2019-06-28 09:34:20.572237823,100043,136,100014,336,100046,236,100013,636,100066,100,100012,100,100069,100,99981,100,100094,100,99969,100,100100,100,99960,100,100106,100,99957,100,100124,100,99955,100,100137,100,99950,100,100146,100,99927,100
2019-06-28 09:34:30.000000000,100046,192,100014,292,100066,190,100013,590,100069,190,100012,190,100094,100,99981,100,100100,100,99969,100,100106,100,99960,100,100124,100,99957,100,100137,100,99955,100,100146,100,99950,100,100150,100,99927,100
2019-06-28 09:34:32.457394752,100046,92,100014,292,100066,190,100013,590,100069,190,100012,190,100094,100,99981,100,100100,100,99969,100,100106,100,99960,100,100124,100,99957,100,100137,100,99955,100,100146,100,99950,100,100150,100,99927,100
2019-06-28 09:34:40.000000000,100066,236,100014,336,100069,236,100013,636,100094,100,100012,100,100100,100,99981,100,100106,100,99969,100,100124,100,99960,100,100137,100,99957,100,100146,100,99955,100,100150,100,99950,100,100320,100,99927,100
2019-06-28 09:34:41.072901770,100066,236,100014,336,100069,236,100013,736,100094,100,100012,100,100100,100,99981,100,100106,100,99969,100,100137,100,99960,100,100146,100,99957,100,100150,100,99955,100,100320,100,99950,100,,,99927,100
2019-06-28 09:34:43.981391970,100066,136,100014,336,100069,236,100013,736,100094,100,100012,100,100100,100,99981,100,100106,100,99969,100,100137,100,99960,100,100146,100,99957,100,100150,100,99955,100,100320,100,99950,100,,,99927,100
2019-06-28 09:34:49.323213400,100066,136,100014,336,100069,236,100013,736,100094,100,100012,100,100100,100,99969,100,100106,100,99965,100,100137,100,99960,100,100146,100,99957,100,100150,100,99955,100,100320,100,99950,100,,,99927,100
2019-06-28 09:34:50.000000000,100069,372,100014,472,100094,100,100013,600,100100,100,100012,100,100106,100,99969,100,100137,100,99965,100,100146,100,99960,100,100150,100,99957,100,100320,100,99955,100,,,99950,100,,,99927,100
2019-06-28 09:34:52.307556125,100045,100,100014,472,100069,372,100013,600,100094,100,100012,100,100100,100,99969,100,100106,100,99965,100,100137,100,99960,100,100146,100,99957,100,100150,100,99955,100,100320,100,99950,100,,,99927,100
2019-06-28 09:35:00.000000000,100045,236,100014,336,100069,236,100013,736,100094,100,100012,100,100100,100,99969,100,100106,100,99965,100,100137,100,99960,100,100146,100,99957,100,100150,100,99955,100,100320,100,99950,100,,,99927,100
2019-06-28 09:35:10.000000000,100045,154,100014,254,100069,154,100013,654,100094,154,100012,154,100100,154,99969,154,100106,154,99965,154,100137,100,99960,100,100146,100,99957,100,100150,100,99955,100,100320,100,99950,100,,,99927,100
2019-06-28 09:35:14.883587715,100045,54,100014,254,100069,154,100013,654,100094,154,100012,154,100100,154,99969,154,100106,154,99965,154,100137,100,99960,100,100146,100,99957,100,100150,100,99955,100,100320,100,99950,100,,,99927,100
2019-06-28 09:35:18.519706174,100045,54,100014,254,100069,154,100013,654,100094,54,100012,154,100100,154,99969,154,100106,154,99965,154,100137,100,99960,100,100146,100,99957,100,100150,100,99955,100,100278,100,99950,100,100320,100,99927,100
2019-06-28 09:35:18.787753969,100069,154,100045,46,100094,54,100014,254,100100,154,100013,654,100106,154,100012,154,100137,100,99969,154,100146,100,99965,154,100150,100,99960,100,100278,100,99957,100,100320,100,99955,100,,,99950,100
2019-06-28 09:35:20.000000000,100069,168,100045,114,100100,168,100014,268,100106,168,100013,668,100137,168,100012,168,100146,100,99969,100,100150,100,99965,100,100278,100,99960,100,100320,100,99957,100,,,99955,100,,,99950,100
2019-06-28 09:35:30.000000000,100069,372,100045,318,100100,100,100014,200,100106,100,100013,600,100137,100,100012,100,100146,100,99969,100,100150,100,99965,100,100278,100,99960,100,100320,100,99957,100,,,99955,100,,,99950,100
2019-06-28 09:35:40.000000000,100069,372,100045,318,100100,100,100014,200,100106,100,100013,600,100137,100,100012,100,100146,100,99969,100,100150,100,99965,100,100278,100,99960,100,100320,100,99957,100,,,99955,100,,,99950,100
2019-06-28 09:35:50.000000000,100069,154,100045,100,100100,154,100014,254,100106,154,100013,654,100137,154,100012,154,100146,154,99969,154,100150,100,99965,100,100278,100,99960,100,100320,100,99957,100,,,99955,100,,,99950,100
2019-06-28 09:35:50.237312808,100069,54,100045,100,100100,154,100014,254,100106,154,100013,654,100137,154,100012,154,100146,154,99969,154,100150,100,99965,100,100278,100,99960,100,100320,100,99957,100,,,99955,100,,,99950,100
2019-06-28 09:35:57.376225368,100069,54,100045,100,100100,154,100014,254,100106,154,100013,654,100137,154,100012,154,100146,154,99969,154,100150,100,99965,100,100193,100,99960,100,100278,100,99957,100,100320,100,99950,100,,,99927,100
2019-06-28 09:36:00.000000000,100100,372,100045,318,100106,100,100014,200,100137,100,100013,600,100146,100,100012,100,100150,100,99969,100,100193,100,99965,100,100278,100,99960,100,100320,100,99957,100,,,99950,100,,,99927,100
2019-06-28 09:36:06.143563742,100100,372,100045,318,100106,100,100014,200,100137,100,100013,600,100146,100,100012,100,100150,100,99969,100,100197,100,99965,100,100278,100,99960,100,100320,100,99957,100,,,99950,100,,,99927,100
2019-06-28 09:36:09.529332647,100068,100,100045,318,100100,372,100014,200,100106,100,100013,600,100137,100,100012,100,100146,100,99969,100,100150,100,99965,100,100197,100,99960,100,100278,100,99957,100,100320,100,99950,100,,,99927,100
2019-06-28 09:36:10.000000000,100068,154,100045,100,100100,154,100014,254,100106,154,100013,654,100137,154,100012,154,100146,154,99969,154,100150,100,99965,100,100197,100,99960,100,100278,100,99957,100,100320,100,99950,100,,,99927,100
2019-06-28 09:36:18.645344908,100068,154,100046,100,100100,154,100045,100,100106,154,100014,254,100137,154,100013,654,100146,154,100012,154,100150,100,99969,154,100197,100,99965,100,100278,100,99960,100,100320,100,99957,100,,,99950,100
2019-06-28 09:36:20.000000000,100068,236,100046,236,100100,236,100045,182,100106,100,100014,200,100137,100,100013,600,100146,100,100012,100,100150,100,99969,100,100197,100,99965,100,100278,100,99960,100,100320,100,99957,100,,,99950,100
2019-06-28 09:36:22.384685938,100068,236,100046,236,100100,236,100045,182,100106,100,100014,200,100137,100,100013,600,100146,100,100012,100,100150,100,99969,100,100197,100,99965,100,100320,100,99960,100,100473,100,99957,100,,,99950,100
2019-06-28 09:36:30.000000000,100068,192,100046,192,100100,190,100045,136,100106,190,100014,290,100137,100,100013,600,100146,100,100012,100,100150,100,99969,100,100197,100,99965,100,100320,100,99960,100,100473,100,99957,100,,,99950,100
2019-06-28 09:36:32.987301349,100068,92,100046,192,100100,190,100045,136,100106,190,100014,290,100137,100,100013,600,100146,100,100012,100,100150,100,99969,100,100197,100,99965,100,100473,100,99960,100,,,99957,100,,,99950,100
2019-06-28 09:36:38.834528534,100068,92,100046,192,100100,190,100045,136,100106,190,100014,290,100137,100,100013,500,100146,100,100012,100,100150,100,99969,100,100197,100,99965,100,100473,100,99960,100,,,99957,100,,,99950,100
2019-06-28 09:36:40.000000000,100100,168,100046,168,100106,168,100045,114,100137,168,100014,268,100146,168,100013,568,100150,100,100012,100,100197,100,99969,100,100473,100,99965,100,,,99960,100,,,99957,100,,,99950,100
2019-06-28 09:36:50.000000000,100100,236,100046,236,100106,236,100045,182,100137,100,100014,200,100146,100,100013,500,100150,100,100012,100,100197,100,99969,100,100473,100,99965,100,,,99960,100,,,99957,100,,,99950,100
2019-06-28 09:37:00.000000000,100100,236,100046,236,100106,236,100045,182,100137,100,100014,200,100146,100,100013,500,100150,100,100012,100,100197,100,99969,100,100473,100,99965,100,,,99960,100,,,99957,100,,,99950,100
2019-06-28 09:37:10.000000000,100100,236,100046,236,100106,236,100045,182,100137,100,100014,200,100146,100,100013,500,100150,100,100012,100,100197,100,99969,100,100473,100,99965,100,,,99960,100,,,99957,100,,,99950,100
2019-06-28 09:37:10.859468292,100100,236,100046,236,100106,236,100045,182,100137,100,100014,200,100146,100,100013,500,100150,100,100012,100,100197,100,99969,100,100473,100,99965,100,,,99957,100,,,99950,100,,,99927,100
2019-06-28 09:37:15.774462744,100100,236,100046,136,100106,236,100045,182,100137,100,100014,200,100146,100,100013,500,100150,100,100012,100,100197,100,99969,100,100473,100,99965,100,,,99957,100,,,99950,100,,,99927,100
2019-06-28 09:37:18.596541368,100100,236,100046,36,100106,236,100045,182,100137,100,100014,200,100146,100,100013,500,100150,100,100012,100,100197,100,99969,100,100473,100,99965,100,,,99957,100,,,99950,100,,,99927,100
2019-06-28 09:37:20.000000000,100100,154,100045,100,100106,154,100014,254,100137,154,100013,554,100146,154,100012,154,100150,154,99969,154,100197,100,99965,100,100473,100,99957,100,,,99950,100,,,99927,100,,,99926,100
2019-06-28 09:37:30.000000000,100100,154,100045,100,100106,154,100014,254,100137,154,100013,554,100146,154,100012,154,100150,154,99969,154,100197,100,99965,100,100473,100,99957,100,,,99950,100,,,99927,100,,,99926,100
2019-06-28 09:37:40.000000000,100100,372,100045,318,100106,100,100014,200,100137,100,100013,500,100146,100,100012,100,100150,100,99969,100,100197,100,99965,100,100473,100,99957,100,,,99950,100,,,99927,100,,,99926,100
2019-06-28 09:37:41.222295204,100046,100,100045,318,100100,372,100014,200,100106,100,100013,500,100137,100,100012,100,100146,100,99969,100,100150,100,99965,100,100197,100,99957,100,100473,100,99950,100,,,99927,100,,,99926,100
2019-06-28 09:37:50.000000000,100046,372,100045,318,100100,100,100014,200,100106,100,100013,500,100137,100,100012,100,100146,100,99969,100,100150,100,99965,100,100197,100,99957,100,100473,100,99950,100,,,99927,100,,,99926,100
2019-06-28 09:37:53.955006744,100046,372,100045,218,100100,100,100014,200,100106,100,100013,500,100137,100,100012,100,100146,100,99969,100,100150,100,99965,100,100197,100,99957,100,100473,100,99950,100,,,99927,100,,,99926,100
2019-06-28 09:37:55.199787554,100046,372,100045,218,100100,100,100014,200,100106,100,100013,500,100137,100,100012,100,100146,100,99969,100,100150,100,99965,100,100197,100,99957,100,100473,100,99950,100,,,99927,100,,,99892,100
2019-06-28 09:38:00.000000000,100046,154,100014,254,100100,154,100013,554,100106,154,100012,154,100137,154,99969,154,100146,154,99965,154,100150,100,99957,100,100197,100,99950,100,100473,100,99927,100,,,99892,100,,,99891,100
2019-06-28 09:38:10.000000000,100046,372,100014,472,100100,100,100013,500,100106,100,100012,100,100137,100,99969,100,100146,100,99965,100,100150,100,99957,100,100197,100,99950,100,100473,100,99927,100,,,99892,100,,,99891,100
2019-06-28 09:38:18.744973550,100046,372,100014,372,100100,100,100013,500,100106,100,100012,100,100146,100,99969,100,100150,100,99965,100,100197,100,99957,100,100473,100,99950,100,,,99927,100,,,99892,100,,,99891,100
2019-06-28 09:38:20.000000000,100046,192,100014,192,100100,190,100013,590,100106,190,100012,190,100146,100,99969,100,100150,100,99965,100,100197,100,99957,100,100473,100,99950,100,,,99927,100,,,99892,100,,,99891,100
2019-06-28 09:38:30.000000000,100046,154,100014,154,100100,154,100013,554,100106,154,100012,154,100146,154,99969,154,100150,154,99965,154,100197,100,99957,100,100473,100,99950,100,,,99927,100,,,99892,100,,,99891,100
2019-06-28 09:38:40.000000000,100046,154,100014,154,100100,154,100013,554,100106,154,100012,154,100146,154,99969,154,100150,154,99965,154,100197,100,99957,100,100473,100,99950,100,,,99927,100,,,99892,100,,,99891,100
2019-06-28 09:38:45.472983958,100046,154,100014,154,100100,154,100013,454,100106,154,100012,154,100146,154,99969,154,100150,154,99965,154,100197,100,99957,100,100473,100,99950,100,,,99927,100,,,99892,100,,,99891,100
2019-06-28 09:38:50.000000000,100046,168,100014,168,100100,168,100013,468,100106,168,100012,168,100146,168,99969,168,100150,100,99965,100,100197,100,99957,100,100473,100,99950,100,,,99927,100,,,99892,100,,,99891,100
2019-06-28 09:39:00.000000000,100046,192,100014,192,100100,190,100013,490,100106,190,100012,190,100146,100,99969,100,100150,100,99965,100,100197,100,99957,100,100473,100,99950,100,,,99927,100,,,99892,100,,,99891,100
2019-06-28 09:39:10.000000000,100046,168,100014,168,100100,168,100013,468,100106,168,100012,168,100146,168,99969,168,100150,100,99965,100,100197,100,99957,100,100473,100,99950,100,,,99927,100,,,99892,100,,,99891,100
2019-06-28 09:39:14.491007007,100046,168,100014,68,100100,168,100013,468,100106,168,100012,168,100146,168,99969,168,100150,100,99965,100,100197,100,99957,100,100473,100,99950,100,,,99927,100,,,99892,100,,,99891,100
2019-06-28 09:39:20.000000000,100046,372,100013,672,100100,100,100012,100,100106,100,99969,100,100146,100,99965,100,100150,100,99957,100,100197,100,99950,100,100473,100,99927,100,,,99892,100,,,99891,100,,,99890,100
2019-06-28 09:39:30.000000000,100046,154,100013,454,100100,154,100012,154,100106,154,99969,154,100146,154,99965,154,100150,154,99957,154,100197,100,99950,100,100473,100,99927,100,,,99892,100,,,99891,100,,,99890,100
2019-06-28 09:39:35.901995364,100014,100,100013,454,100046,154,100012,154,100100,154,99969,154,100106,154,99965,154,100146,154,99957,154,100150,154,99950,100,100197,100,99927,100,100473,100,99892,100,,,99891,100,,,99890,100
2019-06-28 09:39:40.000000000,100014,154,100013,454,100046,154,100012,154,100100,154,99969,154,100106,154,99965,154,100146,154,99957,154,100150,100,99950,100,100197,100,99927,100,100473,100,99892,100,,,99891,100,,,99890,100
2019-06-28 09:39:43.984238512,100014,254,100013,454,100046,154,100012,154,100100,154,99969,154,100106,154,99965,154,100146,154,99957,154,100150,100,99950,100,100197,100,99927,100,100473,100,99892,100,,,99891,100,,,99890,100
2019-06-28 09:39:50.000000000,100014,254,100013,454,100046,154,100012,154,100100,154,99969,154,100106,154,99965,154,100146,154,99957,154,100150,100,99950,100,100197,100,99927,100,100473,100,99892,100,,,99891,100,,,99890,100
2019-06-28 09:40:00.000000000,100014,268,100013,468,100046,168,100012,168,100100,168,99969,168,100106,168,99965,168,100146,100,99957,100,100150,100,99950,100,100197,100,99927,100,100473,100,99892,100,,,99891,100,,,99890,100
2019-06-28 09:40:01.862994890,100014,368,100013,468,100046,168,100012,168,100100,168,99969,168,100106,168,99965,168,100146,100,99957,100,100150,100,99950,100,100197,100,99927,100,100473,100,99892,100,,,99891,100,,,99890,100
2019-06-28 09:40:03.124714648,100014,368,100013,368,100046,168,100012,168,100100,168,99969,168,100106,168,99965,168,100146,100,99957,100,100150,100,99950,100,100197,100,99927,100,100473,100,99892,100,,,99891,100,,,99890,100
2019-06-28 09:40:09.003485412,100014,368,100013,268,100046,168,100012,168,100100,168,99969,168,100106,168,99965,168,100146,100,99957,100,100150,100,99950,100,100197,100,99927,100,100473,100,99892,100,,,99891,100,,,99890,100
2019-06-28 09:40:10.000000000,100014,572,100013,472,100046,100,100012,100,100100,100,99969,100,100106,100,99965,100,100146,100,99957,100,100150,100,99950,100,100197,100,99927,100,100473,100,99892,100,,,99891,100,,,99890,100
2019-06-28 09:40:20.000000000,100014,436,100013,336,100046,236,100012,236,100100,100,99969,100,100106,100,99965,100,100146,100,99957,100,100150,100,99950,100,100197,100,99927,100,100473,100,99892,100,,,99891,100,,,99890,100
2019-06-28 09:40:22.018918171,100014,436,100013,236,100046,236,100012,236,100100,100,99969,100,100106,100,99965,100,100146,100,99957,100,100150,100,99950,100,100197,100,99927,100,100473,100,99892,100,,,99891,100,,,99890,100
2019-06-28 09:40:30.000000000,100014,392,100013,192,100046,190,100012,190,100100,190,99969,190,100106,100,99965,100,100146,100,99957,100,100150,100,99950,100,100197,100,99927,100,100473,100,99892,100,,,99891,100,,,99890,100
2019-06-28 09:40:40.000000000,100014,436,100013,236,100046,236,100012,236,100100,100,99969,100,100106,100,99965,100,100146,100,99957,100,100150,100,99950,100,100197,100,99927,100,100473,100,99892,100,,,99891,100,,,99890,100
2019-06-28 09:40:41.366657341,100014,436,100013,236,100046,236,100012,236,100100,100,99969,100,100106,100,99965,100,100146,100,99957,100,100150,100,99950,100,100197,100,99927,100,100473,100,99891,100,,,99890,100,,,99870,100
2019-06-28 09:40:44.140324475,100014,436,100013,136,100046,236,100012,236,100100,100,99969,100,100106,100,99965,100,100146,100,99957,100,100150,100,99950,100,100197,100,99927,100,100473,100,99891,100,,,99890,100,,,99870,100
2019-06-28 09:40:46.587517929,100014,436,100013,136,100046,236,100012,236,100100,100,99969,100,100106,100,99965,100,100150,100,99957,100,100197,100,99950,100,100473,100,99927,100,,,99891,100,,,99890,100,,,99870,100
2019-06-28 09:40:48.386696187,100014,436,100013,36,100046,236,100012,236,100100,100,99969,100,100106,100,99965,100,100150,100,99957,100,100197,100,99950,100,100473,100,99927,100,,,99891,100,,,99890,100,,,99870,100
2019-06-28 09:40:50.000000000,100014,572,100012,372,100046,100,99969,100,100100,100,99965,100,100106,100,99957,100,100150,100,99950,100,100197,100,99927,100,100473,100,99891,100,,,99890,100,,,99870,100,,,99824,100
2019-06-28 09:41:00.000000000,100014,368,100012,168,100046,168,99969,168,100100,168,99965,168,100106,168,99957,168,100150,100,99950,100,100197,100,99927,100,100473,100,99891,100,,,99890,100,,,99870,100,,,99824,100
2019-06-28 09:41:10.000000000,100014,572,100012,372,100046,100,99969,100,100100,100,99965,100,100106,100,99957,100,100150,100,99950,100,100197,100,99927,100,100473,100,99891,100,,,99890,100,,,99870,100,,,99824,100
2019-06-28 09:41:20.000000000,100014,572,100012,372,100046,100,99969,100,100100,100,99965,100,100106,100,99957,100,100150,100,99950,100,100197,100,99927,100,100473,100,99891,100,,,99890,100,,,99870,100,,,99824,100
2019-06-28 09:41:22.374038068,100013,100,100012,372,100014,572,99969,100,100046,100,99965,100,100100,100,99957,100,100106,100,99950,100,100150,100,99927,100,100197,100,99891,100,100473,100,99890,100,,,99870,100,,,99824,100
2019-06-28 09:41:30.000000000,100013,236,100012,236,100014,436,99969,236,100046,100,99965,100,100100,100,99957,100,100106,100,99950,100,100150,100,99927,100,100197,100,99891,100,100473,100,99890,100,,,99870,100,,,99824,100
2019-06-28 09:41:40.000000000,100013,192,100012,192,100014,390,99969,190,100046,190,99965,190,100100,100,99957,100,100106,100,99950,100,100150,100,99927,100,100197,100,99891,100,100473,100,99890,100,,,99870,100,,,99824,100
2019-06-28 09:41:50.000000000,100013,372,100012,372,100014,300,99969,100,100046,100,99965,100,100100,100,99957,100,100106,100,99950,100,100150,100,99927,100,100197,100,99891,100,100473,100,99890,100,,,99870,100,,,99824,100
2019-06-28 09:42:00.000000000,100013,372,100012,372,100014,300,99969,100,100046,100,99965,100,100100,100,99957,100,100106,100,99950,100,100150,100,99927,100,100197,100,99891,100,100473,100,99890,100,,,99870,100,,,99824,100
2019-06-28 09:42:08.515019099,100013,472,100012,372,100014,300,99969,100,100046,100,99965,100,100100,100,99957,100,100106,100,99950,100,100150,100,99927,100,100197,100,99891,100,100473,100,99890,100,,,99870,100,,,99824,100
2019-06-28 09:42:10.000000000,100013,268,100012,168,100014,368,99969,168,100046,168,99965,168,100100,168,99957,168,100106,100,99950,100,100150,100,99927,100,100197,100,99891,100,100473,100,99890,100,,,99870,100,,,99824,100
2019-06-28 09:42:18.073132879,100013,268,100012,168,100014,368,99969,168,100046,168,99965,168,100100,68,99957,168,100106,100,99950,100,100150,100,99927,100,100197,100,99891,100,100473,100,99890,100,,,99870,100,,,99824,100
2019-06-28 09:42:20.000000000,100013,292,100012,192,100014,390,99969,190,100046,190,99965,190,100106,100,99957,100,100150,100,99950,100,100197,100,99927,100,100473,100,99891,100,,,99890,100,,,99870,100,,,99824,100
2019-06-28 09:42:24.716279885,100013,292,100012,92,100014,390,99969,190,100046,190,99965,190,100106,100,99950,100,100150,100,99927,100,100197,100,99891,100,100473,100,99890,100,,,99870,100,,,99824,100,,,99778,100
2019-06-28 09:42:30.000000000,100013,268,99969,168,100014,368,99965,168,100046,168,99950,168,100106,168,99927,168,100150,100,99891,100,100197,100,99890,100,100473,100,99870,100,,,99824,100,,,99778,100,,,99737,100
2019-06-28 09:42:32.176804842,100013,268,99969,68,100014,368,99965,168,100046,168,99950,168,100106,168,99927,168,100150,100,99891,100,100197,100,99890,100,100473,100,99870,100,,,99824,100,,,99778,100,,,99737,100
2019-06-28 09:42:39.263979392,99969,32,99965,168,100013,268,99950,168,100014,368,99927,168,100046,168,99891,100,100106,168,99890,100,100150,100,99870,100,100197,100,99824,100,100473,100,99778,100,,,99737,100,,,99710,100
2019-06-28 09:42:40.000000000,99969,100,99965,168,100013,268,99950,168,100014,368,99927,168,100046,168,99891,168,100106,100,99890,100,100150,100,99870,100,100197,100,99824,100,100473,100,99778,100,,,99737,100,,,99710,100
2019-06-28 09:42:41.738231224,99969,68,99965,68,100013,268,99950,168,100014,368,99927,168,100046,168,99891,168,100106,100,99890,100,100150,100,99870,100,100197,100,99824,100,100473,100,99778,100,,,99737,100,,,99710,100
2019-06-28 09:42:50.000000000,100013,472,99950,372,100014,300,99927,100,100046,100,99891,100,100106,100,99890,100,100150,100,99870,100,100197,100,99824,100,100473,100,99778,100,,,99737,100,,,99710,100,,,99585,100
2019-06-28 09:43:00.000000000,100013,472,99950,372,100014,300,99927,100,100046,100,99891,100,100106,100,99890,100,100150,100,99870,100,100197,100,99824,100,100473,100,99778,100,,,99737,100,,,99710,100,,,99585,100
2019-06-28 09:43:10.000000000,100013,268,99950,168,100014,368,99927,168,100046,168,99891,168,100106,168,99890,168,100150,100,99870,100,100197,100,99824,100,100473,100,99778,100,,,99737,100,,,99710,100,,,99585,100
2019-06-28 09:43:11.493817943,99968,100,99950,168,100013,268,99927,168,100014,268,99891,168,100046,168,99890,168,100106,168,99870,100,100150,100,99824,100,100197,100,99778,100,100473,100,99737,100,,,99710,100,,,99585,100
2019-06-28 09:43:16.863339868,99968,100,99950,68,100013,268,99927,68,100014,268,99891,168,100046,168,99890,168,100106,168,99870,100,100150,100,99824,100,100197,100,99778,100,100473,100,99737,100,,,99710,100,,,99585,100
2019-06-28 09:43:20.000000000,99968,192,99891,192,100013,290,99890,190,100014,290,99870,190,100046,100,99824,100,100106,100,99778,100,100150,100,99737,100,100197,100,99710,100,100473,100,99585,100,,,99252,100,,,,
2019-06-28 09:43:27.789150561,99968,192,99891,192,100013,290,99890,190,100014,290,99870,190,100046,100,99824,100,100106,100,99737,100,100150,100,99710,100,100197,100,99585,100,100473,100,99252,100,,,98734,100,,,,
2019-06-28 09:43:30.000000000,99968,372,99891,372,100013,200,99890,100,100014,200,99870,100,100046,100,99824,100,100106,100,99737,100,100150,100,99710,100,100197,100,99585,100,100473,100,99252,100,,,98734,100,,,,
2019-06-28 09:43:32.893784914,99968,372,99891,272,100013,200,99890,100,100014,200,99870,100,100046,100,99824,100,100106,100,99737,100,100150,100,99710,100,100197,100,99585,100,100473,100,99252,100,,,98734,100,,,,
2019-06-28 09:43:33.946287027,99968,372,99891,172,100013,200,99890,100,100014,200,99870,100,100046,100,99824,100,100106,100,99737,100,100150,100,99710,100,100197,100,99585,100,100473,100,99252,100,,,98734,100,,,,
2019-06-28 09:43:40.000000000,99968,372,99890,372,100013,200,99870,100,100014,200,99824,100,100046,100,99737,100,100106,100,99710,100,100150,100,99585,100,100197,100,99252,100,100473,100,98734,100,,,,,,,,
2019-06-28 09:43:42.042993555,99891,100,99890,372,99968,372,99870,100,100013,200,99824,100,100014,200,99737,100,100046,100,99710,100,100106,100,99585,100,100150,100,99252,100,100197,100,98734,100,100473,100,,,,,,
2019-06-28 09:43:47.830073196,99891,100,99890,372,99968,372,99870,100,100013,200,99824,100,100014,200,99737,100,100046,100,99710,100,100106,100,99585,100,100150,100,99252,100,100197,100,98855,100,100473,100,98734,100,,,,
2019-06-28 09:43:50.000000000,99891,154,99890,154,99968,154,99870,154,100013,254,99824,154,100014,254,99737,154,100046,154,99710,154,100106,100,99585,100,100150,100,99252,100,100197,100,98855,100,100473,100,98734,100,,,,
2019-06-28 09:43:58.216478746,99891,154,99890,54,99968,154,99870,154,100013,254,99824,154,100014,254,99737,154,100046,154,99710,154,100106,100,99585,100,100150,100,99252,100,100197,100,98855,100,100473,100,98734,100,,,,
2019-06-28 09:44:00.000000000,99891,168,99870,168,99968,168,99824,168,100013,268,99737,168,100014,268,99710,168,100046,100,99585,100,100106,100,99252,100,100150,100,98855,100,100197,100,98734,100,100473,100,,,,,,
2019-06-28 09:44:06.054813178,99891,168,99870,168,99968,168,99824,168,100013,268,99737,168,100014,268,99710,168,100046,100,99585,100,100106,100,99252,100,100150,100,98919,100,100197,100,98855,100,100473,100,98734,100,,,,
2019-06-28 09:44:10.000000000,99891,192,99870,192,99968,190,99824,190,100013,290,99737,190,100014,200,99710,100,100046,100,99585,100,100106,100,99252,100,100150,100,98919,100,100197,100,98855,100,100473,100,98734,100,,,,
2019-06-28 09:44:20.000000000,99891,372,99870,372,99968,100,99824,100,100013,200,99737,100,100014,200,99710,100,100046,100,99585,100,100106,100,99252,100,100150,100,98919,100,100197,100,98855,100,100473,100,98734,100,,,,
2019-06-28 09:44:30.000000000,99891,236,99870,236,99968,236,99824,236,100013,200,99737,100,100014,200,99710,100,100046,100,99585,100,100106,100,99252,100,100150,100,98919,100,100197,100,98855,100,100473,100,98734,100,,,,
2019-06-28 09:44:30.399303128,99891,236,99870,236,99968,236,99824,236,100013,200,99737,100,100014,200,99710,100,100046,100,99585,100,100106,100,99252,100,100150,100,98919,100,100197,100,98904,100,100473,100,98855,100,,,98734,100
2019-06-28 09:44:39.379104373,99891,236,99870,136,99968,236,99824,236,100013,200,99737,100,100014,200,99710,100,100046,100,99585,100,100106,100,99252,100,100150,100,98919,100,100197,100,98904,100,100473,100,98855,100,,,98734,100
2019-06-28 09:44:40.000000000,99891,168,99824,168,99968,168,99737,168,100013,268,99710,168,100014,268,99585,168,100046,100,99252,100,100106,100,98919,100,100150,100,98904,100,100197,100,98855,100,100473,100,98734,100,,,,
2019-06-28 09:44:45.551159190,99891,168,99824,68,99968,168,99737,168,100013,268,99710,168,100014,268,99585,168,100046,100,99252,100,100106,100,98919,100,100150,100,98855,100,100197,100,98734,100,100473,100,,,,,,
2019-06-28 09:44:50.000000000,99891,168,99737,168,99968,168,99710,168,100013,268,99585,168,100014,268,99252,168,100046,100,98919,100,100106,100,98855,100,100150,100,98734,100,100197,100,,,100473,100,,,,,,
2019-06-28 09:45:00.000000000,99891,168,99737,168,99968,168,99710,168,100013,268,99585,168,100014,268,99252,168,100046,100,98919,100,100106,100,98855,100,100150,100,98734,100,100197,100,,,100473,100,,,,,,
2019-06-28 09:45:04.276600022,99870,100,99737,168,99891,168,99710,168,99968,68,99585,168,100013,268,99252,168,100014,268,98919,100,100046,100,98855,100,100106,100,98734,100,100150,100,,,100197,100,,,100473,100,,
2019-06-28 09:45:04.611307370,99870,100,99737,168,99891,168,99710,168,99968,68,99585,168,100013,268,99252,168,100014,268,98994,100,100046,100,98919,100,100106,100,98855,100,100150,100,98734,100,100197,100,,,100473,100,,
2019-06-28 09:45:10.000000000,99870,168,99737,168,99891,168,99710,168,100013,268,99585,168,100014,268,99252,168,100046,100,98994,100,100106,100,98919,100,100150,100,98855,100,100197,100,98734,100,100473,100,,,,,,
2019-06-28 09:45:10.257710129,99870,168,99737,168,99891,168,99710,168,100013,268,99585,168,100014,268,99252,168,100046,100,98994,100,100106,100,98935,100,100150,100,98919,100,100197,100,98855,100,100473,100,98734,100,,,,
2019-06-28 09:45:20.000000000,99870,168,99737,168,99891,168,99710,168,100013,268,99585,168,100014,268,99252,168,100046,100,98994,100,100106,100,98935,100,100150,100,98919,100,100197,100,98855,100,100473,100,98734,100,,,,
2019-06-28 09:45:22.940146341,99870,168,99737,68,99891,168,99710,168,100013,268,99585,168,100014,268,99252,168,100046,100,98994,100,100106,100,98935,100,100150,100,98919,100,100197,100,98855,100,100473,100,98734,100,,,,
2019-06-28 09:45:30.000000000,99870,372,99710,372,99891,100,99585,100,100013,200,99252,100,100014,200,98994,100,100046,100,98935,100,100106,100,98919,100,100150,100,98855,100,100197,100,98734,100,100473,100,,,,,,
2019-06-28 09:45:33.317132749,99870,372,99710,272,99891,100,99585,100,100013,200,99252,100,100014,200,98994,100,100046,100,98935,100,100106,100,98919,100,100150,100,98855,100,100197,100,98734,100,100473,100,,,,,,
2019-06-28 09:45:38.473740111,99870,272,99710,272,99891,100,99585,100,100013,200,99252,100,100014,200,98994,100,100046,100,98935,100,100106,100,98919,100,100150,100,98855,100,100197,100,98734,100,100473,100,,,,,,
2019-06-28 09:45:40.000000000,99891,372,99585,372,100013,200,99252,100,100014,200,98994,100,100046,100,98935,100,100106,100,98919,100,100150,100,98855,100,100197,100,98734,100,100473,100,,,,,,,,,,
2019-06-28 09:45:50.000000000,99891,236,99585,236,100013,336,99252,236,100014,200,98994,100,100046,100,98935,100,100106,100,98919,100,100150,100,98855,100,100197,100,98734,100,100473,100,,,,,,,,,,
2019-06-28 09:46:00.000000000,99891,154,99585,154,100013,254,99252,154,100014,254,98994,154,100046,154,98935,154,100106,154,98919,154,100150,100,98855,100,100197,100,98734,100,100473,100,,,,,,,,,,
2019-06-28 09:46:02.137297528,99737,100,99585,154,99891,154,99252,154,100013,254,98994,154,100014,254,98935,154,100046,154,98919,154,100106,154,98855,100,100150,100,98734,100,100197,100,,,100473,100,,,,,,
2019-06-28 09:46:10.000000000,99737,192,99585,192,99891,190,99252,190,100013,290,98994,190,100014,200,98935,100,100046,100,98919,100,100106,100,98855,100,100150,100,98734,100,100197,100,,,100473,100,,,,,,
2019-06-28 09:46:11.119633864,99737,192,99585,192,99891,190,99252,190,100013,290,98994,190,100014,200,98935,100,100106,100,98919,100,100150,100,98855,100,100197,100,98734,100,100473,100,,,,,,,,,,
2019-06-28 09:46:20.000000000,99737,168,99585,168,99891,168,99252,168,100013,268,98994,168,100014,268,98935,168,100106,100,98919,100,100150,100,98855,100,100197,100,98734,100,100473,100,,,,,,,,,,
2019-06-28 09:46:30.000000000,99737,372,99585,372,99891,100,99252,100,100013,200,98994,100,100014,200,98935,100,100106,100,98919,100,100150,100,98855,100,100197,100,98734,100,100473,100,,,,,,,,,,
2019-06-28 09:46:30.670253905,99737,372,99585,372,99891,100,99252,100,100013,200,98994,100,100014,200,98935,100,100106,100,98919,100,100150,100,98855,100,100197,100,98734,100,100473,100,98437,100,,,,,,,,
2019-06-28 09:46:40.000000000,99737,168,99585,168,99891,168,99252,168,100013,268,98994,168,100014,268,98935,168,100106,100,98919,100,100150,100,98855,100,100197,100,98734,100,100473,100,98437,100,,,,,,,,
2019-06-28 09:46:50.000000000,99737,372,99585,372,99891,100,99252,100,100013,200,98994,100,100014,200,98935,100,100106,100,98919,100,100150,100,98855,100,100197,100,98734,100,100473,100,98437,100,,,,,,,,
2019-06-28 09:47:00.000000000,99737,192,99585,192,99891,190,99252,190,100013,290,98994,190,100014,200,98935,100,100106,100,98919,100,100150,100,98855,100,100197,100,98734,100,100473,100,98437,100,,,,,,,,
2019-06-28 09:47:10.000000000,99737,154,99585,154,99891,154,99252,154,100013,254,98994,154,100014,254,98935,154,100106,154,98919,154,100150,100,98855,100,100197,100,98734,100,100473,100,98437,100,,,,,,,,
2019-06-28 09:47:20.000000000,99737,236,99585,236,99891,236,99252,236,100013,200,98994,100,100014,200,98935,100,100106,100,98919,100,100150,100,98855,100,100197,100,98734,100,100473,100,98437,100,,,,,,,,
2019-06-28 09:47:25.127311442,99737,236,99585,236,99891,236,99252,236,100013,200,98994,100,100014,200,98935,100,100106,100,98931,100,100150,100,98919,100,100197,100,98855,100,100473,100,98734,100,,,98437,100,,,,
2019-06-28 09:47:30.000000000,99737,192,99585,192,99891,190,99252,190,100013,290,98994,190,100014,200,98935,100,100106,100,98931,100,100150,100,98919,100,100197,100,98855,100,100473,100,98734,100,,,98437,100,,,,
2019-06-28 09:47:37.028013163,99737,192,99585,192,99891,190,99252,190,100013,290,98994,190,100014,200,98970,100,100106,100,98935,100,100150,100,98931,100,100197,100,98919,100,100473,100,98855,100,,,98734,100,,,98437,100
2019-06-28 09:47:40.000000000,99737,168,99585,168,99891,168,99252,168,100013,268,98994,168,100014,268,98970,168,100106,100,98935,100,100150,100,98931,100,100197,100,98919,100,100473,100,98855,100,,,98734,100,,,98437,100
2019-06-28 09:47:50.000000000,99737,192,99585,192,99891,190,99252,190,100013,290,98994,190,100014,200,98970,100,100106,100,98935,100,100150,100,98931,100,100197,100,98919,100,100473,100,98855,100,,,98734,100,,,98437,100
2019-06-28 09:48:00.000000000,99737,192,99585,192,99891,190,99252,190,100013,290,98994,190,100014,200,98970,100,100106,100,98935,100,100150,100,98931,100,100197,100,98919,100,100473,100,98855,100,,,98734,100,,,98437,100
2019-06-28 09:48:03.530520460,99737,192,99585,192,99891,190,99252,190,100013,290,99187,100,100014,200,98994,190,100106,100,98970,100,100150,100,98935,100,100197,100,98931,100,100473,100,98919,100,,,98855,100,,,98734,100
2019-06-28 09:48:05.250757709,99653,100,99585,192,99737,192,99252,190,99891,190,99187,100,100013,290,98994,190,100014,200,98970,100,100106,100,98935,100,100150,100,98931,100,100197,100,98919,100,100473,100,98855,100,,,98734,100
2019-06-28 09:48:10.000000000,99653,168,99585,168,99737,168,99252,168,99891,168,99187,168,100013,268,98994,168,100014,200,98970,100,100106,100,98935,100,100150,100,98931,100,100197,100,98919,100,100473,100,98855,100,,,98734,100
2019-06-28 09:48:19.982376753,99653,168,99585,68,99737,168,99252,168,99891,168,99187,168,100013,268,98994,168,100014,200,98970,100,100106,100,98935,100,100150,100,98931,100,100197,100,98919,100,100473,100,98855,100,,,98734,100
2019-06-28 09:48:20.000000000,99653,236,99252,236,99737,236,99187,236,99891,100,98994,100,100013,200,98970,100,100014,200,98935,100,100106,100,98931,100,100150,100,98919,100,100197,100,98855,100,100473,100,98734,100,,,98437,100
2019-06-28 09:48:30.000000000,99653,372,99252,372,99737,100,99187,100,99891,100,98994,100,100013,200,98970,100,100014,200,98935,100,100106,100,98931,100,100150,100,98919,100,100197,100,98855,100,100473,100,98734,100,,,98437,100
2019-06-28 09:48:40.000000000,99653,168,99252,168,99737,168,99187,168,99891,168,98994,168,100013,268,98970,168,100014,200,98935,100,100106,100,98931,100,100150,100,98919,100,100197,100,98855,100,100473,100,98734,100,,,98437,100
2019-06-28 09:48:50.000000000,99653,236,99252,236,99737,236,99187,236,99891,100,98994,100,100013,200,98970,100,100014,200,98935,100,100106,100,98931,100,100150,100,98919,100,100197,100,98855,100,100473,100,98734,100,,,98437,100
2019-06-28 09:48:59.248127473,99255,100,99252,236,99653,236,99187,236,99737,236,98994,100,99891,100,98970,100,100013,200,98935,100,100014,200,98931,100,100106,100,98919,100,100150,100,98855,100,100197,100,98734,100,100473,100,98437,100
2019-06-28 09:49:00.000000000,99255,154,99252,154,99653,154,99187,154,99737,154,98994,154,99891,154,98970,154,100013,254,98935,154,100014,200,98931,100,100106,100,98919,100,100150,100,98855,100,100197,100,98734,100,100473,100,98437,100
2019-06-28 09:49:07.070695290,99255,54,99252,154,99323,100,99187,154,99653,154,98994,154,99737,154,98970,154,99891,154,98935,154,100013,254,98931,100,100014,200,98919,100,100106,100,98855,100,100150,100,98734,100,100197,100,98437,100
2019-06-28 09:49:10.000000000,99323,236,99252,236,99653,236,99187,236,99737,100,98994,100,99891,100,98970,100,100013,200,98935,100,100014,200,98931,100,100106,100,98919,100,100150,100,98855,100,100197,100,98734,100,100473,100,98437,100
2019-06-28 09:49:20.000000000,99323,192,99252,192,99653,190,99187,190,99737,190,98994,190,99891,100,98970,100,100013,200,98935,100,100014,200,98931,100,100106,100,98919,100,100150,100,98855,100,100197,100,98734,100,100473,100,98437,100
2019-06-28 09:49:22.404810447,99323,192,99252,92,99653,190,99187,190,99737,190,98994,190,99891,100,98970,100,100013,200,98935,100,100014,200,98931,100,100106,100,98919,100,100150,100,98855,100,100197,100,98734,100,100473,100,98437,100
2019-06-28 09:49:29.365142761,99323,192,99252,92,99585,100,99187,190,99653,190,98994,190,99737,190,98970,100,99891,100,98935,100,100013,200,98931,100,100014,200,98919,100,100106,100,98855,100,100150,100,98734,100,100197,100,98437,100
2019-06-28 09:49:30.000000000,99323,236,99187,236,99585,236,98994,236,99653,100,98970,100,99737,100,98935,100,99891,100,98931,100,100013,200,98919,100,100014,200,98855,100,100106,100,98734,100,100150,100,98437,100,100197,100,,
2019-06-28 09:49:31.529890741,99249,100,99187,236,99323,236,98994,236,99585,236,98970,100,99653,100,98935,100,99737,100,98919,100,99891,100,98855,100,100013,200,98734,100,100014,200,98437,100,100106,100,,,100150,100,,
2019-06-28 09:49:40.000000000,99249,236,99187,236,99323,236,98994,236,99585,100,98970,100,99653,100,98935,100,99737,100,98919,100,99891,100,98855,100,100013,200,98734,100,100014,200,98437,100,100106,100,,,100150,100,,
2019-06-28 09:49:50.000000000,99249,192,99187,192,99323,190,98994,190,99585,190,98970,190,99653,100,98935,100,99737,100,98919,100,99891,100,98855,100,100013,200,98734,100,100014,200,98437,100,100106,100,,,100150,100,,
2019-06-28 09:49:53.823606905,99249,192,99187,92,99323,190,98994,190,99585,190,98970,190,99653,100,98935,100,99737,100,98919,100,99891,100,98855,100,100013,200,98734,100,100014,200,98437,100,100106,100,,,100150,100,,
2019-06-28 09:50:00.000000000,99249,372,98994,372,99323,100,98970,100,99585,100,98935,100,99653,100,98919,100,99737,100,98855,100,99891,100,98734,100,100013,200,98437,100,100014,200,,,100106,100,,,100150,100,,
2019-06-28 09:50:08.742187486,99249,372,99188,100,99323,100,98994,372,99585,100,98970,100,99653,100,98935,100,99737,100,98919,100,99891,100,98855,100,100013,200,98734,100,100014,100,98437,100,100106,100,,,100150,100,,
2019-06-28 09:50:10.000000000,99249,168,99188,168,99323,168,98994,168,99585,168,98970,168,99653,168,98935,168,99737,100,98919,100,99891,100,98855,100,100013,200,98734,100,100014,100,98437,100,100106,100,,,100150,100,,
2019-06-28 09:50:20.000000000,99249,372,99188,372,99323,100,98994,100,99585,100,98970,100,99653,100,98935,100,99737,100,98919,100,99891,100,98855,100,100013,200,98734,100,100014,100,98437,100,100106,100,,,100150,100,,
2019-06-28 09:50:30.000000000,99249,168,99188,168,99323,168,98994,168,99585,168,98970,168,99653,168,98935,168,99737,100,98919,100,99891,100,98855,100,100013,200,98734,100,100014,100,98437,100,100106,100,,,100150,100,,
2019-06-28 09:50:40.000000000,99249,154,99188,154,99323,154,98994,154,99585,154,98970,154,99653,154,98935,154,99737,154,98919,154,99891,100,98855,100,100013,200,98734,100,100014,100,98437,100,100106,100,,,100150,100,,
2019-06-28 09:50:45.319378315,99249,154,99188,54,99323,154,98994,154,99585,154,98970,154,99653,154,98935,154,99737,154,98919,154,99891,100,98855,100,100013,200,98734,100,100014,100,98437,100,100106,100,,,100150,100,,
2019-06-28 09:50:50.000000000,99249,236,98994,236,99323,236,98970,236,99585,100,98935,100,99653,100,98919,100,99737,100,98855,100,99891,100,98734,100,100013,200,98437,100,100014,100,,,100106,100,,,100150,100,,
2019-06-28 09:51:00.000000000,99249,372,98994,372,99323,100,98970,100,99585,100,98935,100,99653,100,98919,100,99737,100,98855,100,99891,100,98734,100,100013,200,98437,100,100014,100,,,100106,100,,,100150,100,,
2019-06-28 09:51:10.000000000,99249,236,98994,236,99323,236,98970,236,99585,100,98935,100,99653,100,98919,100,99737,100,98855,100,99891,100,98734,100,100013,200,98437,100,100014,100,,,100106,100,,,100150,100,,
2019-06-28 09:51:20.000000000,99249,154,98994,154,99323,154,98970,154,99585,154,98935,154,99653,154,98919,154,99737,154,98855,154,99891,100,98734,100,100013,200,98437,100,100014,100,,,100106,100,,,100150,100,,
2019-06-28 09:51:30.000000000,99249,236,98994,236,99323,236,98970,236,99585,100,98935,100,99653,100,98919,100,99737,100,98855,100,99891,100,98734,100,100013,200,98437,100,100014,100,,,100106,100,,,100150,100,,
2019-06-28 09:51:35.237659046,99249,236,98994,236,99323,136,98970,236,99585,100,98935,100,99653,100,98919,100,99737,100,98855,100,99891,100,98734,100,100013,200,98555,100,100014,100,98437,100,100106,100,,,100150,100,,
2019-06-28 09:51:40.000000000,99249,372,98994,372,99585,100,98970,100,99653,100,98935,100,99737,100,98919,100,99891,100,98855,100,100013,200,98734,100,100014,100,98555,100,100106,100,98437,100,100150,100,,,100197,100,,
2019-06-28 09:51:44.343991102,99249,372,98994,272,99585,100,98970,100,99653,100,98935,100,99737,100,98919,100,99891,100,98855,100,100013,200,98734,100,100014,100,98555,100,100106,100,98437,100,100150,100,,,100197,100,,
2019-06-28 09:51:50.000000000,99249,154,98970,154,99585,154,98935,154,99653,154,98919,154,99737,154,98855,154,99891,154,98734,154,100013,200,98555,100,100014,100,98437,100,100106,100,,,100150,100,,,100197,100,,
2019-06-28 09:51:55.069747246,99249,154,98970,54,99585,154,98935,154,99653,154,98919,154,99737,154,98855,54,99891,154,98734,154,100013,200,98555,100,100014,100,98437,100,100106,100,,,100150,100,,,100197,100,,
2019-06-28 09:52:00.000000000,99249,154,98935,154,99585,154,98919,154,99653,154,98734,154,99737,154,98555,154,99891,154,98437,154,100013,200,,,100014,100,,,100106,100,,,100150,100,,,100197,100,,
2019-06-28 09:52:10.000000000,99249,168,98935,168,99585,168,98919,168,99653,168,98734,168,99737,168,98555,168,99891,100,98437,100,100013,200,,,100014,100,,,100106,100,,,100150,100,,,100197,100,,
2019-06-28 09:52:17.380808109,99249,168,98935,68,99585,168,98919,168,99653,168,98734,168,99737,168,98555,168,99891,100,98437,100,100013,200,,,100014,100,,,100106,100,,,100150,100,,,100197,100,,
2019-06-28 09:52:20.000000000,99249,236,98919,236,99585,236,98734,236,99653,100,98555,100,99737,100,98437,100,99891,100,,,100013,200,,,100014,100,,,100106,100,,,100150,100,,,100197,100,,
2019-06-28 09:52:22.216793311,99249,236,98919,236,99585,236,98734,236,99653,100,98555,100,99737,100,98437,100,99891,100,98327,100,100013,200,,,100014,100,,,100106,100,,,100150,100,,,100197,100,,
2019-06-28 09:52:30.000000000,99249,168,98919,168,99585,168,98734,168,99653,168,98555,168,99737,168,98437,168,99891,100,98327,100,100013,200,,,100014,100,,,100106,100,,,100150,100,,,100197,100,,
2019-06-28 09:52:40.000000000,99249,236,98919,236,99585,236,98734,236,99653,100,98555,100,99737,100,98437,100,99891,100,98327,100,100013,200,,,100014,100,,,100106,100,,,100150,100,,,100197,100,,
2019-06-28 09:52:47.478390732,99249,236,98919,136,99585,236,98734,236,99653,100,98555,100,99737,100,98437,100,99891,100,98327,100,100013,200,,,100014,100,,,100106,100,,,100150,100,,,100197,100,,
2019-06-28 09:52:50.000000000,99249,236,98734,236,99585,236,98555,236,99653,100,98437,100,99737,100,98327,100,99891,100,,,100013,200,,,100014,100,,,100106,100,,,100150,100,,,100197,100,,
2019-06-28 09:53:00.000000000,99249,236,98734,236,99585,236,98555,236,99653,100,98437,100,99737,100,98327,100,99891,100,,,100013,200,,,100014,100,,,100106,100,,,100150,100,,,100197,100,,
2019-06-28 09:53:04.889140462,99249,236,98734,136,99585,236,98555,236,99653,100,98437,100,99737,100,98327,100,99891,100,,,100013,200,,,100014,100,,,100106,100,,,100150,100,,,100197,100,,
2019-06-28 09:53:10.000000000,99249,236,98555,236,99585,236,98437,236,99653,100,98327,100,99737,100,,,99891,100,,,100013,200,,,100014,100,,,100106,100,,,100150,100,,,100197,100,,
2019-06-28 09:53:20.000000000,99249,168,98555,168,99585,168,98437,168,99653,168,98327,168,99737,168,98326,68,99891,100,,,100013,200,,,100014,100,,,100106,100,,,100150,100,,,100197,100,,
2019-06-28 09:53:21.203495589,98919,100,98555,168,99249,168,98437,168,99585,168,98327,168,99653,168,98326,68,99737,168,,,99891,100,,,100013,100,,,100014,100,,,100106,100,,,100150,100,,
2019-06-28 09:53:30.000000000,98919,372,98555,372,99249,100,98437,100,99585,100,98327,100,99653,100,,,99737,100,,,99891,100,,,100013,100,,,100014,100,,,100106,100,,,100150,100,,
2019-06-28 09:53:35.553485558,98919,372,98877,100,99249,100,98555,372,99585,100,98437,100,99653,100,,,99737,100,,,99891,100,,,100013,100,,,100014,100,,,100106,100,,,100150,100,,
2019-06-28 09:53:36.055900210,98919,272,98877,100,99249,100,98555,372,99585,100,98437,100,99653,100,,,99737,100,,,99891,100,,,100013,100,,,100014,100,,,100106,100,,,100150,100,,
2019-06-28 09:53:39.339893936,98919,272,98877,100,99249,100,98597,100,99585,100,98555,372,99653,100,98437,100,99737,100,,,99891,100,,,100013,100,,,100014,100,,,100106,100,,,100150,100,,
2019-06-28 09:53:40.000000000,99249,236,98877,236,99585,236,98597,236,99653,100,98555,100,99737,100,98437,100,99891,100,,,100013,100,,,100014,100,,,100106,100,,,100150,100,,,100197,100,,
2019-06-28 09:53:44.564584326,99249,236,98877,136,99585,236,98597,236,99653,100,98555,100,99737,100,98437,100,99891,100,,,100013,100,,,100014,100,,,100106,100,,,100150,100,,,100197,100,,
2019-06-28 09:53:50.000000000,99249,372,98597,372,99585,100,98555,100,99653,100,98437,100,99737,100,,,99891,100,,,100013,100,,,100014,100,,,100106,100,,,100150,100,,,100197,100,,
2019-06-28 09:54:00.000000000,99249,236,98597,236,99585,236,98555,236,99653,100,98437,100,99737,100,,,99891,100,,,100013,100,,,100014,100,,,100106,100,,,100150,100,,,100197,100,,
2019-06-28 09:54:03.008795508,99249,236,98668,100,99585,236,98597,236,99653,100,98555,236,99737,100,98437,100,99891,100,,,100013,100,,,100014,100,,,100106,100,,,100150,100,,,100197,100,,
2019-06-28 09:54:05.407231938,99050,100,98668,100,99249,236,98597,236,99585,236,98555,236,99653,100,98437,100,99737,100,,,99891,100,,,100013,100,,,100014,100,,,100106,100,,,100150,100,,
2019-06-28 09:54:06.427024178,98983,100,98668,100,99050,100,98597,236,99249,236,98555,236,99585,236,98437,100,99653,100,,,99737,100,,,99891,100,,,100013,100,,,100014,100,,,100106,100,,
2019-06-28 09:54:07.431856793,98839,100,98668,100,98983,100,98597,236,99050,100,98555,236,99249,236,98437,100,99585,236,,,99653,100,,,99737,100,,,99891,100,,,100013,100,,,100014,100,,
2019-06-28 09:54:10.000000000,98839,168,98668,168,98983,168,98597,168,99050,168,98555,168,99249,168,98437,168,99585,100,,,99653,100,,,99737,100,,,99891,100,,,100013,100,,,100014,100,,
2019-06-28 09:54:18.125708443,98839,168,98668,168,98953,100,98597,168,98983,168,98555,168,99050,168,98437,168,99249,168,,,99585,100,,,99653,100,,,99737,100,,,99891,100,,,100013,100,,
2019-06-28 09:54:20.000000000,98839,372,98668,372,98953,100,98597,100,98983,100,98555,100,99050,100,98437,100,99249,100,,,99585,100,,,99653,100,,,99737,100,,,99891,100,,,100013,100,,
2019-06-28 09:54:30.000000000,98839,154,98668,154,98953,154,98597,154,98983,154,98555,154,99050,154,98437,154,99249,154,98436,54,99585,100,,,99653,100,,,99737,100,,,99891,100,,,100013,100,,
2019-06-28 09:54:40.000000000,98839,192,98668,192,98953,190,98597,190,98983,190,98555,190,99050,100,98437,100,99249,100,,,99585,100,,,99653,100,,,99737,100,,,99891,100,,,100013,100,,
2019-06-28 09:54:46.468750774,98839,192,98668,192,98953,190,98597,190,98983,190,98555,190,99050,100,98532,100,99249,100,98437,100,99585,100,,,99653,100,,,99737,100,,,99891,100,,,100013,100,,
2019-06-28 09:54:50.000000000,98839,168,98668,168,98953,168,98597,168,98983,168,98555,168,99050,168,98532,168,99249,100,98437,100,99585,100,,,99653,100,,,99737,100,,,99891,100,,,100013,100,,
2019-06-28 09:54:54.156068954,98839,168,98668,168,98953,168,98597,168,98983,168,98555,168,99050,168,98532,168,99249,100,98437,100,99585,100,,,99653,100,,,99737,100,,,99891,100,,,100014,100,,
2019-06-28 09:55:00.000000000,98839,154,98668,154,98953,154,98597,154,98983,154,98555,154,99050,154,98532,154,99249,154,98437,154,99585,100,,,99653,100,,,99737,100,,,99891,100,,,100014,100,,
2019-06-28 09:55:01.623772262,98839,154,98668,54,98953,154,98597,154,98983,154,98555,154,99050,154,98532,154,99249,154,98437,154,99585,100,,,99653,100,,,99737,100,,,99891,100,,,100014,100,,
2019-06-28 09:55:09.345515206,98668,46,98597,154,98839,154,98555,154,98953,154,98532,154,98983,154,98437,154,99050,154,,,99249,154,,,99585,100,,,99653,100,,,99737,100,,,99891,100,,
2019-06-28 09:55:10.000000000,98668,138,98597,192,98839,190,98555,190,98953,190,98532,190,98983,100,98437,100,99050,100,,,99249,100,,,99585,100,,,99653,100,,,99737,100,,,99891,100,,
2019-06-28 09:55:20.000000000,98668,318,98597,372,98839,100,98555,100,98953,100,98532,100,98983,100,98437,100,99050,100,,,99249,100,,,99585,100,,,99653,100,,,99737,100,,,99891,100,,
2019-06-28 09:55:30.000000000,98668,182,98597,236,98839,236,98555,236,98953,100,98532,100,98983,100,98437,100,99050,100,,,99249,100,,,99585,100,,,99653,100,,,99737,100,,,99891,100,,
2019-06-28 09:55:40.000000000,98668,114,98597,168,98839,168,98555,168,98953,168,98532,168,98983,168,98437,168,99050,100,,,99249,100,,,99585,100,,,99653,100,,,99737,100,,,99891,100,,
2019-06-28 09:55:50.000000000,98668,114,98597,168,98839,168,98555,168,98953,168,98532,168,98983,168,98437,168,99050,100,,,99249,100,,,99585,100,,,99653,100,,,99737,100,,,99891,100,,
2019-06-28 09:56:00.000000000,98668,100,98597,154,98839,154,98555,154,98953,154,98532,154,98983,154,98437,154,99050,154,98436,54,99249,100,,,99585,100,,,99653,100,,,99737,100,,,99891,100,,
2019-06-28 09:56:10.000000000,98668,182,98597,236,98839,236,98555,236,98953,100,98532,100,98983,100,98437,100,99050,100,,,99249,100,,,99585,100,,,99653,100,,,99737,100,,,99891,100,,
2019-06-28 09:56:13.693270098,98668,182,98597,136,98839,236,98555,236,98953,100,98532,100,98983,100,98437,100,99050,100,,,99249,100,,,99585,100,,,99653,100,,,99737,100,,,99891,100,,
2019-06-28 09:56:19.420103555,98667,100,98597,136,98668,182,98555,236,98839,236,98532,100,98953,100,98437,100,98983,100,,,99050,100,,,99249,100,,,99585,100,,,99653,100,,,99737,100,,
2019-06-28 09:56:20.000000000,98667,154,98555,154,98668,100,98532,154,98839,154,98437,154,98953,154,98436,54,98983,154,,,99050,100,,,99249,100,,,99585,100,,,99653,100,,,99737,100,,
2019-06-28 09:56:30.000000000,98667,236,98555,236,98668,182,98532,236,98839,100,98437,100,98953,100,,,98983,100,,,99050,100,,,99249,100,,,99585,100,,,99653,100,,,99737,100,,
2019-06-28 09:56:40.000000000,98667,192,98555,192,98668,136,98532,190,98839,190,98437,190,98953,100,,,98983,100,,,99050,100,,,99249,100,,,99585,100,,,99653,100,,,99737,100,,
2019-06-28 09:56:48.706034379,98667,192,98555,92,98668,136,98532,190,98839,190,98437,190,98953,100,,,99050,100,,,99249,100,,,99585,100,,,99653,100,,,99737,100,,,99891,100,,
2019-06-28 09:56:50.000000000,98667,154,98532,154,98668,100,98437,154,98839,154,98436,54,98953,154,,,99050,154,,,99249,100,,,99585,100,,,99653,100,,,99737,100,,,99891,100,,
2019-06-28 09:57:00.000000000,98667,372,98532,372,98668,46,98437,100,98839,100,,,98953,100,,,99050,100,,,99249,100,,,99585,100,,,99653,100,,,99737,100,,,99891,100,,
2019-06-28 09:57:00.380955566,98667,372,98532,272,98668,46,98437,100,98839,100,,,98953,100,,,99050,100,,,99249,100,,,99585,100,,,99653,100,,,99737,100,,,99891,100,,
2019-06-28 09:57:01.270458253,98667,372,98532,272,98668,46,98437,100,98839,100,97818,100,98953,100,,,99050,100,,,99249,100,,,99585,100,,,99653,100,,,99737,100,,,99891,100,,
2019-06-28 09:57:03.569785528,98667,372,98532,272,98668,46,98437,100,98839,100,97818,100,98953,100,97467,100,99050,100,,,99249,100,,,99585,100,,,99653,100,,,99737,100,,,99891,100,,
2019-06-28 09:57:10.000000000,98667,192,98437,192,98668,136,97818,190,98839,190,97467,190,98953,100,,,99050,100,,,99249,100,,,99585,100,,,99653,100,,,99737,100,,,99891,100,,
2019-06-28 09:57:20.000000000,98667,192,98437,192,98668,136,97818,190,98839,190,97467,190,98953,100,,,99050,100,,,99249,100,,,99585,100,,,99653,100,,,99737,100,,,99891,100,,
2019-06-28 09:57:27.345362409,98667,192,98437,192,98668,136,97818,190,98839,190,97752,100,98953,100,97467,190,99050,100,,,99249,100,,,99585,100,,,99653,100,,,99737,100,,,99891,100,,
2019-06-28 09:57:29.378541939,98667,192,98437,192,98668,136,97818,190,98839,190,97792,100,98953,100,97752,100,99050,100,97467,190,99249,100,,,99585,100,,,99653,100,,,99737,100,,,99891,100,,
2019-06-28 09:57:30.000000000,98667,154,98437,154,98668,100,97818,154,98839,154,97792,154,98953,154,97752,154,99050,154,97467,154,99249,100,,,99585,100,,,99653,100,,,99737,100,,,99891,100,,
2019-06-28 09:57:40.000000000,98667,192,98437,192,98668,136,97818,190,98839,190,97792,190,98953,100,97752,100,99050,100,97467,100,99249,100,,,99585,100,,,99653,100,,,99737,100,,,99891,100,,
2019-06-28 09:57:49.398753909,98667,192,98437,92,98668,136,97818,190,98839,190,97792,90,98953,100,97752,100,99050,100,97467,100,99249,100,,,99585,100,,,99653,100,,,99737,100,,,99891,100,,
2019-06-28 09:57:50.000000000,98667,372,97818,372,98668,46,97752,100,98839,100,97467,100,98953,100,,,99050,100,,,99249,100,,,99585,100,,,99653,100,,,99737,100,,,99891,100,,
2019-06-28 09:57:56.443691522,98532,100,97818,372,98667,372,97752,100,98668,46,97467,100,98839,100,,,98953,100,,,99050,100,,,99249,100,,,99585,100,,,99653,100,,,99737,100,,
2019-06-28 09:58:00.000000000,98532,372,97818,372,98667,100,97752,100,98668,46,97467,100,98839,100,,,98953,100,,,99050,100,,,99249,100,,,99585,100,,,99653,100,,,99737,100,,
2019-06-28 09:58:10.000000000,98532,372,97818,372,98667,100,97752,100,98668,46,97467,100,98839,100,,,98953,100,,,99050,100,,,99249,100,,,99585,100,,,99653,100,,,99737,100,,
2019-06-28 09:58:13.017419101,98367,100,97818,372,98532,372,97752,100,98667,100,97467,100,98668,46,,,98839,100,,,98953,100,,,99050,100,,,99249,100,,,99585,100,,,99653,100,,
2019-06-28 09:58:20.000000000,98367,168,97818,168,98532,168,97752,168,98667,168,97467,168,98668,114,97466,68,98839,100,,,98953,100,,,99050,100,,,99249,100,,,99585,100,,,99653,100,,
2019-06-28 09:58:30.000000000,98367,154,97818,154,98532,154,97752,154,98667,154,97467,154,98668,100,97466,54,98839,154,,,98953,100,,,99050,100,,,99249,100,,,99585,100,,,99653,100,,
2019-06-28 09:58:40.000000000,98367,168,97818,168,98532,168,97752,168,98667,168,97467,168,98668,114,97466,68,98839,100,,,98953,100,,,99050,100,,,99249,100,,,99585,100,,,99653,100,,
2019-06-28 09:58:46.867698957,98367,168,97818,168,98532,168,97752,168,98667,168,97467,168,98668,114,97466,68,98839,100,,,98953,100,,,99050,100,,,99185,100,,,99249,100,,,99585,100,,
2019-06-28 09:58:50.000000000,98367,154,97818,154,98532,154,97752,154,98667,154,97467,154,98668,100,97466,54,98839,154,,,98953,100,,,99050,100,,,99185,100,,,99249,100,,,99585,100,,
2019-06-28 09:59:00.000000000,98367,154,97818,154,98532,154,97752,154,98667,154,97467,154,98668,100,97466,54,98839,154,,,98953,100,,,99050,100,,,99185,100,,,99249,100,,,99585,100,,
2019-06-28 09:59:10.000000000,98367,236,97818,236,98532,236,97752,236,98667,100,97467,100,98668,46,,,98839,100,,,98953,100,,,99050,100,,,99185,100,,,99249,100,,,99585,100,,
2019-06-28 09:59:20.000000000,98367,236,97818,236,98532,236,97752,236,98667,100,97467,100,98668,46,,,98839,100,,,98953,100,,,99050,100,,,99185,100,,,99249,100,,,99585,100,,
2019-06-28 09:59:25.250450599,98367,236,97818,236,98532,236,97752,236,98667,100,97467,100,98668,46,,,98839,100,,,98953,100,,,99050,100,,,99185,100,,,99249,100,,,99561,100,,
2019-06-28 09:59:30.000000000,98367,154,97818,154,98532,154,97752,154,98667,154,97467,154,98668,100,97466,54,98839,154,,,98953,100,,,99050,100,,,99185,100,,,99249,100,,,99561,100,,
2019-06-28 09:59:34.660454465,98367,54,97818,154,98532,154,97752,154,98667,154,97467,154,98668,100,97466,54,98839,154,,,98953,100,,,99050,100,,,99185,100,,,99249,100,,,99561,100,,
2019-06-28 09:59:38.132945684,98532,154,98367,46,98667,154,97818,154,98668,100,97752,154,98839,154,97467,154,99050,100,97466,54,99185,100,,,99249,100,,,99561,100,,,99585,100,,,99653,100,,
2019-06-28 09:59:40.000000000,98532,192,98367,138,98667,190,97818,190,98668,136,97752,190,98839,100,97467,100,99050,100,,,99185,100,,,99249,100,,,99561,100,,,99585,100,,,99653,100,,
2019-06-28 09:59:45.494125005,98532,92,98367,138,98667,190,97818,190,98668,136,97752,190,98839,100,97467,100,99050,100,,,99185,100,,,99249,100,,,99561,100,,,99585,100,,,99653,100,,
2019-06-28 09:59:50.000000000,98667,154,98367,100,98668,100,97818,154,98839,154,97752,154,99050,154,97467,154,99185,154,97466,54,99249,100,,,99561,100,,,99585,100,,,99653,100,,,99737,100,,
2019-06-28 10:00:00.000000000,98667,154,98367,100,98668,100,97818,154,98839,154,97752,154,99050,154,97467,154,99185,154,97466,54,99249,100,,,99561,100,,,99585,100,,,99653,100,,,99737,100,,
2019-06-28 10:00:04.571835819,98667,154,98367,100,98668,100,97818,154,98839,154,97752,154,99050,154,97467,154,99185,154,97466,54,99249,100,,,99427,100,,,99561,100,,,99585,100,,,99653,100,,
2019-06-28 10:00:06.339827330,98667,154,98367,100,98668,100,97818,154,98839,154,97752,154,99050,154,97467,154,99185,154,97466,54,99249,100,,,99427,100,,,99478,100,,,99561,100,,,99585,100,,
2019-06-28 10:00:07.578744557,98667,54,98367,100,98668,54,97818,154,98839,154,97752,154,99050,154,97467,154,99185,154,97466,54,99249,100,,,99427,100,,,99478,100,,,99561,100,,,99585,100,,
2019-06-28 10:00:10.000000000,98839,372,98367,318,99050,100,97818,100,99185,100,97752,100,99249,100,97467,100,99427,100,,,99478,100,,,99561,100,,,99585,100,,,99653,100,,,99737,100,,
2019-06-28 10:00:16.791860559,98839,372,98532,100,99050,100,98367,318,99185,100,97818,100,99249,100,97752,100,99427,100,97467,100,99478,100,,,99561,100,,,99585,100,,,99653,100,,,99737,100,,
2019-06-28 10:00:20.000000000,98839,192,98532,192,99050,190,98367,136,99185,190,97818,190,99249,100,97752,100,99427,100,97467,100,99478,100,,,99561,100,,,99585,100,,,99653,100,,,99737,100,,
2019-06-28 10:00:20.582868506,98839,92,98532,192,99050,190,98367,136,99185,190,97818,190,99249,100,97752,100,99427,100,97467,100,99478,100,,,99561,100,,,99585,100,,,99653,100,,,99737,100,,
2019-06-28 10:00:21.127556551,99050,190,98839,8,99185,190,98532,192,99249,100,98367,90,99427,100,97818,190,99478,100,97752,100,99561,100,97467,100,99585,100,,,99653,100,,,99737,100,,,99891,100,,
2019-06-28 10:00:30.000000000,99050,168,98839,76,99185,168,98532,168,99249,168,97818,168,99427,168,97752,168,99478,100,97467,100,99561,100,,,99585,100,,,99653,100,,,99737,100,,,99891,100,,
2019-06-28 10:00:30.074957109,99050,68,98839,76,99185,168,98532,168,99249,168,97818,168,99427,168,97752,168,99478,100,97467,100,99561,100,,,99585,100,,,99653,100,,,99737,100,,,99891,100,,
2019-06-28 10:00:36.446657587,99050,68,98839,76,99185,168,98532,168,99249,168,97818,168,99390,100,97752,168,99427,168,97467,100,99478,100,,,99561,100,,,99585,100,,,99653,100,,,99737,100,,
2019-06-28 10:00:38.219604722,99185,168,99050,32,99249,168,98839,76,99390,100,98532,168,99427,168,97818,168,99478,100,97752,168,99561,100,97467,100,99585,100,,,99653,100,,,99737,100,,,99891,100,,
2019-06-28 10:00:40.000000000,99185,192,99050,124,99249,190,98839,98,99390,190,98532,190,99427,100,97818,100,99478,100,97752,100,99561,100,97467,100,99585,100,,,99653,100,,,99737,100,,,99891,100,,
2019-06-28 10:00:50.000000000,99185,154,99050,86,99249,154,98839,62,99390,154,98532,154,99427,154,97818,154,99478,154,97752,154,99561,100,97467,100,99585,100,,,99653,100,,,99737,100,,,99891,100,,
2019-06-28 10:00:51.568692225,99185,54,99050,86,99249,154,98839,62,99390,154,98532,154,99427,154,97818,154,99478,154,97752,154,99561,100,97467,100,99585,100,,,99653,100,,,99737,100,,,99891,100,,
2019-06-28 10:01:00.000000000,99249,154,99050,86,99390,154,98839,62,99427,154,98532,154,99478,154,97818,154,99561,154,97752,154,99585,100,97467,100,99653,100,,,99737,100,,,99891,100,,,100014,100,,
2019-06-28 10:01:10.000000000,99249,192,99050,124,99390,190,98839,98,99427,190,98532,190,99478,100,97818,100,99561,100,97752,100,99585,100,97467,100,99653,100,,,99737,100,,,99891,100,,,100014,100,,
2019-06-28 10:01:18.705613685,99249,192,99051,100,99390,190,99050,124,99427,190,98839,98,99478,100,98532,190,99561,100,97818,100,99585,100,97752,100,99653,100,97467,100,99737,100,,,99891,100,,,100014,100,,
2019-06-28 10:01:20.000000000,99249,236,99051,236,99390,236,99050,168,99427,100,98839,8,99478,100,98532,100,99561,100,97818,100,99585,100,97752,100,99653,100,97467,100,99737,100,,,99891,100,,,100014,100,,
2019-06-28 10:01:30.000000000,99249,192,99051,192,99390,190,99050,122,99427,190,98839,98,99478,100,98532,100,99561,100,97818,100,99585,100,97752,100,99653,100,97467,100,99737,100,,,99891,100,,,100014,100,,
2019-06-28 10:01:40.000000000,99249,372,99051,372,99390,100,99050,32,99427,100,98839,8,99478,100,98532,100,99561,100,97818,100,99585,100,97752,100,99653,100,97467,100,99737,100,,,99891,100,,,100014,100,,
2019-06-28 10:01:50.000000000,99249,168,99051,168,99390,168,99050,100,99427,168,98839,76,99478,168,98532,168,99561,100,97818,100,99585,100,97752,100,99653,100,97467,100,99737,100,,,99891,100,,,100014,100,,
2019-06-28 10:01:51.581412004,99249,168,99051,268,99390,168,99050,100,99427,168,98839,76,99478,168,98532,168,99561,100,97818,100,99585,100,97752,100,99653,100,97467,100,99737,100,,,99891,100,,,100014,100,,
2019-06-28 10:01:53.069376791,99249,68,99051,268,99390,168,99050,100,99427,168,98839,76,99478,168,98532,168,99561,100,97818,100,99585,100,97752,100,99653,100,97467,100,99737,100,,,99891,100,,,100014,100,,
2019-06-28 10:01:57.690985999,99390,168,99249,32,99427,168,99051,268,99478,168,99050,100,99561,100,98839,76,99585,100,98532,168,99653,100,97818,100,99737,100,97752,100,99891,100,97467,100,100014,100,,,100106,100,,
2019-06-28 10:01:59.456835987,99390,68,99249,32,99427,168,99051,268,99478,168,99050,100,99561,100,98839,76,99585,100,98532,168,99653,100,97818,100,99737,100,97752,100,99891,100,97467,100,100014,100,,,100106,100,,
2019-06-28 10:02:00.000000000,99427,372,99249,304,99478,100,99051,200,99561,100,99050,32,99585,100,98839,8,99653,100,98532,100,99737,100,97818,100,99891,100,97752,100,100014,100,97467,100,100106,100,,,100150,100,,
2019-06-28 10:02:10.000000000,99427,192,99249,124,99478,190,99051,290,99561,190,99050,122,99585,100,98839,8,99653,100,98532,100,99737,100,97818,100,99891,100,97752,100,100014,100,97467,100,100106,100,,,100150,100,,
2019-06-28 10:02:13.556947053,99427,192,99249,224,99478,190,99051,290,99561,190,99050,122,99585,100,98839,8,99653,100,98532,100,99737,100,97818,100,99891,100,97752,100,100014,100,97467,100,100106,100,,,100150,100,,
2019-06-28 10:02:20.000000000,99427,192,99249,224,99478,190,99051,290,99561,190,99050,122,99585,100,98839,8,99653,100,98532,100,99737,100,97818,100,99891,100,97752,100,100014,100,97467,100,100106,100,,,100150,100,,
2019-06-28 10:02:30.000000000,99427,236,99249,268,99478,236,99051,336,99561,100,99050,32,99585,100,98839,8,99653,100,98532,100,99737,100,97818,100,99891,100,97752,100,100014,100,97467,100,100106,100,,,100150,100,,
2019-06-28 10:02:34.931466724,99427,136,99249,268,99478,236,99051,336,99561,100,99050,32,99585,100,98839,8,99653,100,98532,100,99737,100,97818,100,99891,100,97752,100,100014,100,97467,100,100106,100,,,100150,100,,
2019-06-28 10:02:40.000000000,99478,372,99249,404,99561,100,99051,200,99585,100,99050,32,99653,100,98839,8,99737,100,98532,100,99891,100,97818,100,100014,100,97752,100,100106,100,97467,100,100150,100,,,100197,100,,
2019-06-28 10:02:41.471665067,99478,372,99390,100,99561,100,99249,404,99585,100,99051,200,99653,100,99050,32,99737,100,98839,8,99891,100,98532,100,100014,100,97818,100,100106,100,97752,100,100150,100,97467,100,100197,100,,
2019-06-28 10:02:50.000000000,99478,236,99390,236,99561,236,99249,268,99585,100,99051,200,99653,100,99050,32,99737,100,98839,8,99891,100,98532,100,100014,100,97818,100,100106,100,97752,100,100150,100,97467,100,100197,100,,
2019-06-28 10:03:00.000000000,99478,154,99390,154,99561,154,99249,186,99585,154,99051,254,99653,154,99050,86,99737,154,98839,62,99891,100,98532,100,100014,100,97818,100,100106,100,97752,100,100150,100,97467,100,100197,100,,
2019-06-28 10:03:08.794634713,99478,54,99390,154,99561,154,99249,186,99585,154,99051,254,99653,154,99050,86,99737,154,98839,62,99891,100,98532,100,100014,100,97818,100,100106,100,97752,100,100150,100,97467,100,100197,100,,
2019-06-28 10:03:10.000000000,99561,236,99390,236,99585,236,99249,268,99653,100,99051,200,99737,100,99050,32,99891,100,98839,8,100014,100,98532,100,100106,100,97818,100,100150,100,97752,100,100197,100,97467,100,,,,
2019-06-28 10:03:12.154141026,99561,236,99494,100,99585,236,99390,236,99653,100,99249,268,99737,100,99051,200,99891,100,99050,32,100014,100,98839,8,100106,100,98532,100,100150,100,97818,100,100197,100,97752,100,,,97467,100
2019-06-28 10:03:20.000000000,99561,154,99494,154,99585,154,99390,154,99653,154,99249,186,99737,154,99051,254,99891,154,99050,86,100014,100,98839,8,100106,100,98532,100,100150,100,97818,100,100197,100,97752,100,,,97467,100
2019-06-28 10:03:29.433870902,99561,54,99494,154,99585,154,99390,154,99653,154,99249,186,99737,154,99051,254,99891,154,99050,86,99894,100,98839,8,100014,100,98532,100,100106,100,97818,100,100150,100,97752,100,100197,100,97467,100
2019-06-28 10:03:30.000000000,99585,236,99494,236,99653,236,99390,236,99737,100,99249,132,99891,100,99051,200,99894,100,99050,32,100014,100,98839,8,100106,100,98532,100,100150,100,97818,100,100197,100,97752,100,,,97467,100
2019-06-28 10:03:40.000000000,99585,168,99494,168,99653,168,99390,168,99737,168,99249,200,99891,168,99051,268,99894,100,99050,32,100014,100,98839,8,100106,100,98532,100,100150,100,97818,100,100197,100,97752,100,,,97467,100
2019-06-28 10:03:50.000000000,99585,192,99494,192,99653,190,99390,190,99737,190,99249,222,99891,100,99051,200,99894,100,99050,32,100014,100,98839,8,100106,100,98532,100,100150,100,97818,100,100197,100,97752,100,,,97467,100
2019-06-28 10:03:52.502888285,99585,92,99494,192,99653,190,99390,190,99737,190,99249,222,99891,100,99051,200,99894,100,99050,32,100014,100,98839,8,100106,100,98532,100,100150,100,97818,100,100197,100,97752,100,,,97467,100
2019-06-28 10:04:00.000000000,99653,192,99494,192,99737,190,99390,190,99891,190,99249,222,99894,100,99051,200,100014,100,99050,32,100106,100,98839,8,100150,100,98532,100,100197,100,97818,100,,,97752,100,,,97467,100
2019-06-28 10:04:02.968874760,99653,192,99495,100,99737,190,99494,192,99891,190,99390,190,99894,100,99249,222,100014,100,99051,100,100106,100,99050,32,100150,100,98839,8,100197,100,98532,100,,,97818,100,,,97752,100
2019-06-28 10:04:07.552601310,99653,192,99495,100,99737,190,99494,192,99777,100,99390,190,99891,190,99249,222,99894,100,99051,100,100014,100,99050,32,100106,100,98839,8,100150,100,98532,100,100197,100,97818,100,,,97752,100
2019-06-28 10:04:10.000000000,99653,236,99495,236,99737,236,99494,236,99777,100,99390,100,99891,100,99249,132,99894,100,99051,100,100014,100,99050,32,100106,100,98839,8,100150,100,98532,100,100197,100,97818,100,,,97752,100
2019-06-28 10:04:10.950742206,99653,236,99495,236,99737,236,99494,236,99777,100,99390,100,99884,100,99249,132,99891,100,99051,100,99894,100,99050,32,100014,100,98839,8,100150,100,98532,100,100197,100,97818,100,,,97752,100
2019-06-28 10:04:20.000000000,99653,168,99495,168,99737,168,99494,168,99777,168,99390,168,99884,168,99249,200,99891,100,99051,100,99894,100,99050,32,100014,100,98839,8,100150,100,98532,100,100197,100,97818,100,,,97752,100
2019-06-28 10:04:22.374121752,99653,168,99495,168,99737,168,99494,168,99777,168,99390,168,99884,168,99350,100,99891,100,99249,200,99894,100,99051,100,100014,100,99050,32,100150,100,98839,8,100197,100,98532,100,,,97818,100
2019-06-28 10:04:30.000000000,99653,192,99495,192,99737,190,99494,190,99777,190,99390,190,99884,100,99350,100,99891,100,99249,132,99894,100,99051,100,100014,100,99050,32,100150,100,98839,8,100197,100,98532,100,,,97818,100
2019-06-28 10:04:40.000000000,99653,168,99495,168,99737,168,99494,168,99777,168,99390,168,99884,168,99350,168,99891,100,99249,132,99894,100,99051,100,100014,100,99050,32,100150,100,98839,8,100197,100,98532,100,,,97818,100
2019-06-28 10:04:50.000000000,99653,192,99495,192,99737,190,99494,190,99777,190,99390,190,99884,100,99350,100,99891,100,99249,132,99894,100,99051,100,100014,100,99050,32,100150,100,98839,8,100197,100,98532,100,,,97818,100
2019-06-28 10:04:50.154482460,99653,192,99495,92,99737,190,99494,190,99777,190,99390,190,99884,100,99350,100,99891,100,99249,132,99894,100,99051,100,100014,100,99050,32,100150,100,98839,8,100197,100,98532,100,,,97818,100
2019-06-28 10:05:00.000000000,99653,168,99494,168,99737,168,99390,168,99777,168,99350,168,99884,168,99249,200,99891,100,99051,100,99894,100,99050,32,100014,100,98839,8,100150,100,98532,100,100197,100,97818,100,,,97752,100
2019-06-28 10:05:10.000000000,99653,154,99494,154,99737,154,99390,154,99777,154,99350,154,99884,154,99249,186,99891,154,99051,154,99894,100,99050,32,100014,100,98839,8,100150,100,98532,100,100197,100,97818,100,,,97752,100
2019-06-28 10:05:20.000000000,99653,372,99494,372,99737,100,99390,100,99777,100,99350,100,99884,100,99249,132,99891,100,99051,100,99894,100,99050,32,100014,100,98839,8,100150,100,98532,100,100197,100,97818,100,,,97752,100
2019-06-28 10:05:25.997577459,99653,272,99494,372,99737,100,99390,100,99777,100,99350,100,99884,100,99249,132,99891,100,99051,100,99894,100,99050,32,100014,100,98839,8,100150,100,98532,100,100197,100,97818,100,,,97752,100
2019-06-28 10:05:30.000000000,99737,192,99494,192,99777,190,99390,190,99884,190,99350,190,99891,100,99249,132,99894,100,99051,100,100014,100,99050,32,100150,100,98839,8,100197,100,98532,100,,,97818,100,,,97752,100
2019-06-28 10:05:34.810512917,99737,192,99494,192,99777,190,99390,190,99884,190,99350,190,99891,100,99249,132,99894,100,99051,100,100014,100,99050,32,100056,100,98839,8,100150,100,98532,100,100197,100,97818,100,,,97752,100
2019-06-28 10:05:40.000000000,99737,168,99494,168,99777,168,99390,168,99884,168,99350,168,99891,168,99249,200,99894,100,99051,100,100014,100,99050,32,100056,100,98839,8,100150,100,98532,100,100197,100,97818,100,,,97752,100
2019-06-28 10:05:50.000000000,99737,168,99494,168,99777,168,99390,168,99884,168,99350,168,99891,168,99249,200,99894,100,99051,100,100014,100,99050,32,100056,100,98839,8,100150,100,98532,100,100197,100,97818,100,,,97752,100
2019-06-28 10:05:51.960096386,99737,68,99494,168,99777,168,99390,168,99884,168,99350,168,99891,168,99249,200,99894,100,99051,100,100014,100,99050,32,100056,100,98839,8,100150,100,98532,100,100197,100,97818,100,,,97467,100
2019-06-28 10:06:00.000000000,99777,168,99494,168,99884,168,99390,168,99891,168,99350,168,99894,168,99249,200,100014,100,99051,100,100056,100,99050,32,100150,100,98839,8,100197,100,98532,100,,,97818,100,,,97467,100
2019-06-28 10:06:10.000000000,99777,236,99494,236,99884,236,99390,236,99891,100,99350,100,99894,100,99249,132,100014,100,99051,100,100056,100,99050,32,100150,100,98839,8,100197,100,98532,100,,,97818,100,,,97467,100
2019-06-28 10:06:20.000000000,99777,192,99494,192,99884,190,99390,190,99891,190,99350,190,99894,100,99249,132,100014,100,99051,100,100056,100,99050,32,100150,100,98839,8,100197,100,98532,100,,,97818,100,,,97467,100
2019-06-28 10:06:20.122098673,99777,192,99494,192,99884,190,99390,190,99891,190,99350,190,99894,100,99249,132,100014,100,99051,100,100056,100,99050,32,100092,100,98839,8,100150,100,98532,100,100197,100,97818,100,,,97467,100
2019-06-28 10:06:24.645894427,99777,192,99494,192,99884,190,99390,190,99891,190,99350,190,99894,100,99249,132,99998,100,99051,100,100014,100,99050,32,100056,100,98839,8,100092,100,98532,100,100150,100,97818,100,100197,100,97467,100
2019-06-28 10:06:30.000000000,99777,192,99494,192,99884,190,99390,190,99891,190,99350,190,99894,100,99249,132,99998,100,99051,100,100014,100,99050,32,100056,100,98839,8,100092,100,98532,100,100150,100,97818,100,100197,100,97467,100
2019-06-28 10:06:40.000000000,99777,372,99494,372,99884,100,99390,100,99891,100,99350,100,99894,100,99249,132,99998,100,99051,100,100014,100,99050,32,100056,100,98839,8,100092,100,98532,100,100150,100,97818,100,100197,100,97467,100
2019-06-28 10:06:50.000000000,99777,192,99494,192,99884,190,99390,190,99891,190,99350,190,99894,100,99249,132,99998,100,99051,100,100014,100,99050,32,100056,100,98839,8,100092,100,98532,100,100150,100,97818,100,100197,100,97467,100
2019-06-28 10:06:59.622526532,99777,192,99703,100,99884,190,99494,192,99891,190,99390,190,99894,100,99350,190,99998,100,99249,132,100014,100,99051,100,100056,100,99050,32,100092,100,98839,8,100150,100,98532,100,100197,100,97818,100
2019-06-28 10:07:00.000000000,99777,154,99703,154,99884,154,99494,154,99891,154,99390,154,99894,154,99350,154,99998,154,99249,186,100014,100,99051,100,100056,100,99050,32,100092,100,98839,8,100150,100,98532,100,100197,100,97818,100
2019-06-28 10:07:10.000000000,99777,168,99703,168,99884,168,99494,168,99891,168,99390,168,99894,168,99350,168,99998,100,99249,132,100014,100,99051,100,100056,100,99050,32,100092,100,98839,8,100150,100,98532,100,100197,100,97818,100
2019-06-28 10:07:18.377357482,99884,168,99777,32,99891,168,99703,168,99894,168,99494,168,99998,100,99390,168,100014,100,99350,168,100056,100,99249,132,100092,100,99051,100,100150,100,99050,32,100197,100,98839,8,,,98532,100
2019-06-28 10:07:20.000000000,99884,372,99777,304,99891,100,99703,100,99894,100,99494,100,99998,100,99390,100,100014,100,99350,100,100056,100,99249,132,100092,100,99051,100,100150,100,99050,32,100197,100,98839,8,,,98532,100
2019-06-28 10:07:25.610207609,99884,372,99777,304,99891,100,99703,100,99894,100,99588,100,100014,100,99494,100,100056,100,99390,100,100092,100,99350,100,100150,100,99249,132,100197,100,99051,100,,,99050,32,,,98839,8
2019-06-28 10:07:30.000000000,99884,168,99777,100,99891,168,99703,168,99894,168,99588,168,100014,168,99494,168,100056,100,99390,100,100092,100,99350,100,100150,100,99249,132,100197,100,99051,100,,,99050,32,,,98839,8
2019-06-28 10:07:40.000000000,99884,168,99777,100,99891,168,99703,168,99894,168,99588,168,100014,168,99494,168,100056,100,99390,100,100092,100,99350,100,100150,100,99249,132,100197,100,99051,100,,,99050,32,,,98839,8
2019-06-28 10:07:50.000000000,99884,236,99777,168,99891,236,99703,236,99894,100,99588,100,100014,100,99494,100,100056,100,99390,100,100092,100,99350,100,100150,100,99249,132,100197,100,99051,100,,,99050,32,,,98839,8
2019-06-28 10:08:00.000000000,99884,236,99777,168,99891,236,99703,236,99894,100,99588,100,100014,100,99494,100,100056,100,99390,100,100092,100,99350,100,100150,100,99249,132,100197,100,99051,100,,,99050,32,,,98839,8
2019-06-28 10:08:02.564990506,99884,136,99777,168,99891,236,99703,236,99894,100,99588,100,100014,100,99494,100,100056,100,99390,100,100092,100,99350,100,100150,100,99249,132,100197,100,99051,100,,,99050,32,,,98839,8
2019-06-28 10:08:10.000000000,99891,192,99777,124,99894,190,99703,190,100014,190,99588,190,100056,100,99494,100,100092,100,99390,100,100150,100,99350,100,100197,100,99249,132,,,99051,100,,,99050,32,,,98839,8
2019-06-28 10:08:20.000000000,99891,192,99777,124,99894,190,99703,190,100014,190,99588,190,100056,100,99494,100,100092,100,99390,100,100150,100,99350,100,100197,100,99249,132,,,99051,100,,,99050,32,,,98839,8
2019-06-28 10:08:25.132680204,99891,192,99777,124,99894,190,99703,190,100014,190,99673,100,100056,100,99588,190,100092,100,99494,100,100197,100,99390,100,,,99350,100,,,99249,132,,,99051,100,,,99050,32
2019-06-28 10:08:30.000000000,99891,154,99777,86,99894,154,99703,154,100014,154,99673,154,100056,154,99588,154,100092,154,99494,154,100197,100,99390,100,,,99350,100,,,99249,132,,,99051,100,,,99050,32
2019-06-28 10:08:40.000000000,99891,154,99777,86,99894,154,99703,154,100014,154,99673,154,100056,154,99588,154,100092,154,99494,154,100197,100,99390,100,,,99350,100,,,99249,132,,,99051,100,,,99050,32
2019-06-28 10:08:50.000000000,99891,372,99777,304,99894,100,99703,100,100014,100,99673,100,100056,100,99588,100,100092,100,99494,100,100197,100,99390,100,,,99350,100,,,99249,132,,,99051,100,,,99050,32
2019-06-28 10:08:54.461580912,99891,372,99777,272,99894,100,99703,100,100014,100,99673,100,100056,100,99588,100,100092,100,99494,100,100197,100,99390,100,100246,100,99350,100,,,99249,132,,,99051,100,,,99050,32
2019-06-28 10:08:57.582091896,99891,372,99777,272,99894,100,99703,100,100014,100,99673,100,100056,100,99588,100,100092,100,99494,100,100112,100,99390,100,100197,100,99350,100,100246,100,99249,132,,,99051,100,,,99050,32
2019-06-28 10:09:00.000000000,99891,154,99703,154,99894,154,99673,154,100014,154,99588,154,100056,154,99494,154,100092,154,99390,154,100112,100,99350,100,100197,100,99249,132,100246,100,99051,100,,,99050,32,,,98839,8
2019-06-28 10:09:10.000000000,99891,168,99703,168,99894,168,99673,168,100014,168,99588,168,100056,168,99494,168,100092,100,99390,100,100112,100,99350,100,100197,100,99249,132,100246,100,99051,100,,,99050,32,,,98839,8
2019-06-28 10:09:20.000000000,99891,236,99703,236,99894,236,99673,236,100014,100,99588,100,100056,100,99494,100,100092,100,99390,100,100112,100,99350,100,100197,100,99249,132,100246,100,99051,100,,,99050,32,,,98839,8
2019-06-28 10:09:30.000000000,99891,236,99703,236,99894,236,99673,236,100014,100,99588,100,100056,100,99494,100,100092,100,99390,100,100112,100,99350,100,100197,100,99249,132,100246,100,99051,100,,,99050,32,,,98839,8
2019-06-28 10:09:40.000000000,99891,154,99703,154,99894,154,99673,154,100014,154,99588,154,100056,154,99494,154,100092,154,99390,154,100112,100,99350,100,100197,100,99249,132,100246,100,99051,100,,,99050,32,,,98839,8
2019-06-28 10:09:50.000000000,99891,236,99703,236,99894,236,99673,236,100014,100,99588,100,100056,100,99494,100,100092,100,99390,100,100112,100,99350,100,100197,100,99249,132,100246,100,99051,100,,,99050,32,,,98839,8
2019-06-28 10:10:00.000000000,99891,154,99703,154,99894,154,99673,154,100014,154,99588,154,100056,154,99494,154,100092,154,99390,154,100112,100,99350,100,100197,100,99249,132,100246,100,99051,100,,,99050,32,,,98839,8
2019-06-28 10:10:08.053992360,99891,154,99778,100,99894,154,99703,154,100014,154,99673,154,100056,154,99588,154,100092,154,99494,154,100112,100,99390,154,100197,100,99350,100,100246,100,99249,132,,,99051,100,,,99050,32
2019-06-28 10:10:10.000000000,99891,168,99778,168,99894,168,99703,168,100014,168,99673,168,100056,168,99588,168,100092,100,99494,100,100112,100,99390,100,100197,100,99350,100,100246,100,99249,132,,,99051,100,,,99050,32
2019-06-28 10:10:20.000000000,99891,192,99778,192,99894,190,99703,190,100014,190,99673,190,100056,100,99588,100,100092,100,99494,100,100112,100,99390,100,100197,100,99350,100,100246,100,99249,132,,,99051,100,,,99050,32
2019-06-28 10:10:30.000000000,99891,236,99778,236,99894,236,99703,236,100014,100,99673,100,100056,100,99588,100,100092,100,99494,100,100112,100,99390,100,100197,100,99350,100,100246,100,99249,132,,,99051,100,,,99050,32
2019-06-28 10:10:38.125584959,99891,136,99778,236,99894,236,99703,236,100014,100,99673,100,100056,100,99588,100,100092,100,99494,100,100112,100,99390,100,100197,100,99350,100,100246,100,99249,132,,,99051,100,,,99050,32
2019-06-28 10:10:40.000000000,99894,236,99778,236,100014,236,99703,236,100056,100,99673,100,100092,100,99588,100,100112,100,99494,100,100197,100,99390,100,100246,100,99350,100,,,99249,132,,,99051,100,,,99050,32
2019-06-28 10:10:46.123124642,99894,236,99778,236,100014,236,99740,100,100056,100,99703,236,100092,100,99673,100,100112,100,99588,100,100246,100,99494,100,,,99390,100,,,99350,100,,,99249,132,,,99051,100
2019-06-28 10:10:50.000000000,99894,372,99778,372,100014,100,99740,100,100056,100,99703,100,100092,100,99673,100,100112,100,99588,100,100246,100,99494,100,,,99390,100,,,99350,100,,,99249,132,,,99051,100
2019-06-28 10:11:00.000000000,99894,372,99778,372,100014,100,99740,100,100056,100,99703,100,100092,100,99673,100,100112,100,99588,100,100246,100,99494,100,,,99390,100,,,99350,100,,,99249,132,,,99051,100
2019-06-28 10:11:10.000000000,99894,236,99778,236,100014,236,99740,236,100056,100,99703,100,100092,100,99673,100,100112,100,99588,100,100246,100,99494,100,,,99390,100,,,99350,100,,,99249,132,,,99051,100
2019-06-28 10:11:20.000000000,99894,372,99778,372,100014,100,99740,100,100056,100,99703,100,100092,100,99673,100,100112,100,99588,100,100246,100,99494,100,,,99390,100,,,99350,100,,,99249,132,,,99051,100
