,ask_price_1,ask_size_1,bid_price_1,bid_size_1,ask_price_2,ask_size_2,bid_price_2,bid_size_2,ask_price_3,ask_size_3,bid_price_3,bid_size_3,ask_price_4,ask_size_4,bid_price_4,bid_size_4,ask_price_5,ask_size_5,bid_price_5,bid_size_5,ask_price_6,ask_size_6,bid_price_6,bid_size_6,ask_price_7,ask_size_7,bid_price_7,bid_size_7,ask_price_8,ask_size_8,bid_price_8,bid_size_8,ask_price_9,ask_size_9,bid_price_9,bid_size_9,ask_price_10,ask_size_10,bid_price_10,bid_size_10
2019-06-28 09:30:00.000000000,100101,100,99957,100,,,,,,,,,,,,,,,,,,,,,,,,,,,,,,,,,,,,
2019-06-28 09:30:00.000000001,100101,100,99957,100,,,,,,,,,,,,,,,,,,,,,,,,,,,,,,,,,,,,
2019-06-28 09:30:00.000000003,100101,100,99957,100,100137,100,,,,,,,,,,,,,,,,,,,,,,,,,,,,,,,,,,
2019-06-28 09:30:00.000000005,100072,100,99957,100,100080,100,,,100101,100,,,100137,100,,,,,,,,,,,,,,,,,,,,,,,,,,
2019-06-28 09:30:00.000000006,100051,100,99957,100,100072,100,,,100080,100,,,100101,100,,,100137,100,,,,,,,,,,,,,,,,,,,,,,
2019-06-28 09:30:00.000000007,100051,100,99996,100,100072,100,99957,100,100080,100,,,100101,100,,,100137,100,,,,,,,,,,,,,,,,,,,,,,
2019-06-28 09:30:00.000000010,100051,100,99996,100,100072,100,99965,100,100080,100,99957,100,100101,100,,,100137,100,,,,,,,,,,,,,,,,,,,,,,
2019-06-28 09:30:00.000000011,100025,100,99996,100,100051,100,99965,100,100072,100,99957,100,100080,100,,,100101,100,,,100137,100,,,,,,,,,,,,,,,,,,
2019-06-28 09:30:00.000000012,100025,100,100011,100,100051,100,99996,100,100072,100,99965,100,100080,100,99957,100,100101,100,,,100137,100,,,,,,,,,,,,,,,,,,
2019-06-28 09:30:00.000000013,100025,100,100011,100,100051,100,99996,100,100072,100,99965,100,100080,100,99957,100,100101,100,99909,100,100137,100,,,,,,,,,,,,,,,,,,
2019-06-28 09:30:00.000000015,100025,100,100011,100,100051,100,99996,100,100072,100,99965,100,100080,100,99957,100,100101,100,99909,100,100137,100,99822,100,,,,,,,,,,,,,,,,
2019-06-28 09:30:00.000000017,100025,100,100011,100,100051,100,99996,100,100072,100,99965,100,100080,100,99957,100,100101,100,99909,100,100137,100,99822,100,100162,100,,,,,,,,,,,,,,
2019-06-28 09:30:00.000000018,100025,100,100011,100,100051,100,99996,100,100072,100,99965,100,100080,100,99957,100,100101,100,99913,100,100137,100,99909,100,100162,100,99822,100,,,,,,,,,,,,
2019-06-28 09:30:00.000000019,100024,100,99996,100,100025,100,99965,100,100051,100,99957,100,100072,100,99913,100,100080,100,99909,100,100101,100,99831,100,100137,100,99822,100,100162,100,,,,,,,,,,
2019-06-28 09:30:00.000000021,100024,100,99996,100,100025,100,99965,100,100051,100,99957,100,100072,100,99913,100,100080,100,99909,100,100101,100,99871,100,100137,100,99831,100,100162,100,99822,100,,,,,,,,
2019-06-28 09:30:00.000000024,99997,100,99996,100,100024,100,99965,100,100025,100,99957,100,100051,100,99913,100,100072,100,99909,100,100080,100,99871,100,100101,100,99831,100,100137,100,99822,100,100162,100,,,,,,
2019-06-28 09:30:00.000000025,99997,100,99996,100,100024,200,99965,100,100025,100,99957,100,100051,100,99913,100,100072,100,99909,100,100080,100,99871,100,100101,100,99831,100,100137,100,99822,100,100162,100,,,,,,
2019-06-28 09:30:00.000000026,99997,100,99996,100,100024,200,99965,100,100025,100,99957,100,100051,100,99913,100,100072,100,99909,100,100080,100,99871,100,100101,100,99859,100,100137,100,99831,100,100162,100,99822,100,,,,
2019-06-28 09:30:00.000000027,99997,100,99965,100,100024,200,99957,100,100025,100,99913,100,100051,100,99909,100,100072,100,99871,100,100080,100,99859,100,100101,100,99831,100,100137,100,99822,100,100162,100,,,,,,
2019-06-28 09:30:00.000000029,99997,100,99965,100,100024,200,99957,100,100025,100,99942,100,100051,100,99913,100,100072,100,99909,100,100080,100,99871,100,100101,100,99859,100,100137,100,99831,100,100162,100,99822,100,,,,
2019-06-28 09:30:00.000000032,100024,200,99965,100,100025,100,99957,100,100051,100,99942,100,100072,100,99913,100,100080,100,99909,100,100101,100,99871,100,100137,100,99859,100,100162,100,99831,100,,,99822,100,,,,
2019-06-28 09:30:00.000000036,100024,200,99965,100,100025,100,99957,100,100051,100,99942,100,100064,100,99913,100,100072,100,99909,100,100080,100,99871,100,100101,100,99859,100,100137,100,99831,100,100162,100,99822,100,,,,
2019-06-28 09:30:00.000000038,100024,200,99957,100,100025,100,99942,100,100051,100,99913,100,100064,100,99909,100,100072,100,99871,100,100080,100,99859,100,100101,100,99831,100,100137,100,99822,100,100162,100,,,,,,
2019-06-28 09:30:00.000000041,100000,100,99957,100,100024,200,99942,100,100025,100,99913,100,100051,100,99909,100,100064,100,99871,100,100072,100,99859,100,100080,100,99831,100,100101,100,99822,100,100137,100,,,100162,100,,
2019-06-28 09:30:00.000000042,100000,100,99965,100,100024,200,99957,100,100025,100,99942,100,100051,100,99913,100,100064,100,99909,100,100072,100,99871,100,100080,100,99859,100,100101,100,99831,100,100137,100,99822,100,100162,100,,
2019-06-28 09:30:00.000000045,100000,100,99965,100,100024,200,99957,100,100025,100,99949,100,100051,100,99942,100,100064,100,99913,100,100072,100,99909,100,100080,100,99871,100,100101,100,99859,100,100137,100,99831,100,100162,100,99822,100
2019-06-28 09:30:00.000000049,100000,100,99965,100,100024,200,99957,100,100025,100,99949,100,100051,100,99942,100,100064,100,99913,100,100069,100,99909,100,100072,100,99871,100,100080,100,99859,100,100101,100,99831,100,100137,100,99822,100
2019-06-28 09:30:00.000000050,100000,100,99965,100,100024,200,99957,100,100025,100,99949,100,100051,100,99942,100,100064,100,99937,100,100069,100,99913,100,100072,100,99909,100,100080,100,99871,100,100101,100,99859,100,100137,100,99831,100
2019-06-28 09:30:00.000000051,100000,100,99965,100,100024,200,99957,100,100025,100,99949,100,100038,100,99942,100,100051,100,99937,100,100064,100,99913,100,100069,100,99909,100,100072,100,99871,100,100080,100,99859,100,100101,100,99831,100
2019-06-28 09:30:00.000000055,100000,100,99965,100,100024,200,99957,100,100025,100,99949,100,100038,100,99942,100,100051,100,99937,100,100064,100,99913,100,100069,100,99909,100,100072,100,99871,100,100080,100,99859,100,100085,100,99831,100
2019-06-28 09:30:00.000000058,100000,100,99965,100,100024,200,99957,100,100025,100,99954,100,100038,100,99949,100,100051,100,99942,100,100064,100,99937,100,100069,100,99913,100,100072,100,99909,100,100080,100,99871,100,100085,100,99859,100
2019-06-28 09:30:00.000000059,100000,100,99965,200,100024,200,99957,100,100025,100,99954,100,100038,100,99949,100,100051,100,99942,100,100064,100,99937,100,100069,100,99913,100,100072,100,99909,100,100080,100,99871,100,100085,100,99859,100
2019-06-28 09:30:00.000000060,100000,100,99965,200,100024,200,99957,100,100025,100,99954,100,100038,100,99949,100,100051,100,99942,100,100064,100,99937,100,100069,100,99913,100,100072,100,99909,100,100080,100,99906,100,100085,100,99871,100
2019-06-28 09:30:00.000000061,100024,200,99965,200,100025,100,99957,100,100038,100,99956,100,100051,100,99954,100,100064,100,99949,100,100069,100,99942,100,100072,100,99937,100,100077,100,99913,100,100080,100,99909,100,100085,100,99906,100
2019-06-28 09:30:00.000000062,100024,200,99965,200,100025,100,99957,100,100038,100,99956,100,100051,100,99954,100,100064,100,99949,100,100069,100,99942,100,100072,100,99937,100,100077,100,99913,100,100080,100,99909,100,100085,100,99906,100
2019-06-28 09:30:00.000000063,100024,200,99965,200,100025,100,99964,100,100038,100,99957,100,100051,100,99956,100,100064,100,99954,100,100069,100,99949,100,100072,100,99942,100,100077,100,99937,100,100080,100,99913,100,100085,100,99909,100
2019-06-28 09:30:00.000000064,100024,200,99966,100,100025,100,99965,200,100038,100,99964,100,100051,100,99957,100,100058,100,99956,100,100064,100,99954,100,100069,100,99949,100,100072,100,99942,100,100077,100,99937,100,100080,100,99913,100
2019-06-28 09:30:00.000000068,100024,200,99966,200,100025,100,99965,200,100038,100,99964,100,100051,100,99957,100,100058,100,99956,100,100064,100,99954,100,100069,100,99949,100,100072,100,99942,100,100077,100,99937,100,100080,100,99913,100
2019-06-28 09:30:00.000000069,100024,200,100000,100,100025,100,99966,200,100038,100,99965,200,100051,100,99964,100,100058,100,99957,100,100064,100,99956,100,100069,100,99954,100,100072,100,99949,100,100077,100,99942,100,100080,100,99937,100
2019-06-28 09:30:00.000000070,100024,200,100000,100,100025,100,99966,200,100038,100,99965,200,100051,100,99964,100,100058,100,99957,100,100064,100,99956,100,100069,100,99954,100,100072,100,99949,100,100077,100,99942,100,100080,100,99937,100
2019-06-28 09:30:00.000000071,100024,200,100000,100,100025,100,99966,300,100038,100,99965,200,100051,100,99964,100,100058,100,99957,100,100064,100,99956,100,100069,100,99954,100,100072,100,99949,100,100077,100,99942,100,100080,100,99937,100
2019-06-28 09:30:00.000000074,100024,200,100000,100,100025,100,99966,300,100038,100,99965,200,100051,100,99964,100,100058,100,99957,100,100064,100,99956,100,100069,100,99954,100,100072,100,99949,100,100077,100,99942,100,100080,100,99937,100
2019-06-28 09:30:00.000000077,100024,200,100000,100,100025,100,99966,300,100038,100,99965,200,100051,100,99964,100,100058,100,99957,100,100064,100,99956,100,100069,100,99954,100,100072,100,99949,100,100077,100,99942,100,100080,100,99937,100
2019-06-28 09:30:00.000000084,100024,200,100000,100,100025,100,99966,300,100038,100,99965,200,100051,100,99964,100,100058,100,99957,100,100064,100,99956,100,100069,100,99954,100,100072,100,99949,100,100077,100,99942,100,100080,100,99937,100
2019-06-28 09:30:00.000000087,100024,200,100000,100,100025,100,99966,400,100038,100,99965,200,100051,100,99964,100,100058,100,99957,100,100064,100,99956,100,100069,100,99954,100,100072,100,99949,100,100077,100,99942,100,100080,100,99937,100
2019-06-28 09:30:00.000000089,100024,200,100000,100,100025,100,99966,500,100038,100,99965,200,100051,100,99964,100,100058,100,99957,100,100064,100,99956,100,100069,100,99954,100,100072,100,99949,100,100077,100,99942,100,100080,100,99937,100
2019-06-28 09:30:00.000000090,100024,200,100000,100,100025,100,99966,500,100038,100,99965,200,100051,100,99964,200,100058,100,99957,100,100060,100,99956,100,100064,100,99954,100,100069,100,99949,100,100072,100,99942,100,100077,100,99937,100
2019-06-28 09:30:00.000000091,100024,200,100000,100,100025,100,99966,600,100038,100,99965,200,100051,100,99964,200,100058,100,99957,100,100060,100,99956,100,100064,100,99954,100,100069,100,99949,100,100072,100,99942,100,100077,100,99937,100
2019-06-28 09:30:00.000000093,100024,200,100000,100,100025,100,99966,600,100038,100,99965,200,100051,100,99964,200,100058,100,99957,100,100060,100,99956,100,100064,100,99954,100,100069,100,99949,100,100072,100,99942,100,100077,100,99937,100
2019-06-28 09:30:00.000000094,100024,200,100000,100,100025,100,99985,100,100038,100,99966,600,100051,100,99965,200,100058,100,99964,200,100060,100,99957,100,100064,100,99956,100,100069,100,99954,100,100072,100,99949,100,100077,100,99942,100
2019-06-28 09:30:00.000000095,100024,200,100000,100,100025,100,99985,100,100038,100,99966,600,100051,100,99965,200,100058,100,99964,200,100060,100,99957,100,100064,100,99956,100,100069,100,99954,100,100072,100,99949,100,100077,100,99942,100
2019-06-28 09:30:00.000000097,100024,200,100000,100,100025,100,99985,100,100038,100,99966,600,100051,100,99965,200,100058,100,99964,200,100060,100,99957,100,100064,100,99956,100,100069,100,99954,100,100072,100,99949,100,100077,100,99942,100
2019-06-28 09:30:10.000000000,100024,521,100000,421,100025,100,99985,100,100038,100,99966,600,100051,100,99965,200,100058,100,99964,200,100060,100,99957,100,100064,100,99956,100,100069,100,99954,100,100072,100,99949,100,100077,100,99942,100
2019-06-28 09:30:12.195026783,100024,521,100000,421,100025,100,99985,100,100038,100,99966,600,100051,100,99965,200,100058,100,99964,200,100060,100,99957,100,100064,100,99956,100,100069,100,99954,100,100072,100,99949,100,100077,100,99942,100
2019-06-28 09:30:20.000000000,100024,280,100000,180,100025,180,99985,180,100038,180,99966,680,100051,180,99965,280,100058,100,99964,200,100060,100,99957,100,100064,100,99956,100,100069,100,99954,100,100072,100,99949,100,100077,100,99942,100
2019-06-28 09:30:20.388454813,100024,280,100000,180,100025,180,99985,180,100038,180,99966,780,100051,180,99965,280,100058,100,99964,200,100060,100,99957,100,100064,100,99956,100,100069,100,99954,100,100072,100,99949,100,100077,100,99942,100
2019-06-28 09:30:29.056976193,100024,280,100000,180,100025,180,99985,180,100038,180,99966,680,100051,180,99965,280,100058,100,99964,200,100060,100,99957,100,100064,100,99956,100,100069,100,99954,100,100072,100,99949,100,100077,100,99942,100
2019-06-28 09:30:30.000000000,100024,309,100000,209,100025,206,99985,206,100038,206,99966,706,100051,100,99965,200,100058,100,99964,200,100060,100,99957,100,100064,100,99956,100,100069,100,99954,100,100072,100,99949,100,100077,100,99942,100
2019-06-28 09:30:30.492228047,100024,309,100000,209,100025,206,99985,206,100038,206,99966,606,100051,100,99965,200,100058,100,99964,200,100060,100,99957,100,100064,100,99956,100,100069,100,99954,100,100072,100,99949,100,100077,100,99942,100
2019-06-28 09:30:31.999977084,100024,209,100000,209,100025,206,99985,206,100038,206,99966,606,100051,100,99965,200,100058,100,99964,200,100060,100,99957,100,100064,100,99956,100,100069,100,99954,100,100072,100,99949,100,100077,100,99942,100
2019-06-28 09:30:40.000000000,100024,209,100000,209,100025,206,99985,206,100038,206,99966,606,100051,100,99965,200,100058,100,99964,200,100060,100,99957,100,100064,100,99956,100,100069,100,99954,100,100072,100,99949,100,100077,100,99942,100
2019-06-28 09:30:50.000000000,100024,421,100000,421,100025,100,99985,100,100038,100,99966,500,100051,100,99965,200,100058,100,99964,200,100060,100,99957,100,100064,100,99956,100,100069,100,99954,100,100072,100,99949,100,100077,100,99942,100
2019-06-28 09:30:52.737445943,100024,421,100000,421,100025,100,99985,100,100038,100,99966,500,100051,100,99965,200,100058,100,99964,200,100060,100,99957,100,100064,100,99956,100,100069,100,99954,100,100072,100,99949,100,100077,100,99942,100
2019-06-28 09:31:00.000000000,100024,421,100000,421,100025,100,99985,100,100038,100,99966,500,100051,100,99965,200,100058,100,99964,200,100060,100,99957,100,100064,100,99956,100,100069,100,99954,100,100072,100,99949,100,100077,100,99942,100
2019-06-28 09:31:10.000000000,100024,260,100000,260,100025,260,99985,260,100038,100,99966,500,100051,100,99965,200,100058,100,99964,200,100060,100,99957,100,100064,100,99956,100,100069,100,99954,100,100072,100,99949,100,100077,100,99942,100
2019-06-28 09:31:17.002908178,100024,160,100000,160,100025,260,99985,260,100038,100,99966,500,100051,100,99965,200,100058,100,99964,200,100060,100,99957,100,100064,100,99956,100,100069,100,99954,100,100072,100,99949,100,100077,100,99942,100
2019-06-28 09:31:20.000000000,100025,421,99985,421,100038,100,99966,500,100051,100,99965,200,100058,100,99964,200,100060,100,99957,100,100064,100,99956,100,100069,100,99954,100,100072,100,99949,100,100077,100,99942,100,100080,100,99937,100
2019-06-28 09:31:30.000000000,100025,209,99985,209,100038,206,99966,606,100051,206,99965,306,100058,100,99964,200,100060,100,99957,100,100064,100,99956,100,100069,100,99954,100,100072,100,99949,100,100077,100,99942,100,100080,100,99937,100
2019-06-28 09:31:40.000000000,100025,180,99985,180,100038,180,99966,580,100051,180,99965,280,100058,180,99964,280,100060,100,99957,100,100064,100,99956,100,100069,100,99954,100,100072,100,99949,100,100077,100,99942,100,100080,100,99937,100
2019-06-28 09:31:50.000000000,100025,180,99985,180,100038,180,99966,580,100051,180,99965,280,100058,180,99964,280,100060,100,99957,100,100064,100,99956,100,100069,100,99954,100,100072,100,99949,100,100077,100,99942,100,100080,100,99937,100
2019-06-28 09:32:00.000000000,100025,260,99985,260,100038,260,99966,660,100051,100,99965,200,100058,100,99964,200,100060,100,99957,100,100064,100,99956,100,100069,100,99954,100,100072,100,99949,100,100077,100,99942,100,100080,100,99937,100
2019-06-28 09:32:10.000000000,100025,164,99985,164,100038,164,99966,564,100051,164,99965,264,100058,164,99964,264,100060,164,99957,164,100064,100,99956,100,100069,100,99954,100,100072,100,99949,100,100077,100,99942,100,100080,100,99937,100
2019-06-28 09:32:20.000000000,100025,180,99985,180,100038,180,99966,580,100051,180,99965,280,100058,180,99964,280,100060,100,99957,100,100064,100,99956,100,100069,100,99954,100,100072,100,99949,100,100077,100,99942,100,100080,100,99937,100
2019-06-28 09:32:30.000000000,100025,209,99985,209,100038,206,99966,606,100051,206,99965,306,100058,100,99964,200,100060,100,99957,100,100064,100,99956,100,100069,100,99954,100,100072,100,99949,100,100077,100,99942,100,100080,100,99937,100
2019-06-28 09:32:40.000000000,100025,260,99985,260,100038,260,99966,660,100051,100,99965,200,100058,100,99964,200,100060,100,99957,100,100064,100,99956,100,100069,100,99954,100,100072,100,99949,100,100077,100,99942,100,100080,100,99937,100
2019-06-28 09:32:50.000000000,100025,180,99985,180,100038,180,99966,580,100051,180,99965,280,100058,180,99964,280,100060,100,99957,100,100064,100,99956,100,100069,100,99954,100,100072,100,99949,100,100077,100,99942,100,100080,100,99937,100
2019-06-28 09:32:55.754036081,100025,180,99985,180,100038,180,99966,580,100051,180,99965,280,100058,180,99964,280,100060,100,99957,100,100064,100,99956,100,100069,100,99954,100,100072,100,99949,100,100077,100,99942,100,100080,100,99937,100
2019-06-28 09:33:00.000000000,100025,209,99985,209,100038,206,99966,606,100051,206,99965,306,100058,100,99964,200,100060,100,99957,100,100064,100,99956,100,100069,100,99954,100,100072,100,99949,100,100077,100,99942,100,100080,100,99937,100
2019-06-28 09:33:05.895973803,100025,209,99985,109,100038,206,99966,606,100051,206,99965,306,100058,100,99964,200,100060,100,99957,100,100064,100,99956,100,100069,100,99949,100,100072,100,99942,100,100077,100,99937,100,100080,100,99914,100
2019-06-28 09:33:10.000000000,100025,421,99966,821,100038,100,99965,200,100051,100,99964,200,100058,100,99957,100,100060,100,99956,100,100064,100,99949,100,100069,100,99942,100,100072,100,99937,100,100077,100,99914,100,100080,100,99909,100
2019-06-28 09:33:20.000000000,100025,180,99966,580,100038,180,99965,280,100051,180,99964,280,100058,180,99957,180,100060,100,99956,100,100064,100,99949,100,100069,100,99942,100,100072,100,99937,100,100077,100,99914,100,100080,100,99909,100
2019-06-28 09:33:30.000000000,100025,421,99966,821,100038,100,99965,200,100051,100,99964,200,100058,100,99957,100,100060,100,99956,100,100064,100,99949,100,100069,100,99942,100,100072,100,99937,100,100077,100,99914,100,100080,100,99909,100
2019-06-28 09:33:40.000000000,100025,180,99966,580,100038,180,99965,280,100051,180,99964,280,100058,180,99957,180,100060,100,99956,100,100064,100,99949,100,100069,100,99942,100,100072,100,99937,100,100077,100,99914,100,100080,100,99909,100
2019-06-28 09:33:50.000000000,100025,209,99966,609,100038,206,99965,306,100051,206,99964,306,100058,100,99957,100,100060,100,99956,100,100064,100,99949,100,100069,100,99942,100,100072,100,99937,100,100077,100,99914,100,100080,100,99909,100
2019-06-28 09:33:51.361826173,100000,100,99966,609,100025,209,99965,306,100038,206,99964,306,100051,206,99957,100,100058,100,99956,100,100060,100,99949,100,100064,100,99942,100,100069,100,99937,100,100072,100,99914,100,100077,100,99909,100
2019-06-28 09:34:00.000000000,100000,209,99966,609,100025,206,99965,306,100038,206,99964,306,100051,100,99957,100,100058,100,99956,100,100060,100,99949,100,100064,100,99942,100,100069,100,99937,100,100072,100,99914,100,100077,100,99909,100
2019-06-28 09:34:10.000000000,100000,164,99966,564,100025,164,99965,264,100038,164,99964,264,100051,164,99957,164,100058,164,99956,164,100060,100,99949,100,100064,100,99942,100,100069,100,99937,100,100072,100,99914,100,100077,100,99909,100
2019-06-28 09:34:17.733149596,100000,164,99966,564,100025,164,99965,264,100038,164,99964,264,100051,164,99957,164,100058,164,99956,164,100060,100,99949,100,100064,100,99942,100,100069,100,99937,100,100072,100,99914,100,100077,100,99909,100
2019-06-28 09:34:20.000000000,100000,260,99966,660,100025,260,99965,360,100038,100,99964,200,100051,100,99957,100,100058,100,99956,100,100060,100,99949,100,100064,100,99942,100,100069,100,99937,100,100072,100,99914,100,100077,100,99909,100
2019-06-28 09:34:28.534378786,100000,160,99966,660,100025,260,99965,360,100038,100,99964,200,100051,100,99957,100,100058,100,99956,100,100060,100,99949,100,100064,100,99942,100,100069,100,99937,100,100072,100,99914,100,100077,100,99909,100
2019-06-28 09:34:30.000000000,100025,421,99966,821,100038,100,99965,200,100051,100,99964,200,100058,100,99957,100,100060,100,99956,100,100064,100,99949,100,100069,100,99942,100,100072,100,99937,100,100077,100,99914,100,100080,100,99909,100
2019-06-28 09:34:40.000000000,100025,421,99966,821,100038,100,99965,200,100051,100,99964,200,100058,100,99957,100,100060,100,99956,100,100064,100,99949,100,100069,100,99942,100,100072,100,99937,100,100077,100,99914,100,100080,100,99909,100
2019-06-28 09:34:41.825987502,100025,421,99966,821,100038,100,99965,200,100051,100,99964,200,100058,100,99957,100,100060,100,99956,100,100064,100,99949,100,100069,100,99942,100,100072,100,99937,100,100074,100,99914,100,100077,100,99909,100
2019-06-28 09:34:50.000000000,100025,209,99966,609,100038,206,99965,306,100051,206,99964,306,100058,100,99957,100,100060,100,99956,100,100064,100,99949,100,100069,100,99942,100,100072,100,99937,100,100074,100,99914,100,100077,100,99909,100
2019-06-28 09:35:00.000000000,100025,209,99966,609,100038,206,99965,306,100051,206,99964,306,100058,100,99957,100,100060,100,99956,100,100064,100,99949,100,100069,100,99942,100,100072,100,99937,100,100074,100,99914,100,100077,100,99909,100
2019-06-28 09:35:10.000000000,100025,164,99966,564,100038,164,99965,264,100051,164,99964,264,100058,164,99957,164,100060,164,99956,164,100064,100,99949,100,100069,100,99942,100,100072,100,99937,100,100074,100,99914,100,100077,100,99909,100
2019-06-28 09:35:20.000000000,100025,164,99966,564,100038,164,99965,264,100051,164,99964,264,100058,164,99957,164,100060,164,99956,164,100064,100,99949,100,100069,100,99942,100,100072,100,99937,100,100074,100,99914,100,100077,100,99909,100
2019-06-28 09:35:20.697032952,100025,64,99966,564,100038,164,99965,264,100051,164,99964,264,100058,164,99957,164,100060,164,99956,164,100064,100,99949,100,100069,100,99942,100,100072,100,99937,100,100074,100,99914,100,100077,100,99909,100
2019-06-28 09:35:29.238490588,100025,64,99966,564,100038,164,99965,264,100051,164,99964,264,100058,164,99957,164,100060,164,99956,164,100064,100,99949,100,100069,100,99942,100,100072,100,99937,100,100074,100,99914,100,100077,100,99909,100
2019-06-28 09:35:30.000000000,100038,209,99966,609,100051,206,99965,306,100058,206,99964,306,100060,100,99957,100,100064,100,99956,100,100069,100,99949,100,100072,100,99942,100,100074,100,99937,100,100077,100,99914,100,100080,100,99909,100
2019-06-28 09:35:40.000000000,100038,421,99966,821,100051,100,99965,200,100058,100,99964,200,100060,100,99957,100,100064,100,99956,100,100069,100,99949,100,100072,100,99942,100,100074,100,99937,100,100077,100,99914,100,100080,100,99909,100
2019-06-28 09:35:50.000000000,100038,260,99966,660,100051,260,99965,360,100058,100,99964,200,100060,100,99957,100,100064,100,99956,100,100069,100,99949,100,100072,100,99942,100,100074,100,99937,100,100077,100,99914,100,100080,100,99909,100
2019-06-28 09:35:54.902553092,100038,260,100000,100,100051,260,99966,660,100058,100,99965,360,100060,100,99964,200,100064,100,99957,100,100069,100,99956,100,100072,100,99949,100,100074,100,99942,100,100077,100,99937,100,100080,100,99914,100
2019-06-28 09:35:55.456287682,100038,160,100000,100,100051,260,99966,660,100058,100,99965,360,100060,100,99964,200,100064,100,99957,100,100069,100,99956,100,100072,100,99949,100,100074,100,99942,100,100077,100,99937,100,100080,100,99914,100
2019-06-28 09:35:55.566103765,100038,60,100000,100,100051,260,99966,660,100058,100,99965,360,100060,100,99964,200,100064,100,99957,100,100072,100,99956,100,100074,100,99949,100,100077,100,99942,100,100080,100,99937,100,100085,100,99914,100
2019-06-28 09:36:00.000000000,100051,209,100000,209,100058,206,99966,606,100060,206,99965,306,100064,100,99964,200,100072,100,99957,100,100074,100,99956,100,100077,100,99949,100,100080,100,99942,100,100085,100,99937,100,100091,200,99914,100
2019-06-28 09:36:04.650011653,100051,109,100000,209,100058,206,99966,606,100060,206,99965,306,100072,100,99964,200,100074,100,99957,100,100077,100,99956,100,100080,100,99949,100,100085,100,99942,100,100091,200,99937,100,100104,100,99914,100
2019-06-28 09:36:10.000000000,100058,180,100000,180,100060,180,99966,580,100072,180,99965,280,100074,180,99964,280,100077,100,99957,100,100080,100,99956,100,100085,100,99949,100,100091,200,99942,100,100104,100,99937,100,100113,100,99914,100
2019-06-28 09:36:20.000000000,100058,180,100000,180,100060,180,99966,580,100072,180,99965,280,100074,180,99964,280,100077,100,99957,100,100080,100,99956,100,100085,100,99949,100,100091,200,99942,100,100104,100,99937,100,100113,100,99914,100
2019-06-28 09:36:30.000000000,100058,180,100000,180,100060,180,99966,580,100072,180,99965,280,100074,180,99964,280,100077,100,99957,100,100080,100,99956,100,100085,100,99949,100,100091,200,99942,100,100104,100,99937,100,100113,100,99914,100
2019-06-28 09:36:40.000000000,100058,209,100000,209,100060,206,99966,606,100072,206,99965,306,100074,100,99964,200,100077,100,99957,100,100080,100,99956,100,100085,100,99949,100,100091,200,99942,100,100104,100,99937,100,100113,100,99914,100
2019-06-28 09:36:46.558280903,100058,209,100000,209,100060,206,99966,606,100072,206,99965,306,100074,100,99964,200,100077,100,99957,100,100080,100,99956,100,100085,100,99955,100,100091,200,99949,100,100104,100,99942,100,100113,100,99937,100
2019-06-28 09:36:50.000000000,100058,209,100000,209,100060,206,99966,606,100072,206,99965,306,100074,100,99964,200,100077,100,99957,100,100080,100,99956,100,100085,100,99955,100,100091,200,99949,100,100104,100,99942,100,100113,100,99937,100
2019-06-28 09:37:00.000000000,100058,209,100000,209,100060,206,99966,606,100072,206,99965,306,100074,100,99964,200,100077,100,99957,100,100080,100,99956,100,100085,100,99955,100,100091,200,99949,100,100104,100,99942,100,100113,100,99937,100
2019-06-28 09:37:04.873571369,100058,209,100038,100,100060,206,100000,209,100072,206,99966,606,100074,100,99965,306,100077,100,99964,200,100080,100,99957,100,100085,100,99956,100,100091,200,99955,100,100104,100,99949,100,100113,100,99942,100
2019-06-28 09:37:10.000000000,100058,421,100038,421,100060,100,100000,100,100072,100,99966,500,100074,100,99965,200,100077,100,99964,200,100080,100,99957,100,100085,100,99956,100,100091,200,99955,100,100104,100,99949,100,100113,100,99942,100
2019-06-28 09:37:20.000000000,100058,164,100038,164,100060,164,100000,164,100072,164,99966,564,100074,164,99965,264,100077,164,99964,264,100080,100,99957,100,100085,100,99956,100,100091,200,99955,100,100104,100,99949,100,100113,100,99942,100
2019-06-28 09:37:29.658140107,100058,164,100038,164,100060,164,100000,164,100072,164,99966,564,100074,164,99965,264,100077,164,99964,264,100080,100,99957,100,100085,100,99956,100,100091,200,99955,100,100104,100,99949,100,100113,100,99942,100
2019-06-28 09:37:30.000000000,100058,180,100038,180,100060,180,100000,180,100072,180,99966,580,100074,180,99965,280,100077,100,99964,200,100080,100,99957,100,100085,100,99956,100,100091,200,99955,100,100104,100,99949,100,100113,100,99942,100
2019-06-28 09:37:40.000000000,100058,421,100038,421,100060,100,100000,100,100072,100,99966,500,100074,100,99965,200,100077,100,99964,200,100080,100,99957,100,100085,100,99956,100,100091,200,99955,100,100104,100,99949,100,100113,100,99942,100
2019-06-28 09:37:40.624800482,100058,421,100038,421,100060,100,100000,100,100072,100,99966,500,100074,100,99965,200,100077,100,99964,200,100080,100,99957,100,100085,100,99956,100,100091,200,99955,100,100104,100,99949,100,100113,100,99937,100
2019-06-28 09:37:46.885761094,100058,421,100038,421,100060,100,100000,100,100072,100,99966,500,100074,100,99965,200,100077,100,99964,200,100080,100,99957,100,100085,100,99956,100,100091,200,99955,100,100104,100,99949,100,100113,100,99937,100
2019-06-28 09:37:50.000000000,100058,421,100038,421,100060,100,100000,100,100072,100,99966,500,100074,100,99965,200,100077,100,99964,200,100080,100,99957,100,100085,100,99956,100,100091,200,99955,100,100104,100,99949,100,100113,100,99937,100
2019-06-28 09:37:51.694547614,100058,421,100038,421,100060,100,100000,100,100072,100,99966,500,100074,100,99965,200,100077,100,99964,200,100080,100,99957,100,100085,100,99956,100,100091,200,99955,100,100104,100,99949,100,100113,100,99914,100
2019-06-28 09:38:00.000000000,100058,209,100038,209,100060,206,100000,206,100072,206,99966,606,100074,100,99965,200,100077,100,99964,200,100080,100,99957,100,100085,100,99956,100,100091,200,99955,100,100104,100,99949,100,100113,100,99914,100
2019-06-28 09:38:10.000000000,100058,421,100038,421,100060,100,100000,100,100072,100,99966,500,100074,100,99965,200,100077,100,99964,200,100080,100,99957,100,100085,100,99956,100,100091,200,99955,100,100104,100,99949,100,100113,100,99914,100
2019-06-28 09:38:13.410789943,100058,421,100038,421,100060,100,100000,100,100072,100,99966,500,100074,100,99965,200,100077,100,99964,200,100080,100,99957,100,100085,100,99956,100,100091,200,99955,100,100104,100,99949,100,100113,100,99914,100
2019-06-28 09:38:20.000000000,100058,421,100038,421,100060,100,100000,100,100072,100,99966,500,100074,100,99965,200,100077,100,99964,200,100080,100,99957,100,100085,100,99956,100,100091,200,99955,100,100104,100,99949,100,100113,100,99914,100
2019-06-28 09:38:27.582735186,100058,421,100038,421,100060,100,100000,100,100072,100,99966,500,100074,100,99965,200,100077,100,99964,200,100080,100,99957,100,100091,200,99956,100,100104,100,99955,100,100113,100,99949,100,100137,100,99914,100
2019-06-28 09:38:30.000000000,100058,164,100038,164,100060,164,100000,164,100072,164,99966,564,100074,164,99965,264,100077,164,99964,264,100080,100,99957,100,100091,200,99956,100,100104,100,99955,100,100113,100,99949,100,100137,100,99914,100
2019-06-28 09:38:33.265217251,100058,164,100038,264,100060,164,100000,164,100072,164,99966,564,100074,164,99965,264,100077,164,99964,264,100080,100,99957,100,100091,200,99956,100,100104,100,99955,100,100113,100,99949,100,100137,100,99914,100
2019-06-28 09:38:39.195730347,100058,164,100038,264,100060,164,100000,164,100072,164,99966,564,100074,164,99965,264,100077,164,99964,264,100080,100,99957,100,100091,200,99956,100,100104,100,99955,100,100113,100,99949,100,100137,100,99943,100
2019-06-28 09:38:39.673844062,100058,64,100038,264,100060,164,100000,164,100072,164,99966,564,100074,164,99965,264,100077,164,99964,264,100080,100,99957,100,100091,200,99956,100,100104,100,99955,100,100113,100,99949,100,100137,100,99914,100
2019-06-28 09:38:40.000000000,100060,209,100038,309,100072,206,100000,206,100074,206,99966,606,100077,100,99965,200,100080,100,99964,200,100091,200,99957,100,100104,100,99956,100,100113,100,99955,100,100137,100,99949,100,100141,100,99914,100
2019-06-28 09:38:41.776762577,100060,209,100051,100,100072,206,100038,309,100074,206,100000,206,100077,100,99966,606,100080,100,99965,200,100091,200,99964,200,100104,100,99957,100,100113,100,99956,100,100137,100,99955,100,100141,100,99949,100
2019-06-28 09:38:50.000000000,100060,260,100051,260,100072,260,100038,360,100074,100,100000,100,100077,100,99966,500,100080,100,99965,200,100091,200,99964,200,100104,100,99957,100,100113,100,99956,100,100137,100,99955,100,100141,100,99949,100
2019-06-28 09:38:56.875754104,100060,160,100051,260,100072,260,100038,360,100074,100,100000,100,100077,100,99966,500,100080,100,99965,200,100091,200,99964,200,100104,100,99957,100,100113,100,99956,100,100137,100,99955,100,100141,100,99949,100
2019-06-28 09:39:00.000000000,100072,164,100051,164,100074,164,100038,264,100077,164,100000,164,100080,164,99966,564,100091,264,99965,264,100104,100,99964,200,100113,100,99957,100,100137,100,99956,100,100141,100,99955,100,100145,100,99949,100
2019-06-28 09:39:10.000000000,100072,260,100051,260,100074,260,100038,360,100077,100,100000,100,100080,100,99966,500,100091,200,99965,200,100104,100,99964,200,100113,100,99957,100,100137,100,99956,100,100141,100,99955,100,100145,100,99949,100
2019-06-28 09:39:10.697226806,100072,160,100051,260,100074,260,100038,360,100077,100,100000,100,100080,100,99966,500,100091,200,99965,200,100104,100,99964,200,100113,100,99957,100,100137,100,99956,100,100141,100,99955,100,100145,100,99949,100
2019-06-28 09:39:19.904990953,100072,160,100051,260,100074,260,100038,360,100077,100,100000,100,100080,100,99966,500,100091,200,99965,200,100104,100,99964,200,100113,100,99957,100,100137,100,99956,100,100141,100,99955,100,100145,100,99949,100
2019-06-28 09:39:20.000000000,100074,260,100051,260,100077,260,100038,360,100080,100,100000,100,100091,200,99966,500,100104,100,99965,200,100113,100,99964,200,100137,100,99957,100,100141,100,99956,100,100145,100,99955,100,100162,100,99949,100
2019-06-28 09:39:30.000000000,100074,209,100051,209,100077,206,100038,306,100080,206,100000,206,100091,200,99966,500,100104,100,99965,200,100113,100,99964,200,100137,100,99957,100,100141,100,99956,100,100145,100,99955,100,100162,100,99949,100
2019-06-28 09:39:35.874087326,100074,109,100051,209,100077,206,100038,306,100080,206,100000,206,100091,200,99966,500,100104,100,99965,200,100113,100,99964,200,100137,100,99957,100,100141,100,99956,100,100145,100,99955,100,100240,100,99949,100
2019-06-28 09:39:40.000000000,100077,180,100051,180,100080,180,100038,280,100091,280,100000,180,100104,180,99966,580,100113,100,99965,200,100137,100,99964,200,100141,100,99957,100,100145,100,99956,100,100240,100,99955,100,100294,100,99949,100
2019-06-28 09:39:42.253578683,100077,180,100072,100,100080,180,100051,180,100091,280,100038,280,100104,180,100000,180,100113,100,99966,480,100137,100,99965,200,100141,100,99964,200,100145,100,99957,100,100240,100,99956,100,100294,100,99955,100
2019-06-28 09:39:50.000000000,100077,209,100072,209,100080,206,100051,206,100091,306,100038,306,100104,100,100000,100,100113,100,99966,400,100137,100,99965,200,100141,100,99964,200,100145,100,99957,100,100240,100,99956,100,100294,100,99955,100
2019-06-28 09:39:58.757070377,100077,209,100072,109,100080,206,100051,206,100091,206,100038,306,100104,100,100000,100,100113,100,99966,400,100137,100,99965,200,100141,100,99964,200,100145,100,99957,100,100240,100,99956,100,100294,100,99955,100
2019-06-28 09:40:00.000000000,100077,209,100051,209,100080,206,100038,306,100091,206,100000,206,100104,100,99966,400,100113,100,99965,200,100137,100,99964,200,100141,100,99957,100,100145,100,99956,100,100240,100,99955,100,100294,100,99949,100
2019-06-28 09:40:10.000000000,100077,164,100051,164,100080,164,100038,264,100091,164,100000,164,100104,164,99966,464,100113,164,99965,264,100137,100,99964,200,100141,100,99957,100,100145,100,99956,100,100240,100,99955,100,100294,100,99949,100
2019-06-28 09:40:20.000000000,100077,421,100051,421,100080,100,100038,200,100091,100,100000,100,100104,100,99966,400,100113,100,99965,200,100137,100,99964,200,100141,100,99957,100,100145,100,99956,100,100240,100,99955,100,100294,100,99949,100
2019-06-28 09:40:30.000000000,100077,180,100051,180,100080,180,100038,280,100091,180,100000,180,100104,180,99966,480,100113,100,99965,200,100137,100,99964,200,100141,100,99957,100,100145,100,99956,100,100240,100,99955,100,100294,100,99949,100
2019-06-28 09:40:35.300467732,100077,180,100051,180,100080,180,100038,280,100091,180,100000,180,100104,180,99966,480,100113,100,99965,200,100137,100,99964,200,100141,100,99957,100,100145,100,99956,100,100240,100,99955,100,100294,100,99949,100
2019-06-28 09:40:40.000000000,100077,164,100051,164,100080,164,100038,264,100091,164,100000,164,100104,164,99966,464,100113,164,99965,264,100137,100,99964,200,100141,100,99957,100,100145,100,99956,100,100240,100,99955,100,100294,100,99949,100
2019-06-28 09:40:50.000000000,100077,421,100051,421,100080,100,100038,200,100091,100,100000,100,100104,100,99966,400,100113,100,99965,200,100137,100,99964,200,100141,100,99957,100,100145,100,99956,100,100240,100,99955,100,100294,100,99949,100
2019-06-28 09:41:00.000000000,100077,209,100051,209,100080,206,100038,306,100091,206,100000,206,100104,100,99966,400,100113,100,99965,200,100137,100,99964,200,100141,100,99957,100,100145,100,99956,100,100240,100,99955,100,100294,100,99949,100
2019-06-28 09:41:00.129068420,100065,100,100051,209,100077,209,100038,306,100080,206,100000,206,100091,206,99966,400,100104,100,99965,200,100113,100,99964,200,100137,100,99957,100,100141,100,99956,100,100145,100,99955,100,100240,100,99949,100
2019-06-28 09:41:10.000000000,100065,421,100051,421,100077,100,100038,200,100080,100,100000,100,100091,100,99966,400,100104,100,99965,200,100113,100,99964,200,100137,100,99957,100,100141,100,99956,100,100145,100,99955,100,100240,100,99949,100
2019-06-28 09:41:20.000000000,100065,180,100051,180,100077,180,100038,280,100080,180,100000,180,100091,180,99966,480,100104,100,99965,200,100113,100,99964,200,100137,100,99957,100,100141,100,99956,100,100145,100,99955,100,100240,100,99949,100
2019-06-28 09:41:20.377315255,100065,80,100051,180,100077,180,100038,180,100080,180,100000,180,100091,180,99966,480,100104,100,99965,200,100113,100,99964,200,100137,100,99957,100,100141,100,99956,100,100145,100,99955,100,100240,100,99949,100
2019-06-28 09:41:27.991504100,100065,80,100051,180,100072,100,100038,180,100077,180,100000,180,100080,180,99966,480,100091,180,99965,200,100104,100,99964,200,100113,100,99957,100,100137,100,99956,100,100141,100,99955,100,100145,100,99949,100
2019-06-28 09:41:30.000000000,100072,260,100051,260,100077,260,100038,260,100080,100,100000,100,100091,100,99966,400,100104,100,99965,200,100113,100,99964,200,100137,100,99957,100,100141,100,99956,100,100145,100,99955,100,100240,100,99949,100
2019-06-28 09:41:40.000000000,100072,164,100051,164,100077,164,100038,164,100080,164,100000,164,100091,164,99966,464,100104,164,99965,264,100113,100,99964,200,100137,100,99957,100,100141,100,99956,100,100145,100,99955,100,100240,100,99949,100
2019-06-28 09:41:50.000000000,100072,164,100051,164,100077,164,100038,164,100080,164,100000,164,100091,164,99966,464,100104,164,99965,264,100113,100,99964,200,100137,100,99957,100,100141,100,99956,100,100145,100,99955,100,100240,100,99949,100
2019-06-28 09:41:50.394310817,100072,164,100051,164,100077,164,100038,164,100080,164,100000,164,100091,164,99966,464,100104,164,99965,264,100113,100,99964,200,100137,100,99957,100,100141,100,99956,100,100145,100,99955,100,100240,100,99949,100
2019-06-28 09:42:00.000000000,100072,260,100051,260,100077,260,100038,260,100080,100,100000,100,100091,100,99966,400,100104,100,99965,200,100113,100,99964,200,100137,100,99957,100,100141,100,99956,100,100145,100,99955,100,100240,100,99949,100
2019-06-28 09:42:01.490564369,100072,260,100051,260,100077,260,100038,260,100080,100,100000,100,100084,100,99966,400,100091,100,99965,200,100104,100,99964,200,100113,100,99957,100,100137,100,99956,100,100141,100,99955,100,100145,100,99949,100
2019-06-28 09:42:10.000000000,100072,421,100051,421,100077,100,100038,100,100080,100,100000,100,100084,100,99966,400,100091,100,99965,200,100104,100,99964,200,100113,100,99957,100,100137,100,99956,100,100141,100,99955,100,100145,100,99949,100
2019-06-28 09:42:17.666829075,100072,421,100051,321,100077,100,100038,100,100080,100,100000,100,100084,100,99966,400,100091,100,99965,200,100104,100,99964,200,100113,100,99957,100,100137,100,99956,100,100141,100,99955,100,100145,100,99949,100
2019-06-28 09:42:20.000000000,100072,180,100038,180,100077,180,100000,180,100080,180,99966,480,100084,180,99965,280,100091,100,99964,200,100104,100,99957,100,100113,100,99956,100,100137,100,99955,100,100141,100,99949,100,100145,100,99914,100
2019-06-28 09:42:30.000000000,100072,209,100038,209,100077,206,100000,206,100080,206,99966,506,100084,100,99965,200,100091,100,99964,200,100104,100,99957,100,100113,100,99956,100,100137,100,99955,100,100141,100,99949,100,100145,100,99914,100
2019-06-28 09:42:40.000000000,100072,421,100038,421,100077,100,100000,100,100080,100,99966,400,100084,100,99965,200,100091,100,99964,200,100104,100,99957,100,100113,100,99956,100,100137,100,99955,100,100141,100,99949,100,100145,100,99914,100
2019-06-28 09:42:50.000000000,100072,209,100038,209,100077,206,100000,206,100080,206,99966,506,100084,100,99965,200,100091,100,99964,200,100104,100,99957,100,100113,100,99956,100,100137,100,99955,100,100141,100,99949,100,100145,100,99914,100
2019-06-28 09:42:51.684555378,100072,209,100038,109,100077,206,100000,206,100080,206,99966,506,100084,100,99965,200,100091,100,99964,200,100104,100,99957,100,100113,100,99956,100,100137,100,99955,100,100141,100,99949,100,100145,100,99914,100
2019-06-28 09:43:00.000000000,100072,209,100000,209,100077,206,99966,506,100080,206,99965,306,100084,100,99964,200,100091,100,99957,100,100104,100,99956,100,100113,100,99955,100,100137,100,99949,100,100141,100,99914,100,100145,100,99909,100
2019-06-28 09:43:00.308670384,100072,209,100000,209,100077,206,99966,506,100080,206,99965,306,100084,100,99964,200,100091,100,99957,100,100104,100,99956,100,100113,100,99955,100,100126,100,99949,100,100137,100,99914,100,100141,100,99909,100
2019-06-28 09:43:10.000000000,100072,260,100000,260,100077,260,99966,560,100080,100,99965,200,100084,100,99964,200,100091,100,99957,100,100104,100,99956,100,100113,100,99955,100,100126,100,99949,100,100137,100,99914,100,100141,100,99909,100
2019-06-28 09:43:11.550782149,100072,260,100012,100,100077,260,100000,260,100080,100,99966,560,100084,100,99965,200,100091,100,99964,100,100104,100,99957,100,100113,100,99956,100,100126,100,99955,100,100137,100,99949,100,100141,100,99914,100
2019-06-28 09:43:14.883021371,100072,260,100012,100,100077,260,100000,260,100080,100,99966,560,100084,100,99965,200,100091,100,99964,100,100104,100,99957,100,100113,100,99956,100,100126,100,99955,100,100137,100,99949,100,100141,100,99914,100
2019-06-28 09:43:20.000000000,100072,209,100012,209,100077,206,100000,206,100080,206,99966,506,100084,100,99965,200,100091,100,99964,100,100104,100,99957,100,100113,100,99956,100,100126,100,99955,100,100137,100,99949,100,100141,100,99914,100
2019-06-28 09:43:23.865070994,100072,209,100012,209,100077,206,100000,206,100080,206,99966,506,100084,100,99965,200,100091,100,99964,100,100104,100,99957,100,100113,100,99956,100,100126,100,99955,100,100137,100,99949,100,100141,100,99914,100
2019-06-28 09:43:30.000000000,100072,164,100012,164,100077,164,100000,164,100080,164,99966,464,100084,164,99965,264,100091,164,99964,164,100104,100,99957,100,100113,100,99956,100,100126,100,99955,100,100137,100,99949,100,100141,100,99914,100
2019-06-28 09:43:40.000000000,100072,180,100012,180,100077,180,100000,180,100080,180,99966,480,100084,180,99965,280,100091,100,99964,100,100104,100,99957,100,100113,100,99956,100,100126,100,99955,100,100137,100,99949,100,100141,100,99914,100
2019-06-28 09:43:50.000000000,100072,209,100012,209,100077,206,100000,206,100080,206,99966,506,100084,100,99965,200,100091,100,99964,100,100104,100,99957,100,100113,100,99956,100,100126,100,99955,100,100137,100,99949,100,100141,100,99914,100
2019-06-28 09:43:51.243949354,100072,109,100012,209,100077,206,100000,206,100080,206,99966,506,100084,100,99965,200,100091,100,99964,100,100104,100,99957,100,100113,100,99956,100,100126,100,99955,100,100137,100,99949,100,100141,100,99914,100
2019-06-28 09:43:55.997340513,100072,9,100012,209,100077,206,100000,206,100080,206,99966,506,100084,100,99965,200,100091,100,99964,100,100104,100,99957,100,100113,100,99956,100,100126,100,99955,100,100137,100,99949,100,100141,100,99914,100
2019-06-28 09:43:56.834910622,100077,206,100072,91,100080,206,100012,209,100084,100,100000,206,100091,100,99966,506,100104,100,99965,200,100113,100,99964,100,100126,100,99957,100,100137,100,99956,100,100141,100,99955,100,100240,100,99949,100
2019-06-28 09:44:00.000000000,100077,209,100072,200,100080,206,100012,206,100084,206,100000,206,100091,100,99966,400,100104,100,99965,200,100113,100,99964,100,100126,100,99957,100,100137,100,99956,100,100141,100,99955,100,100240,100,99949,100
2019-06-28 09:44:09.466079261,100077,209,100072,200,100080,206,100012,206,100084,206,100000,206,100091,100,99966,400,100104,100,99965,200,100113,100,99964,100,100126,100,99957,100,100137,100,99955,100,100141,100,99949,100,100240,100,99914,100
2019-06-28 09:44:10.000000000,100077,421,100072,412,100080,100,100012,100,100084,100,100000,100,100091,100,99966,400,100104,100,99965,200,100113,100,99964,100,100126,100,99957,100,100137,100,99955,100,100141,100,99949,100,100240,100,99914,100
2019-06-28 09:44:10.408829549,100077,321,100072,412,100080,100,100012,100,100084,100,100000,100,100091,100,99966,400,100104,100,99965,200,100113,100,99964,100,100126,100,99957,100,100137,100,99955,100,100141,100,99949,100,100240,100,99914,100
2019-06-28 09:44:10.473700557,100077,221,100072,412,100080,100,100012,100,100084,100,100000,100,100091,100,99966,400,100104,100,99965,200,100113,100,99964,100,100126,100,99957,100,100137,100,99955,100,100141,100,99949,100,100240,100,99914,100
2019-06-28 09:44:15.777223430,100077,221,100072,412,100080,100,100012,100,100084,100,100000,100,100091,100,99966,400,100104,100,99965,100,100113,100,99964,100,100126,100,99957,100,100137,100,99955,100,100141,100,99949,100,100240,100,99914,100
2019-06-28 09:44:20.000000000,100080,209,100072,200,100084,206,100012,206,100091,206,100000,206,100104,100,99966,400,100113,100,99965,100,100126,100,99964,100,100137,100,99957,100,100141,100,99955,100,100240,100,99949,100,100294,200,99914,100
2019-06-28 09:44:30.000000000,100080,421,100072,412,100084,100,100012,100,100091,100,100000,100,100104,100,99966,400,100113,100,99965,100,100126,100,99964,100,100137,100,99957,100,100141,100,99955,100,100240,100,99949,100,100294,200,99914,100
2019-06-28 09:44:31.766534910,100080,321,100072,412,100084,100,100012,100,100091,100,100000,100,100104,100,99966,400,100113,100,99965,100,100126,100,99964,100,100137,100,99957,100,100141,100,99955,100,100240,100,99949,100,100294,200,99914,100
2019-06-28 09:44:38.271159705,100080,321,100077,100,100084,100,100072,412,100091,100,100012,100,100104,100,100000,100,100113,100,99966,400,100126,100,99965,100,100137,100,99964,100,100141,100,99957,100,100240,100,99955,100,100294,200,99949,100
2019-06-28 09:44:38.893558199,100080,321,100077,100,100084,100,100072,412,100091,100,100012,100,100104,100,100000,100,100113,100,99966,400,100126,100,99965,100,100137,100,99964,100,100141,100,99957,100,100240,100,99955,100,100247,100,99949,100
2019-06-28 09:44:40.000000000,100084,260,100077,260,100091,260,100072,251,100104,100,100012,100,100113,100,100000,100,100126,100,99966,400,100137,100,99965,100,100141,100,99964,100,100240,100,99957,100,100247,100,99955,100,100294,200,99949,100
2019-06-28 09:44:44.423580168,100084,160,100077,260,100091,260,100072,251,100104,100,100012,100,100113,100,100000,100,100126,100,99966,400,100137,100,99965,100,100141,100,99964,100,100240,100,99957,100,100247,100,99955,100,100294,200,99949,100
2019-06-28 09:44:50.000000000,100091,260,100077,260,100104,260,100072,251,100113,100,100012,100,100126,100,100000,100,100137,100,99966,400,100141,100,99965,100,100240,100,99964,100,100247,100,99957,100,100294,200,99955,100,100334,100,99949,100
2019-06-28 09:45:00.000000000,100091,209,100077,209,100104,206,100072,197,100113,206,100012,206,100126,100,100000,100,100137,100,99966,400,100141,100,99965,100,100240,100,99964,100,100247,100,99957,100,100294,200,99955,100,100334,100,99949,100
2019-06-28 09:45:10.000000000,100091,180,100077,180,100104,180,100072,171,100113,180,100012,180,100126,180,100000,180,100137,100,99966,400,100141,100,99965,100,100240,100,99964,100,100247,100,99957,100,100294,200,99955,100,100334,100,99949,100
2019-06-28 09:45:20.000000000,100091,421,100077,421,100104,100,100072,91,100113,100,100012,100,100126,100,100000,100,100137,100,99966,400,100141,100,99965,100,100240,100,99964,100,100247,100,99957,100,100294,200,99955,100,100334,100,99949,100
2019-06-28 09:45:21.779071899,100091,421,100077,421,100104,100,100072,91,100113,100,100012,100,100126,100,100000,100,100137,100,99966,400,100141,100,99965,100,100240,100,99964,100,100247,100,99957,100,100294,200,99955,100,100334,100,99949,100
2019-06-28 09:45:30.000000000,100091,421,100077,421,100104,100,100072,91,100113,100,100012,100,100126,100,100000,100,100137,100,99966,400,100141,100,99965,100,100240,100,99964,100,100247,100,99957,100,100294,200,99955,100,100334,100,99949,100
2019-06-28 09:45:30.005798703,100091,421,100077,421,100104,100,100072,91,100113,100,100012,100,100126,100,100000,100,100137,100,99966,400,100141,100,99965,100,100158,100,99964,100,100240,100,99957,100,100247,100,99955,100,100294,200,99949,100
2019-06-28 09:45:36.151939160,100091,421,100077,321,100104,100,100072,91,100113,100,100012,100,100126,100,100000,100,100137,100,99966,400,100141,100,99965,100,100158,100,99964,100,100240,100,99957,100,100247,100,99955,100,100294,200,99949,100
2019-06-28 09:45:40.000000000,100091,164,100072,155,100104,164,100012,164,100113,164,100000,164,100126,164,99966,464,100137,164,99965,164,100141,100,99964,100,100158,100,99957,100,100240,100,99955,100,100247,100,99949,100,100294,200,99914,100
2019-06-28 09:45:45.950930210,100091,64,100072,55,100104,164,100012,164,100113,164,100000,164,100126,164,99966,464,100137,164,99965,164,100141,100,99964,100,100158,100,99957,100,100240,100,99955,100,100247,100,99949,100,100294,200,99914,100
2019-06-28 09:45:50.000000000,100104,164,100012,164,100113,164,100000,164,100126,164,99966,464,100137,164,99965,164,100141,164,99964,164,100158,100,99957,100,100240,100,99955,100,100247,100,99949,100,100294,200,99914,100,100334,100,99909,100
2019-06-28 09:45:54.406216497,100077,100,100012,164,100104,164,100000,164,100113,164,99966,464,100126,164,99965,164,100137,164,99964,164,100141,164,99957,100,100158,100,99955,100,100240,100,99949,100,100247,100,99914,100,100294,200,99909,100
2019-06-28 09:46:00.000000000,100077,164,100012,164,100104,164,100000,164,100113,164,99966,464,100126,164,99965,164,100137,164,99964,164,100141,100,99957,100,100158,100,99955,100,100240,100,99949,100,100247,100,99914,100,100294,200,99909,100
2019-06-28 09:46:06.485875088,100077,164,100012,164,100104,164,100000,164,100113,164,99966,464,100126,164,99965,164,100137,164,99964,164,100141,100,99957,100,100158,100,99955,100,100240,100,99949,100,100247,100,99914,100,100256,100,99909,100
2019-06-28 09:46:10.000000000,100077,260,100012,260,100104,260,100000,260,100113,100,99966,400,100126,100,99965,100,100137,100,99964,100,100141,100,99957,100,100158,100,99955,100,100240,100,99949,100,100247,100,99914,100,100256,100,99909,100
2019-06-28 09:46:20.000000000,100077,180,100012,180,100104,180,100000,180,100113,180,99966,480,100126,180,99965,180,100137,100,99964,100,100141,100,99957,100,100158,100,99955,100,100240,100,99949,100,100247,100,99914,100,100256,100,99909,100
2019-06-28 09:46:29.658492347,100077,280,100012,180,100104,180,100000,180,100113,180,99966,480,100126,180,99965,180,100137,100,99964,100,100141,100,99957,100,100158,100,99955,100,100240,100,99949,100,100247,100,99914,100,100256,100,99894,100
2019-06-28 09:46:30.000000000,100077,280,100012,180,100104,180,100000,180,100113,180,99966,480,100126,180,99965,180,100137,100,99964,100,100141,100,99957,100,100158,100,99955,100,100240,100,99949,100,100247,100,99914,100,100256,100,99894,100
2019-06-28 09:46:32.290236111,100077,180,100012,180,100104,180,100000,180,100113,180,99966,480,100126,180,99965,180,100137,100,99964,100,100141,100,99957,100,100158,100,99955,100,100240,100,99949,100,100247,100,99914,100,100256,100,99894,100
2019-06-28 09:46:40.000000000,100077,260,100012,260,100104,260,100000,260,100113,100,99966,400,100126,100,99965,100,100137,100,99964,100,100141,100,99957,100,100158,100,99955,100,100240,100,99949,100,100247,100,99914,100,100256,100,99894,100
2019-06-28 09:46:41.030794151,100077,260,100040,100,100104,260,100012,260,100113,100,100000,260,100126,100,99966,400,100137,100,99965,100,100141,100,99964,100,100158,100,99957,100,100240,100,99949,100,100247,100,99914,100,100256,100,99894,100
2019-06-28 09:46:42.272219197,100077,260,100040,100,100104,260,100012,260,100113,100,100000,260,100126,100,99966,400,100137,100,99965,100,100141,100,99964,100,100158,100,99957,100,100162,100,99949,100,100240,100,99914,100,100247,100,99894,100
2019-06-28 09:46:50.000000000,100077,260,100040,260,100104,260,100012,260,100113,100,100000,100,100126,100,99966,400,100137,100,99965,100,100141,100,99964,100,100158,100,99957,100,100162,100,99949,100,100240,100,99914,100,100247,100,99894,100
2019-06-28 09:46:54.088535604,100077,260,100040,160,100104,260,100012,260,100113,100,100000,100,100126,100,99966,400,100137,100,99965,100,100141,100,99964,100,100158,100,99957,100,100240,100,99949,100,100247,100,99914,100,100256,100,99894,100
2019-06-28 09:46:55.097619379,100076,100,100040,160,100077,260,100012,260,100104,260,100000,100,100113,100,99966,300,100126,100,99965,100,100137,100,99964,100,100141,100,99957,100,100158,100,99949,100,100240,100,99914,100,100247,100,99894,100
2019-06-28 09:47:00.000000000,100076,180,100012,180,100077,180,100000,180,100104,180,99966,380,100113,180,99965,180,100126,100,99964,100,100137,100,99957,100,100141,100,99949,100,100158,100,99914,100,100240,100,99894,100,100247,100,99866,100
2019-06-28 09:47:10.000000000,100076,421,100012,421,100077,100,100000,100,100104,100,99966,300,100113,100,99965,100,100126,100,99964,100,100137,100,99957,100,100141,100,99949,100,100158,100,99914,100,100240,100,99894,100,100247,100,99866,100
2019-06-28 09:47:20.000000000,100076,164,100012,164,100077,164,100000,164,100104,164,99966,364,100113,164,99965,164,100126,164,99964,164,100137,100,99957,100,100141,100,99949,100,100158,100,99914,100,100240,100,99894,100,100247,100,99866,100
2019-06-28 09:47:22.838964102,100076,164,100012,164,100077,164,100000,164,100104,164,99966,364,100113,164,99965,164,100126,164,99964,64,100137,100,99957,100,100141,100,99949,100,100158,100,99914,100,100240,100,99894,100,100247,100,99866,100
2019-06-28 09:47:30.000000000,100076,180,100012,180,100077,180,100000,180,100104,180,99966,380,100113,180,99965,180,100126,100,99957,100,100137,100,99949,100,100141,100,99914,100,100158,100,99894,100,100240,100,99866,100,100247,100,99814,100
2019-06-28 09:47:40.000000000,100076,260,100012,260,100077,260,100000,260,100104,100,99966,300,100113,100,99965,100,100126,100,99957,100,100137,100,99949,100,100141,100,99914,100,100158,100,99894,100,100240,100,99866,100,100247,100,99814,100
2019-06-28 09:47:50.000000000,100076,421,100012,421,100077,100,100000,100,100104,100,99966,300,100113,100,99965,100,100126,100,99957,100,100137,100,99949,100,100141,100,99914,100,100158,100,99894,100,100240,100,99866,100,100247,100,99814,100
2019-06-28 09:48:00.000000000,100076,209,100012,209,100077,206,100000,206,100104,206,99966,406,100113,100,99965,100,100126,100,99957,100,100137,100,99949,100,100141,100,99914,100,100158,100,99894,100,100240,100,99866,100,100247,100,99814,100
2019-06-28 09:48:02.143178588,100076,309,100012,209,100077,206,100000,206,100104,206,99966,406,100113,100,99965,100,100126,100,99957,100,100137,100,99949,100,100141,100,99914,100,100158,100,99894,100,100240,100,99866,100,100247,100,99814,100
2019-06-28 09:48:10.000000000,100076,521,100012,421,100077,100,100000,100,100104,100,99966,300,100113,100,99965,100,100126,100,99957,100,100137,100,99949,100,100141,100,99914,100,100158,100,99894,100,100240,100,99866,100,100247,100,99814,100
2019-06-28 09:48:20.000000000,100076,521,100012,421,100077,100,100000,100,100104,100,99966,300,100113,100,99965,100,100126,100,99957,100,100137,100,99949,100,100141,100,99914,100,100158,100,99894,100,100240,100,99866,100,100247,100,99814,100
2019-06-28 09:48:24.651710815,100076,521,100012,321,100077,100,100000,100,100104,100,99966,300,100113,100,99965,100,100137,100,99957,100,100141,100,99949,100,100158,100,99914,100,100240,100,99894,100,100247,100,99866,100,100256,100,99814,100
2019-06-28 09:48:30.000000000,100076,360,100000,260,100077,260,99966,460,100104,100,99965,100,100113,100,99957,100,100137,100,99949,100,100141,100,99914,100,100158,100,99894,100,100240,100,99866,100,100247,100,99814,100,100256,100,99453,100
2019-06-28 09:48:40.000000000,100076,521,100000,421,100077,100,99966,300,100104,100,99965,100,100113,100,99957,100,100137,100,99949,100,100141,100,99914,100,100158,100,99894,100,100240,100,99866,100,100247,100,99814,100,100256,100,99453,100
2019-06-28 09:48:50.000000000,100076,280,100000,180,100077,180,99966,380,100104,180,99965,180,100113,180,99957,180,100137,100,99949,100,100141,100,99914,100,100158,100,99894,100,100240,100,99866,100,100247,100,99814,100,100256,100,99453,100
2019-06-28 09:48:53.144487896,100076,280,100000,180,100077,180,99966,380,100104,180,99965,180,100113,180,99957,180,100137,100,99949,100,100141,100,99914,100,100158,100,99894,100,100240,100,99866,100,100247,100,99814,100,100256,100,99645,100
2019-06-28 09:49:00.000000000,100076,521,100000,421,100077,100,99966,300,100104,100,99965,100,100113,100,99957,100,100137,100,99949,100,100141,100,99914,100,100158,100,99894,100,100240,100,99866,100,100247,100,99814,100,100256,100,99645,100
2019-06-28 09:49:10.000000000,100076,521,100000,421,100077,100,99966,300,100104,100,99965,100,100113,100,99957,100,100137,100,99949,100,100141,100,99914,100,100158,100,99894,100,100240,100,99866,100,100247,100,99814,100,100256,100,99645,100
2019-06-28 09:49:20.000000000,100076,264,100000,164,100077,164,99966,364,100104,164,99965,164,100113,164,99957,164,100137,164,99949,164,100141,100,99914,100,100158,100,99894,100,100240,100,99866,100,100247,100,99814,100,100256,100,99645,100
2019-06-28 09:49:21.643621899,100076,264,100000,64,100077,164,99966,364,100104,164,99965,164,100113,164,99957,164,100137,164,99949,164,100141,100,99914,100,100158,100,99894,100,100240,100,99866,100,100247,100,99814,100,100256,100,99645,100
2019-06-28 09:49:30.000000000,100076,521,99966,621,100077,100,99965,100,100104,100,99957,100,100113,100,99949,100,100137,100,99914,100,100141,100,99894,100,100158,100,99866,100,100240,100,99814,100,100247,100,99645,100,100256,100,99453,100
2019-06-28 09:49:34.114185760,100076,521,99966,521,100077,100,99965,100,100104,100,99957,100,100113,100,99949,100,100137,100,99914,100,100141,100,99894,100,100158,100,99866,100,100240,100,99814,100,100247,100,99645,100,100256,100,99453,100
2019-06-28 09:49:38.905882898,100076,521,99966,521,100077,100,99965,100,100104,100,99957,100,100113,100,99949,100,100137,100,99914,100,100141,100,99894,100,100158,100,99866,100,100240,100,99814,100,100247,100,99645,100,100256,100,99512,100
2019-06-28 09:49:40.000000000,100076,309,99966,309,100077,206,99965,206,100104,206,99957,206,100113,100,99949,100,100137,100,99914,100,100141,100,99894,100,100158,100,99866,100,100240,100,99814,100,100247,100,99645,100,100256,100,99512,100
2019-06-28 09:49:49.750220984,100076,309,99966,309,100077,206,99965,206,100104,206,99957,206,100113,100,99949,100,100137,100,99914,100,100141,100,99894,100,100158,100,99866,100,100240,100,99814,100,100247,100,99645,100,100256,100,99512,100
2019-06-28 09:49:50.000000000,100076,360,99966,360,100077,260,99965,260,100104,100,99957,100,100113,100,99949,100,100137,100,99914,100,100141,100,99894,100,100158,100,99866,100,100240,100,99814,100,100247,100,99645,100,100256,100,99512,100
2019-06-28 09:49:54.399129143,100000,100,99966,360,100076,360,99965,260,100077,260,99957,100,100104,100,99949,100,100113,100,99914,100,100137,100,99894,100,100141,100,99866,100,100158,100,99814,100,100240,100,99645,100,100247,100,99512,100
2019-06-28 09:49:55.699989758,100000,200,99966,360,100076,360,99965,260,100077,260,99957,100,100104,100,99949,100,100113,100,99914,100,100137,100,99894,100,100141,100,99866,100,100158,100,99814,100,100240,100,99645,100,100247,100,99512,100
2019-06-28 09:49:59.418352297,100000,200,99966,260,100076,360,99965,260,100077,260,99957,100,100104,100,99949,100,100113,100,99914,100,100137,100,99894,100,100141,100,99866,100,100158,100,99814,100,100240,100,99645,100,100247,100,99512,100
2019-06-28 09:50:00.000000000,100000,280,99966,180,100076,280,99965,180,100077,180,99957,180,100104,180,99949,180,100113,100,99914,100,100137,100,99894,100,100141,100,99866,100,100158,100,99814,100,100240,100,99645,100,100247,100,99512,100
2019-06-28 09:50:10.000000000,100000,280,99966,180,100076,280,99965,180,100077,180,99957,180,100104,180,99949,180,100113,100,99914,100,100137,100,99894,100,100141,100,99866,100,100158,100,99814,100,100240,100,99645,100,100247,100,99512,100
2019-06-28 09:50:20.000000000,100000,280,99966,180,100076,280,99965,180,100077,180,99957,180,100104,180,99949,180,100113,100,99914,100,100137,100,99894,100,100141,100,99866,100,100158,100,99814,100,100240,100,99645,100,100247,100,99512,100
2019-06-28 09:50:30.000000000,100000,280,99966,180,100076,280,99965,180,100077,180,99957,180,100104,180,99949,180,100113,100,99914,100,100137,100,99894,100,100141,100,99866,100,100158,100,99814,100,100240,100,99645,100,100247,100,99512,100
2019-06-28 09:50:30.304477953,100000,280,99966,180,100076,280,99965,180,100077,180,99957,180,100104,180,99949,180,100113,100,99914,100,100137,100,99894,100,100141,100,99866,100,100158,100,99814,100,100240,100,99645,100,100247,100,99512,100
2019-06-28 09:50:33.947435751,100000,280,99966,80,100076,280,99965,180,100077,180,99957,180,100104,180,99949,180,100113,100,99914,100,100137,100,99894,100,100141,100,99866,100,100158,100,99814,100,100240,100,99645,100,100247,100,99512,100
2019-06-28 09:50:40.000000000,100000,521,99965,421,100076,200,99957,100,100077,100,99949,100,100104,100,99914,100,100113,100,99894,100,100137,100,99866,100,100141,100,99814,100,100158,100,99645,100,100240,100,99512,100,100247,100,99453,100
2019-06-28 09:50:45.524602891,100000,421,99965,421,100076,200,99957,100,100077,100,99949,100,100104,100,99914,100,100113,100,99894,100,100137,100,99866,100,100141,100,99814,100,100158,100,99645,100,100240,100,99512,100,100247,100,99453,100
2019-06-28 09:50:50.000000000,100000,421,99965,421,100076,200,99957,100,100077,100,99949,100,100104,100,99914,100,100113,100,99894,100,100137,100,99866,100,100141,100,99814,100,100158,100,99645,100,100240,100,99512,100,100247,100,99453,100
2019-06-28 09:50:57.325861797,99966,100,99965,421,100000,421,99957,100,100076,200,99949,100,100077,100,99914,100,100104,100,99894,100,100113,100,99866,100,100137,100,99814,100,100141,100,99645,100,100158,100,99512,100,100240,100,99453,100
2019-06-28 09:51:00.000000000,99966,260,99965,260,100000,260,99957,260,100076,200,99949,100,100077,100,99914,100,100104,100,99894,100,100113,100,99866,100,100137,100,99814,100,100141,100,99645,100,100158,100,99512,100,100240,100,99453,100
2019-06-28 09:51:10.000000000,99966,421,99965,421,100000,100,99957,100,100076,200,99949,100,100077,100,99914,100,100104,100,99894,100,100113,100,99866,100,100137,100,99814,100,100141,100,99645,100,100158,100,99512,100,100240,100,99453,100
2019-06-28 09:51:12.449193102,99966,421,99965,421,100000,100,99957,100,100076,200,99949,100,100077,100,99914,100,100104,100,99894,100,100113,100,99866,100,100137,100,99814,100,100141,100,99645,100,100158,100,99512,100,100240,100,99453,100
2019-06-28 09:51:16.611074265,99966,421,99965,421,100000,100,99957,100,100076,200,99949,100,100077,100,99914,100,100104,100,99894,100,100113,100,99866,100,100137,100,99814,100,100141,100,99645,100,100158,100,99512,100,100240,100,99453,100
2019-06-28 09:51:20.000000000,99966,209,99965,209,100000,206,99957,206,100076,306,99949,206,100077,100,99914,100,100104,100,99894,100,100113,100,99866,100,100137,100,99814,100,100141,100,99645,100,100158,100,99512,100,100240,100,99453,100
2019-06-28 09:51:30.000000000,99966,180,99965,180,100000,180,99957,180,100076,280,99949,180,100077,180,99914,180,100104,100,99894,100,100113,100,99866,100,100137,100,99814,100,100141,100,99645,100,100158,100,99512,100,100240,100,99453,100
2019-06-28 09:51:32.931923920,99966,180,99965,180,100000,180,99957,180,100076,280,99949,180,100077,180,99914,180,100104,100,99894,100,100113,100,99866,100,100137,100,99814,100,100158,100,99645,100,100240,100,99536,100,100247,100,99512,100
2019-06-28 09:51:40.000000000,99966,209,99965,209,100000,206,99957,206,100076,306,99949,206,100077,100,99914,100,100104,100,99894,100,100113,100,99866,100,100137,100,99814,100,100158,100,99645,100,100240,100,99536,100,100247,100,99512,100
2019-06-28 09:51:41.944956631,99966,209,99965,209,100000,206,99957,206,100076,306,99949,206,100077,100,99914,100,100104,100,99894,100,100113,100,99866,100,100137,100,99814,100,100158,100,99645,100,100240,100,99536,100,100256,100,99512,100
2019-06-28 09:51:50.000000000,99966,164,99965,164,100000,164,99957,164,100076,264,99949,164,100077,164,99914,164,100104,164,99894,164,100113,100,99866,100,100137,100,99814,100,100158,100,99645,100,100240,100,99536,100,100256,100,99512,100
2019-06-28 09:52:00.000000000,99966,180,99965,180,100000,180,99957,180,100076,280,99949,180,100077,180,99914,180,100104,100,99894,100,100113,100,99866,100,100137,100,99814,100,100158,100,99645,100,100240,100,99536,100,100256,100,99512,100
2019-06-28 09:52:06.271587415,99966,280,99965,180,100000,180,99957,180,100076,280,99949,180,100077,180,99914,180,100104,100,99894,100,100113,100,99866,100,100137,100,99814,100,100158,100,99645,100,100240,100,99536,100,100256,100,99512,100
2019-06-28 09:52:10.000000000,99966,521,99965,421,100000,100,99957,100,100076,200,99949,100,100077,100,99914,100,100104,100,99894,100,100113,100,99866,100,100137,100,99814,100,100158,100,99645,100,100240,100,99536,100,100256,100,99512,100
2019-06-28 09:52:20.000000000,99966,280,99965,180,100000,180,99957,180,100076,280,99949,180,100077,180,99914,180,100104,100,99894,100,100113,100,99866,100,100137,100,99814,100,100158,100,99645,100,100240,100,99536,100,100256,100,99512,100
2019-06-28 09:52:24.128631512,99966,280,99965,180,100000,180,99957,180,100076,280,99949,180,100077,180,99914,180,100104,100,99894,100,100137,100,99866,100,100158,100,99814,100,100240,100,99645,200,100256,100,99536,100,100294,100,99512,100
2019-06-28 09:52:30.000000000,99966,309,99965,209,100000,206,99957,206,100076,306,99949,206,100077,100,99914,100,100104,100,99894,100,100137,100,99866,100,100158,100,99814,100,100240,100,99645,200,100256,100,99536,100,100294,100,99512,100
2019-06-28 09:52:40.000000000,99966,360,99965,260,100000,260,99957,260,100076,200,99949,100,100077,100,99914,100,100104,100,99894,100,100137,100,99866,100,100158,100,99814,100,100240,100,99645,200,100256,100,99536,100,100294,100,99512,100
2019-06-28 09:52:50.000000000,99966,521,99965,421,100000,100,99957,100,100076,200,99949,100,100077,100,99914,100,100104,100,99894,100,100137,100,99866,100,100158,100,99814,100,100240,100,99645,200,100256,100,99536,100,100294,100,99512,100
2019-06-28 09:52:51.004538146,99966,621,99965,421,100000,100,99957,100,100076,200,99949,100,100077,100,99914,100,100104,100,99894,100,100137,100,99866,100,100158,100,99814,100,100240,100,99645,200,100256,100,99536,100,100294,100,99512,100
2019-06-28 09:53:00.000000000,99966,621,99965,421,100000,100,99957,100,100076,200,99949,100,100077,100,99914,100,100104,100,99894,100,100137,100,99866,100,100158,100,99814,100,100240,100,99645,200,100256,100,99536,100,100294,100,99512,100
2019-06-28 09:53:10.000000000,99966,621,99965,421,100000,100,99957,100,100076,200,99949,100,100077,100,99914,100,100104,100,99894,100,100137,100,99866,100,100158,100,99814,100,100240,100,99645,200,100256,100,99536,100,100294,100,99512,100
2019-06-28 09:53:20.000000000,99966,621,99965,421,100000,100,99957,100,100076,200,99949,100,100077,100,99914,100,100104,100,99894,100,100137,100,99866,100,100158,100,99814,100,100240,100,99645,200,100256,100,99536,100,100294,100,99512,100
2019-06-28 09:53:30.000000000,99966,409,99965,209,100000,206,99957,206,100076,306,99949,206,100077,100,99914,100,100104,100,99894,100,100137,100,99866,100,100158,100,99814,100,100240,100,99645,200,100256,100,99536,100,100294,100,99512,100
2019-06-28 09:53:34.535471797,99966,409,99965,109,100000,206,99957,206,100076,306,99949,206,100077,100,99914,100,100104,100,99894,100,100137,100,99866,100,100158,100,99814,100,100240,100,99645,200,100256,100,99536,100,100294,100,99512,100
2019-06-28 09:53:40.000000000,99966,409,99957,209,100000,206,99949,206,100076,306,99914,206,100077,100,99894,100,100104,100,99866,100,100137,100,99814,100,100158,100,99645,200,100240,100,99536,100,100256,100,99512,100,100294,100,99453,100
2019-06-28 09:53:50.000000000,99966,460,99957,260,100000,260,99949,260,100076,200,99914,100,100077,100,99894,100,100104,100,99866,100,100137,100,99814,100,100158,100,99645,200,100240,100,99536,100,100256,100,99512,100,100294,100,99453,100
2019-06-28 09:53:50.150253548,99966,460,99957,160,100000,260,99949,160,100076,200,99914,100,100077,100,99894,100,100104,100,99866,100,100137,100,99814,100,100158,100,99645,200,100240,100,99536,100,100256,100,99512,100,100294,100,99453,100
2019-06-28 09:54:00.000000000,99966,409,99914,209,100000,206,99894,206,100076,306,99866,206,100077,100,99814,100,100104,100,99645,200,100137,100,99536,100,100158,100,99512,100,100240,100,99453,100,100256,100,99439,100,100294,100,99429,100
2019-06-28 09:54:10.000000000,99966,409,99914,209,100000,206,99894,206,100076,306,99866,206,100077,100,99814,100,100104,100,99645,200,100137,100,99536,100,100158,100,99512,100,100240,100,99453,100,100256,100,99439,100,100294,100,99429,100
2019-06-28 09:54:20.000000000,99966,409,99914,209,100000,206,99894,206,100076,306,99866,206,100077,100,99814,100,100104,100,99645,200,100137,100,99536,100,100158,100,99512,100,100240,100,99453,100,100256,100,99439,100,100294,100,99429,100
2019-06-28 09:54:30.000000000,99966,460,99914,260,100000,260,99894,260,100076,200,99866,100,100077,100,99814,100,100104,100,99645,200,100137,100,99536,100,100158,100,99512,100,100240,100,99453,100,100256,100,99439,100,100294,100,99429,100
2019-06-28 09:54:40.000000000,99966,380,99914,180,100000,180,99894,180,100076,280,99866,180,100077,180,99814,180,100104,100,99645,200,100137,100,99536,100,100158,100,99512,100,100240,100,99453,100,100256,100,99439,100,100294,100,99429,100
2019-06-28 09:54:42.899481299,99966,380,99914,180,100000,180,99894,180,100076,280,99866,180,100077,180,99814,180,100104,100,99645,200,100137,100,99536,100,100158,100,99512,100,100240,100,99453,100,100256,100,99439,100,100294,100,99429,100
2019-06-28 09:54:50.000000000,99966,460,99914,260,100000,260,99894,260,100076,200,99866,100,100077,100,99814,100,100104,100,99645,200,100137,100,99536,100,100158,100,99512,100,100240,100,99453,100,100256,100,99439,100,100294,100,99429,100
2019-06-28 09:54:51.318303958,99966,360,99914,260,100000,260,99894,260,100076,200,99866,100,100077,100,99814,100,100104,100,99645,200,100137,100,99536,100,100158,100,99512,100,100256,100,99453,100,100294,100,99439,100,100302,100,99429,100
2019-06-28 09:54:58.513449264,99966,360,99914,260,100000,260,99894,260,100076,200,99866,100,100077,100,99814,100,100104,100,99645,200,100137,100,99536,100,100158,100,99512,100,100256,100,99453,100,100294,100,99439,100,100302,100,99429,100
2019-06-28 09:55:00.000000000,99966,309,99914,209,100000,206,99894,206,100076,306,99866,206,100077,100,99814,100,100104,100,99645,200,100137,100,99536,100,100158,100,99512,100,100256,100,99453,100,100294,100,99439,100,100302,100,99429,100
2019-06-28 09:55:10.000000000,99966,264,99914,164,100000,164,99894,164,100076,264,99866,164,100077,164,99814,164,100104,164,99645,264,100137,100,99536,100,100158,100,99512,100,100256,100,99453,100,100294,100,99439,100,100302,100,99429,100
2019-06-28 09:55:20.000000000,99966,309,99914,209,100000,206,99894,206,100076,306,99866,206,100077,100,99814,100,100104,100,99645,200,100137,100,99536,100,100158,100,99512,100,100256,100,99453,100,100294,100,99439,100,100302,100,99429,100
2019-06-28 09:55:24.692755582,99966,209,99914,209,100000,206,99894,206,100076,306,99866,206,100077,100,99814,100,100104,100,99645,200,100137,100,99536,100,100158,100,99512,100,100256,100,99453,100,100294,100,99439,100,100302,100,99429,100
2019-06-28 09:55:28.365859683,99966,209,99914,209,100000,106,99894,206,100076,306,99866,206,100077,100,99814,100,100104,100,99645,200,100137,100,99536,100,100158,100,99512,100,100256,100,99453,100,100294,100,99439,100,100302,100,99429,100
2019-06-28 09:55:30.000000000,99966,164,99914,164,100076,264,99894,164,100077,164,99866,164,100104,164,99814,164,100137,164,99645,264,100158,100,99536,100,100256,100,99512,100,100294,100,99453,100,100302,100,99439,100,100401,100,99429,100
2019-06-28 09:55:40.000000000,99966,164,99914,164,100076,264,99894,164,100077,164,99866,164,100104,164,99814,164,100137,164,99645,264,100158,100,99536,100,100256,100,99512,100,100294,100,99453,100,100302,100,99439,100,100401,100,99429,100
2019-06-28 09:55:50.000000000,99966,260,99914,260,100076,360,99894,260,100077,100,99866,100,100104,100,99814,100,100137,100,99645,200,100158,100,99536,100,100256,100,99512,100,100294,100,99453,100,100302,100,99439,100,100401,100,99429,100
2019-06-28 09:56:00.000000000,99966,164,99914,164,100076,264,99894,164,100077,164,99866,164,100104,164,99814,164,100137,164,99645,264,100158,100,99536,100,100256,100,99512,100,100294,100,99453,100,100302,100,99439,100,100401,100,99429,100
2019-06-28 09:56:07.194677395,99966,64,99914,164,100076,264,99894,164,100077,164,99866,164,100104,164,99814,164,100137,164,99645,264,100158,100,99536,100,100256,100,99512,100,100294,100,99453,100,100302,100,99439,100,100401,100,99402,100
2019-06-28 09:56:10.000000000,100076,280,99914,180,100077,180,99894,180,100104,180,99866,180,100137,180,99814,180,100158,100,99645,200,100256,100,99536,100,100294,100,99512,100,100302,100,99453,100,100401,100,99439,100,100514,100,99402,100
2019-06-28 09:56:20.000000000,100076,521,99914,421,100077,100,99894,100,100104,100,99866,100,100137,100,99814,100,100158,100,99645,200,100256,100,99536,100,100294,100,99512,100,100302,100,99453,100,100401,100,99439,100,100514,100,99402,100
2019-06-28 09:56:21.298449465,100076,521,99914,421,100077,100,99894,100,100104,100,99866,100,100137,100,99814,100,100158,100,99645,200,100256,100,99536,100,100294,100,99512,100,100302,100,99453,100,100401,100,99402,100,100418,100,99332,100
2019-06-28 09:56:29.065910291,100076,521,99914,421,100077,100,99894,100,100104,100,99866,100,100137,100,99814,100,100158,100,99645,200,100256,100,99536,100,100294,100,99512,100,100302,100,99453,100,100401,100,99402,100,100407,100,99332,100
2019-06-28 09:56:30.000000000,100076,521,99914,421,100077,100,99894,100,100104,100,99866,100,100137,100,99814,100,100158,100,99645,200,100256,100,99536,100,100294,100,99512,100,100302,100,99453,100,100401,100,99402,100,100407,100,99332,100
2019-06-28 09:56:40.000000000,100076,280,99914,180,100077,180,99894,180,100104,180,99866,180,100137,180,99814,180,100158,100,99645,200,100256,100,99536,100,100294,100,99512,100,100302,100,99453,100,100401,100,99402,100,100407,100,99332,100
2019-06-28 09:56:50.000000000,100076,309,99914,209,100077,206,99894,206,100104,206,99866,206,100137,100,99814,100,100158,100,99645,200,100256,100,99536,100,100294,100,99512,100,100302,100,99453,100,100401,100,99402,100,100407,100,99332,100
2019-06-28 09:57:00.000000000,100076,309,99914,209,100077,206,99894,206,100104,206,99866,206,100137,100,99814,100,100158,100,99645,200,100256,100,99536,100,100294,100,99512,100,100302,100,99453,100,100401,100,99402,100,100407,100,99332,100
2019-06-28 09:57:04.710195220,100076,309,99914,109,100077,206,99894,206,100104,206,99866,206,100137,100,99814,100,100158,100,99645,200,100256,100,99536,100,100294,100,99512,100,100302,100,99453,100,100401,100,99402,100,100407,100,99332,100
2019-06-28 09:57:10.000000000,100076,360,99894,260,100077,260,99866,260,100104,100,99814,100,100137,100,99645,200,100158,100,99536,100,100256,100,99512,100,100294,100,99453,100,100302,100,99402,100,100401,100,99332,100,100407,100,99255,100
2019-06-28 09:57:20.000000000,100076,280,99894,180,100077,180,99866,180,100104,180,99814,180,100137,180,99645,280,100158,100,99536,100,100256,100,99512,100,100294,100,99453,100,100302,100,99402,100,100401,100,99332,100,100407,100,99255,100
2019-06-28 09:57:27.510323194,100076,180,99915,100,100077,180,99894,180,100104,180,99866,180,100137,180,99814,180,100158,100,99645,280,100256,100,99536,100,100294,100,99512,100,100302,100,99453,100,100401,100,99402,100,100407,100,99332,100
2019-06-28 09:57:30.000000000,100076,421,99915,421,100077,100,99894,100,100104,100,99866,100,100137,100,99814,100,100158,100,99645,200,100256,100,99536,100,100294,100,99512,100,100302,100,99453,100,100401,100,99402,100,100407,100,99332,100
2019-06-28 09:57:40.000000000,100076,209,99915,209,100077,206,99894,206,100104,206,99866,206,100137,100,99814,100,100158,100,99645,200,100256,100,99536,100,100294,100,99512,100,100302,100,99453,100,100401,100,99402,100,100407,100,99332,100
2019-06-28 09:57:50.000000000,100076,164,99915,164,100077,164,99894,164,100104,164,99866,164,100137,164,99814,164,100158,164,99645,264,100256,100,99536,100,100294,100,99512,100,100302,100,99453,100,100401,100,99402,100,100407,100,99332,100
2019-06-28 09:58:00.000000000,100076,421,99915,421,100077,100,99894,100,100104,100,99866,100,100137,100,99814,100,100158,100,99645,200,100256,100,99536,100,100294,100,99512,100,100302,100,99453,100,100401,100,99402,100,100407,100,99332,100
2019-06-28 09:58:04.219946484,100076,421,99915,521,100077,100,99894,100,100104,100,99866,100,100137,100,99814,100,100158,100,99645,200,100256,100,99536,100,100294,100,99512,100,100302,100,99453,100,100401,100,99402,100,100407,100,99332,100
2019-06-28 09:58:10.000000000,100076,180,99915,280,100077,180,99894,180,100104,180,99866,180,100137,180,99814,180,100158,100,99645,200,100256,100,99536,100,100294,100,99512,100,100302,100,99453,100,100401,100,99402,100,100407,100,99332,100
2019-06-28 09:58:13.804284707,100076,180,99915,380,100077,180,99894,180,100104,180,99866,180,100137,180,99814,180,100158,100,99645,200,100256,100,99536,100,100294,100,99512,100,100302,100,99453,100,100401,100,99402,100,100407,100,99332,100
2019-06-28 09:58:20.000000000,100076,421,99915,621,100077,100,99894,100,100104,100,99866,100,100137,100,99814,100,100158,100,99645,200,100256,100,99536,100,100294,100,99512,100,100302,100,99453,100,100401,100,99402,100,100407,100,99332,100
2019-06-28 09:58:21.381415580,100076,421,99915,621,100077,100,99894,100,100104,100,99866,100,100137,100,99814,100,100158,100,99645,200,100256,100,99536,100,100294,100,99512,100,100302,100,99453,100,100401,100,99402,100,100402,100,99332,100
2019-06-28 09:58:30.000000000,100076,209,99915,409,100077,206,99894,206,100104,206,99866,206,100137,100,99814,100,100158,100,99645,200,100256,100,99536,100,100294,100,99512,100,100302,100,99453,100,100401,100,99402,100,100402,100,99332,100
2019-06-28 09:58:40.000000000,100076,164,99915,364,100077,164,99894,164,100104,164,99866,164,100137,164,99814,164,100158,164,99645,264,100256,100,99536,100,100294,100,99512,100,100302,100,99453,100,100401,100,99402,100,100402,100,99332,100
2019-06-28 09:58:41.247496615,100076,64,99915,364,100077,164,99894,164,100104,164,99866,164,100137,164,99814,164,100158,164,99645,264,100256,100,99536,100,100294,100,99512,100,100302,100,99402,100,100401,100,99332,100,100402,100,99255,100
2019-06-28 09:58:50.000000000,100077,260,99915,460,100104,260,99894,260,100137,100,99866,100,100158,100,99814,100,100256,100,99645,200,100294,100,99536,100,100302,100,99512,100,100401,100,99402,100,100402,100,99332,100,100407,100,99255,100
2019-06-28 09:58:52.400691175,100077,260,99915,460,100104,260,99908,100,100137,100,99894,260,100158,100,99866,100,100256,100,99814,100,100294,100,99645,200,100302,100,99536,100,100402,100,99512,100,100407,100,99402,100,100418,100,99332,100
2019-06-28 09:59:00.000000000,100077,164,99915,364,100104,164,99908,164,100137,164,99894,164,100158,164,99866,164,100256,164,99814,164,100294,100,99645,200,100302,100,99536,100,100402,100,99512,100,100407,100,99402,100,100418,100,99332,100
2019-06-28 09:59:00.814028443,100077,164,99915,364,100104,164,99908,164,100137,164,99894,164,100158,164,99866,164,100256,164,99847,100,100294,100,99814,164,100302,100,99645,200,100402,100,99536,100,100407,100,99512,100,100418,100,99402,100
2019-06-28 09:59:07.321116862,100077,164,99915,264,100104,164,99908,164,100137,164,99894,164,100158,164,99866,164,100256,164,99847,100,100294,100,99814,164,100302,100,99645,200,100402,100,99536,100,100407,100,99512,100,100418,100,99402,100
2019-06-28 09:59:07.543655910,100077,164,99915,264,100104,164,99908,164,100137,164,99894,164,100158,164,99866,164,100256,164,99847,100,100294,100,99814,164,100302,100,99656,100,100402,100,99645,200,100407,100,99536,100,100418,100,99402,100
2019-06-28 09:59:08.525447024,100077,164,99915,264,100104,164,99908,164,100137,164,99894,64,100158,164,99866,164,100256,164,99847,100,100294,100,99814,164,100302,100,99724,100,100402,100,99656,100,100407,100,99645,200,100418,100,99536,100
2019-06-28 09:59:10.000000000,100077,164,99915,264,100104,164,99908,164,100137,164,99866,164,100158,164,99847,164,100256,164,99814,164,100294,100,99724,100,100302,100,99656,100,100402,100,99645,200,100407,100,99536,100,100418,100,99402,100
2019-06-28 09:59:12.510686635,100075,100,99915,264,100077,164,99908,164,100104,164,99866,164,100137,164,99847,164,100158,164,99814,164,100256,164,99724,100,100294,100,99656,100,100302,100,99645,200,100402,100,99536,100,100407,100,99402,100
2019-06-28 09:59:20.000000000,100075,180,99915,280,100077,180,99908,180,100104,180,99866,180,100137,180,99847,180,100158,100,99814,100,100256,100,99724,100,100294,100,99656,100,100302,100,99645,200,100402,100,99536,100,100407,100,99402,100
2019-06-28 09:59:25.501878533,100075,180,99915,180,100077,180,99908,180,100104,180,99866,180,100137,180,99847,180,100158,100,99814,100,100256,100,99724,100,100294,100,99656,100,100302,100,99645,200,100402,100,99536,100,100407,100,99402,100
2019-06-28 09:59:30.000000000,100075,209,99915,209,100077,206,99908,206,100104,206,99866,206,100137,100,99847,100,100158,100,99814,100,100256,100,99724,100,100294,100,99656,100,100302,100,99645,200,100402,100,99536,100,100407,100,99402,100
2019-06-28 09:59:39.028052775,100075,209,99957,100,100077,206,99915,209,100104,206,99908,206,100137,100,99866,206,100158,100,99847,100,100256,100,99814,100,100294,100,99724,100,100302,100,99656,100,100402,100,99645,200,100407,100,99536,100
2019-06-28 09:59:40.000000000,100075,421,99957,421,100077,100,99915,100,100104,100,99908,100,100137,100,99866,100,100158,100,99847,100,100256,100,99814,100,100294,100,99724,100,100302,100,99656,100,100402,100,99645,200,100407,100,99536,100
2019-06-28 09:59:42.494372665,100075,421,99957,321,100077,100,99915,100,100104,100,99908,100,100137,100,99866,100,100158,100,99847,100,100256,100,99814,100,100294,100,99724,100,100302,100,99656,100,100402,100,99645,200,100407,100,99536,100
2019-06-28 09:59:50.000000000,100075,209,99915,209,100077,206,99908,206,100104,206,99866,206,100137,100,99847,100,100158,100,99814,100,100256,100,99724,100,100294,100,99656,100,100302,100,99645,200,100402,100,99536,100,100407,100,99402,100
2019-06-28 09:59:52.989894042,100075,209,99915,109,100077,206,99908,206,100104,206,99866,206,100137,100,99847,100,100158,100,99814,100,100256,100,99724,100,100294,100,99656,100,100302,100,99645,100,100402,100,99536,100,100407,100,99402,100
2019-06-28 10:00:00.000000000,100075,260,99908,260,100077,260,99866,260,100104,100,99847,100,100137,100,99814,100,100158,100,99724,100,100256,100,99656,100,100294,100,99645,100,100302,100,99536,100,100402,100,99402,100,100407,100,99332,100
2019-06-28 10:00:10.000000000,100075,421,99908,421,100077,100,99866,100,100104,100,99847,100,100137,100,99814,100,100158,100,99724,100,100256,100,99656,100,100294,100,99645,100,100302,100,99536,100,100402,100,99402,100,100407,100,99332,100
2019-06-28 10:00:20.000000000,100075,209,99908,209,100077,206,99866,206,100104,206,99847,206,100137,100,99814,100,100158,100,99724,100,100256,100,99656,100,100294,100,99645,100,100302,100,99536,100,100402,100,99402,100,100407,100,99332,100
2019-06-28 10:00:26.772209703,100075,209,99908,109,100077,206,99866,206,100104,206,99847,206,100137,100,99814,100,100158,100,99724,100,100256,100,99656,100,100294,100,99645,100,100302,100,99536,100,100402,100,99402,100,100407,100,99332,100
2019-06-28 10:00:30.000000000,100075,421,99866,421,100077,100,99847,100,100104,100,99814,100,100137,100,99724,100,100158,100,99656,100,100256,100,99645,100,100294,100,99536,100,100302,100,99402,100,100402,100,99332,100,100407,100,99255,100
2019-06-28 10:00:40.000000000,100075,164,99866,164,100077,164,99847,164,100104,164,99814,164,100137,164,99724,164,100158,164,99656,164,100256,100,99645,100,100294,100,99536,100,100302,100,99402,100,100402,100,99332,100,100407,100,99255,100
2019-06-28 10:00:47.263504487,100075,164,99866,164,100077,164,99847,164,100104,164,99814,164,100137,64,99724,164,100158,164,99656,164,100256,100,99645,100,100294,100,99536,100,100302,100,99402,100,100402,100,99332,100,100407,100,99255,100
2019-06-28 10:00:50.000000000,100075,209,99866,209,100077,206,99847,206,100104,206,99814,206,100158,100,99724,100,100256,100,99656,100,100294,100,99645,100,100302,100,99536,100,100402,100,99402,100,100407,100,99332,100,100418,100,99255,100
2019-06-28 10:01:00.000000000,100075,164,99866,164,100077,164,99847,164,100104,164,99814,164,100158,164,99724,164,100256,164,99656,164,100294,100,99645,100,100302,100,99536,100,100402,100,99402,100,100407,100,99332,100,100418,100,99255,100
2019-06-28 10:01:10.000000000,100075,209,99866,209,100077,206,99847,206,100104,206,99814,206,100158,100,99724,100,100256,100,99656,100,100294,100,99645,100,100302,100,99536,100,100402,100,99402,100,100407,100,99332,100,100418,100,99255,100
2019-06-28 10:01:20.000000000,100075,180,99866,180,100077,180,99847,180,100104,180,99814,180,100158,180,99724,180,100256,100,99656,100,100294,100,99645,100,100302,100,99536,100,100402,100,99402,100,100407,100,99332,100,100418,100,99255,100
2019-06-28 10:01:25.068284239,99925,100,99866,180,100075,180,99847,180,100077,180,99814,180,100104,180,99724,180,100158,180,99656,100,100256,100,99645,100,100294,100,99536,100,100302,100,99402,100,100402,100,99332,100,100407,100,99255,100
2019-06-28 10:01:30.000000000,99925,180,99866,180,100075,180,99847,180,100077,180,99814,180,100104,180,99724,180,100158,100,99656,100,100256,100,99645,100,100294,100,99536,100,100302,100,99402,100,100402,100,99332,100,100407,100,99255,100
2019-06-28 10:01:40.000000000,99925,421,99866,421,100075,100,99847,100,100077,100,99814,100,100104,100,99724,100,100158,100,99656,100,100256,100,99645,100,100294,100,99536,100,100302,100,99402,100,100402,100,99332,100,100407,100,99255,100
2019-06-28 10:01:44.415224299,99915,100,99866,421,99925,421,99847,100,100075,100,99814,100,100077,100,99724,100,100104,100,99656,100,100158,100,99645,100,100256,100,99536,100,100294,100,99402,100,100302,100,99332,100,100402,100,99255,100
2019-06-28 10:01:50.000000000,99915,260,99866,260,99925,260,99847,260,100075,100,99814,100,100077,100,99724,100,100104,100,99656,100,100158,100,99645,100,100256,100,99536,100,100294,100,99402,100,100302,100,99332,100,100402,100,99255,100
2019-06-28 10:02:00.000000000,99915,260,99866,260,99925,260,99847,260,100075,100,99814,100,100077,100,99724,100,100104,100,99656,100,100158,100,99645,100,100256,100,99536,100,100294,100,99402,100,100302,100,99332,100,100402,100,99255,100
2019-06-28 10:02:00.936577872,99915,160,99866,260,99925,260,99847,260,100075,100,99814,100,100077,100,99724,100,100104,100,99656,100,100158,100,99645,100,100256,100,99536,100,100294,100,99402,100,100302,100,99332,100,100402,100,99255,100
2019-06-28 10:02:10.000000000,99925,260,99866,260,100075,260,99847,260,100077,100,99814,100,100104,100,99724,100,100158,100,99656,100,100256,100,99645,100,100294,100,99536,100,100302,100,99402,100,100402,100,99332,100,100407,100,99255,100
2019-06-28 10:02:20.000000000,99925,260,99866,260,100075,260,99847,260,100077,100,99814,100,100104,100,99724,100,100158,100,99656,100,100256,100,99645,100,100294,100,99536,100,100302,100,99402,100,100402,100,99332,100,100407,100,99255,100
2019-06-28 10:02:30.000000000,99925,421,99866,421,100075,100,99847,100,100077,100,99814,100,100104,100,99724,100,100158,100,99656,100,100256,100,99645,100,100294,100,99536,100,100302,100,99402,100,100402,100,99332,100,100407,100,99255,100
2019-06-28 10:02:31.095103251,99925,321,99866,421,100075,100,99847,100,100077,100,99814,100,100104,100,99724,100,100158,100,99656,100,100256,100,99645,100,100294,100,99536,100,100302,100,99402,100,100402,100,99332,100,100407,100,99255,100
2019-06-28 10:02:40.000000000,100075,209,99866,209,100077,206,99847,206,100104,206,99814,206,100158,100,99724,100,100256,100,99656,100,100294,100,99645,100,100302,100,99536,100,100402,100,99402,100,100407,100,99332,100,100418,100,99255,100
2019-06-28 10:02:50.000000000,100075,260,99866,260,100077,260,99847,260,100104,100,99814,100,100158,100,99724,100,100256,100,99656,100,100294,100,99645,100,100302,100,99536,100,100402,100,99402,100,100407,100,99332,100,100418,100,99255,100
2019-06-28 10:02:54.167531029,100075,260,99866,260,100077,260,99847,260,100104,100,99814,100,100158,100,99724,100,100185,100,99656,100,100256,100,99645,100,100294,100,99536,100,100302,100,99402,100,100402,100,99332,100,100407,100,99255,100
2019-06-28 10:03:00.000000000,100075,421,99866,421,100077,100,99847,100,100104,100,99814,100,100158,100,99724,100,100185,100,99656,100,100256,100,99645,100,100294,100,99536,100,100302,100,99402,100,100402,100,99332,100,100407,100,99255,100
2019-06-28 10:03:10.000000000,100075,180,99866,180,100077,180,99847,180,100104,180,99814,180,100158,180,99724,180,100185,100,99656,100,100256,100,99645,100,100294,100,99536,100,100302,100,99402,100,100402,100,99332,100,100407,100,99255,100
2019-06-28 10:03:20.000000000,100075,164,99866,164,100077,164,99847,164,100104,164,99814,164,100158,164,99724,164,100185,164,99656,164,100256,100,99645,100,100294,100,99536,100,100302,100,99402,100,100402,100,99332,100,100407,100,99255,100
2019-06-28 10:03:27.663185861,100025,100,99866,164,100075,164,99847,64,100077,164,99814,164,100104,164,99724,164,100158,164,99656,164,100185,164,99645,100,100256,100,99536,100,100294,100,99402,100,100302,100,99332,100,100402,100,99255,100
2019-06-28 10:03:30.000000000,100025,421,99866,421,100075,100,99814,100,100077,100,99724,100,100104,100,99656,100,100158,100,99645,100,100185,100,99536,100,100256,100,99402,100,100294,100,99332,100,100302,100,99255,100,100402,100,99075,100
2019-06-28 10:03:40.000000000,100025,180,99866,180,100075,180,99814,180,100077,180,99724,180,100104,180,99656,180,100158,100,99645,100,100185,100,99536,100,100256,100,99402,100,100294,100,99332,100,100302,100,99255,100,100402,100,99075,100
2019-06-28 10:03:40.241451923,100025,180,99866,180,100075,180,99814,180,100077,180,99724,180,100103,100,99656,180,100104,180,99645,100,100158,100,99536,100,100185,100,99402,100,100256,100,99332,100,100294,100,99255,100,100302,100,99075,100
2019-06-28 10:03:50.000000000,100025,164,99866,164,100075,164,99814,164,100077,164,99724,164,100103,164,99656,164,100104,164,99645,164,100158,100,99536,100,100185,100,99402,100,100256,100,99332,100,100294,100,99255,100,100302,100,99075,100
2019-06-28 10:04:00.000000000,100025,260,99866,260,100075,260,99814,260,100077,100,99724,100,100103,100,99656,100,100104,100,99645,100,100158,100,99536,100,100185,100,99402,100,100256,100,99332,100,100294,100,99255,100,100302,100,99075,100
2019-06-28 10:04:03.348602030,100025,260,99866,260,100075,260,99814,260,100077,100,99656,100,100103,100,99645,100,100104,100,99536,100,100158,100,99402,100,100185,100,99332,100,100256,100,99255,100,100294,100,99169,100,100302,100,99075,100
2019-06-28 10:04:10.000000000,100025,209,99866,209,100075,206,99814,206,100077,206,99656,206,100103,100,99645,100,100104,100,99536,100,100158,100,99402,100,100185,100,99332,100,100256,100,99255,100,100294,100,99169,100,100302,100,99075,100
2019-06-28 10:04:13.350953420,100025,209,99866,209,100075,206,99814,206,100077,206,99656,206,100103,100,99645,100,100104,100,99536,100,100158,100,99402,100,100185,100,99332,100,100256,100,99255,100,100294,100,99244,100,100302,100,99169,100
2019-06-28 10:04:20.000000000,100025,421,99866,421,100075,100,99814,100,100077,100,99656,100,100103,100,99645,100,100104,100,99536,100,100158,100,99402,100,100185,100,99332,100,100256,100,99255,100,100294,100,99244,100,100302,100,99169,100
2019-06-28 10:04:30.000000000,100025,421,99866,421,100075,100,99814,100,100077,100,99656,100,100103,100,99645,100,100104,100,99536,100,100158,100,99402,100,100185,100,99332,100,100256,100,99255,100,100294,100,99244,100,100302,100,99169,100
2019-06-28 10:04:32.164460018,100025,421,99866,421,100075,100,99814,100,100077,100,99656,100,100103,100,99645,100,100104,100,99536,100,100158,100,99402,100,100185,100,99347,100,100256,100,99332,100,100294,100,99255,100,100302,100,99244,100
2019-06-28 10:04:40.000000000,100025,180,99866,180,100075,180,99814,180,100077,180,99656,180,100103,180,99645,180,100104,100,99536,100,100158,100,99402,100,100185,100,99347,100,100256,100,99332,100,100294,100,99255,100,100302,100,99244,100
2019-06-28 10:04:44.217474517,99914,100,99866,180,100025,180,99814,180,100075,180,99656,180,100077,80,99645,180,100103,180,99536,100,100104,100,99402,100,100158,100,99347,100,100185,100,99332,100,100256,100,99255,100,100294,100,99244,100
2019-06-28 10:04:50.000000000,99914,209,99866,209,100025,206,99814,206,100075,206,99656,206,100103,100,99645,100,100104,100,99536,100,100158,100,99402,100,100185,100,99347,100,100256,100,99332,100,100294,100,99255,100,100302,100,99244,100
2019-06-28 10:05:00.000000000,99914,209,99866,209,100025,206,99814,206,100075,206,99656,206,100103,100,99645,100,100104,100,99536,100,100158,100,99402,100,100185,100,99347,100,100256,100,99332,100,100294,100,99255,100,100302,100,99244,100
2019-06-28 10:05:08.911400782,99914,209,99866,109,100025,206,99814,206,100075,206,99656,206,100103,100,99645,100,100104,100,99536,100,100158,100,99402,100,100185,100,99347,100,100256,100,99332,100,100294,100,99255,100,100302,100,99244,100
2019-06-28 10:05:10.000000000,99914,421,99814,421,100025,100,99656,100,100075,100,99645,100,100103,100,99536,100,100104,100,99402,100,100158,100,99347,100,100185,100,99332,100,100256,100,99255,100,100294,100,99244,100,100302,100,99169,100
2019-06-28 10:05:20.000000000,99914,180,99814,180,100025,180,99656,180,100075,180,99645,180,100103,180,99536,180,100104,100,99402,100,100158,100,99347,100,100185,100,99332,100,100256,100,99255,100,100294,100,99244,100,100302,100,99169,100
2019-06-28 10:05:25.920382206,99914,180,99814,80,100025,180,99656,180,100075,180,99645,180,100103,180,99536,180,100104,100,99402,100,100158,100,99347,100,100185,100,99332,100,100256,100,99255,100,100294,100,99169,100,100302,100,99075,100
2019-06-28 10:05:30.000000000,99914,421,99656,421,100025,100,99645,100,100075,100,99536,100,100103,100,99402,100,100104,100,99347,100,100158,100,99332,100,100185,100,99255,100,100256,100,99169,100,100294,100,99075,100,100302,100,,
2019-06-28 10:05:40.000000000,99914,421,99656,421,100025,100,99645,100,100075,100,99536,100,100103,100,99402,100,100104,100,99347,100,100158,100,99332,100,100185,100,99255,100,100256,100,99169,100,100294,100,99075,100,100302,100,,
2019-06-28 10:05:41.867364692,99914,421,99656,321,100025,100,99645,100,100075,100,99536,100,100103,100,99402,100,100104,100,99347,100,100158,100,99332,100,100185,100,99169,100,100256,100,99075,100,100294,100,,,100302,100,,
2019-06-28 10:05:48.509714916,99914,421,99656,221,100025,100,99645,100,100075,100,99536,100,100103,100,99402,100,100104,100,99347,100,100158,100,99332,100,100185,100,99169,100,100256,100,99075,100,100294,100,,,100302,100,,
2019-06-28 10:05:50.000000000,99914,421,99645,421,100025,100,99536,100,100075,100,99402,100,100103,100,99347,100,100104,100,99332,100,100158,100,99169,100,100185,100,99075,100,100256,100,,,100294,100,,,100302,100,,
2019-06-28 10:06:00.000000000,99914,209,99645,209,100025,206,99536,206,100075,206,99402,206,100103,100,99347,100,100104,100,99332,100,100158,100,99169,100,100185,100,99075,100,100256,100,,,100294,100,,,100302,100,,
2019-06-28 10:06:09.706226150,99914,209,99645,209,100025,206,99536,206,100075,206,99402,206,100103,100,99347,100,100104,100,99332,100,100158,100,99169,100,100185,100,99090,100,100256,100,99075,100,100294,100,,,100302,100,,
2019-06-28 10:06:10.000000000,99914,164,99645,164,100025,164,99536,164,100075,164,99402,164,100103,164,99347,164,100104,164,99332,164,100158,100,99169,100,100185,100,99090,100,100256,100,99075,100,100294,100,,,100302,100,,
2019-06-28 10:06:19.985074205,99914,164,99645,164,100025,164,99536,164,100075,164,99402,164,100103,164,99347,64,100104,164,99332,164,100158,100,99169,100,100185,100,99090,100,100256,100,99075,100,100294,100,98851,100,100302,100,,
2019-06-28 10:06:20.000000000,99914,421,99645,421,100025,100,99536,100,100075,100,99402,100,100103,100,99332,100,100104,100,99169,100,100158,100,99090,100,100185,100,99075,100,100256,100,98851,100,100294,100,,,100302,100,,
2019-06-28 10:06:23.293254861,99656,100,99645,421,99914,421,99536,100,100025,100,99402,100,100075,100,99332,100,100103,100,99169,100,100104,100,99090,100,100158,100,99075,100,100185,100,98851,100,100256,100,,,100294,100,,
2019-06-28 10:06:30.000000000,99656,421,99645,421,99914,100,99536,100,100025,100,99402,100,100075,100,99332,100,100103,100,99169,100,100104,100,99090,100,100158,100,99075,100,100185,100,98851,100,100256,100,,,100294,100,,
2019-06-28 10:06:32.692322708,99656,421,99645,421,99914,100,99536,100,100075,100,99402,100,100103,100,99332,100,100104,100,99169,100,100158,100,99090,100,100185,100,99075,100,100256,100,99031,100,100294,100,98851,100,100302,100,,
2019-06-28 10:06:40.000000000,99656,209,99645,209,99914,206,99536,206,100075,206,99402,206,100103,100,99332,100,100104,100,99169,100,100158,100,99090,100,100185,100,99075,100,100256,100,99031,100,100294,100,98851,100,100302,100,,
2019-06-28 10:06:50.000000000,99656,421,99645,421,99914,100,99536,100,100075,100,99402,100,100103,100,99332,100,100104,100,99169,100,100158,100,99090,100,100185,100,99075,100,100256,100,99031,100,100294,100,98851,100,100302,100,,
2019-06-28 10:07:00.000000000,99656,164,99645,164,99914,164,99536,164,100075,164,99402,164,100103,164,99332,164,100104,164,99169,164,100158,100,99090,100,100185,100,99075,100,100256,100,99031,100,100294,100,98851,100,100302,100,,
2019-06-28 10:07:10.000000000,99656,164,99645,164,99914,164,99536,164,100075,164,99402,164,100103,164,99332,164,100104,164,99169,164,100158,100,99090,100,100185,100,99075,100,100256,100,99031,100,100294,100,98851,100,100302,100,,
2019-06-28 10:07:14.569381044,99656,164,99645,64,99914,164,99536,164,100075,164,99402,164,100103,164,99332,164,100104,164,99169,164,100158,100,99090,100,100185,100,99075,100,100256,100,99031,100,100294,100,98851,100,100402,100,,
2019-06-28 10:07:20.000000000,99656,260,99536,260,99914,260,99402,260,100075,100,99332,100,100103,100,99169,100,100104,100,99090,100,100158,100,99075,100,100185,100,99031,100,100256,100,98851,100,100294,100,,,100402,100,,
2019-06-28 10:07:30.000000000,99656,421,99536,421,99914,100,99402,100,100075,100,99332,100,100103,100,99169,100,100104,100,99090,100,100158,100,99075,100,100185,100,99031,100,100256,100,98851,100,100294,100,,,100402,100,,
2019-06-28 10:07:36.576031223,99656,421,99536,321,99914,100,99402,100,100075,100,99332,100,100103,100,99169,100,100158,100,99090,100,100185,100,99075,100,100256,100,99031,100,100294,100,98851,100,100402,100,,,100407,100,,
2019-06-28 10:07:40.000000000,99656,209,99402,209,99914,206,99332,206,100075,206,99169,206,100103,100,99090,100,100158,100,99075,100,100185,100,99031,100,100256,100,98851,100,100294,100,,,100402,100,,,100407,100,,
