,ask_price_1,ask_size_1,bid_price_1,bid_size_1,ask_price_2,ask_size_2,bid_price_2,bid_size_2,ask_price_3,ask_size_3,bid_price_3,bid_size_3,ask_price_4,ask_size_4,bid_price_4,bid_size_4,ask_price_5,ask_size_5,bid_price_5,bid_size_5,ask_price_6,ask_size_6,bid_price_6,bid_size_6,ask_price_7,ask_size_7,bid_price_7,bid_size_7,ask_price_8,ask_size_8,bid_price_8,bid_size_8,ask_price_9,ask_size_9,bid_price_9,bid_size_9,ask_price_10,ask_size_10,bid_price_10,bid_size_10
2019-06-28 09:30:00.000000000,,,100009,100,,,,,,,,,,,,,,,,,,,,,,,,,,,,,,,,,,,,
2019-06-28 09:30:00.000000004,,,100009,100,,,99888,100,,,,,,,,,,,,,,,,,,,,,,,,,,,,,,,,
2019-06-28 09:30:00.000000005,100138,100,100009,100,100182,100,99888,100,,,,,,,,,,,,,,,,,,,,,,,,,,,,,,,,
2019-06-28 09:30:00.000000006,100098,100,100009,100,100138,100,99888,100,100182,100,,,,,,,,,,,,,,,,,,,,,,,,,,,,,,
2019-06-28 09:30:00.000000010,100098,100,100009,100,100138,100,99971,100,100182,100,99888,100,,,,,,,,,,,,,,,,,,,,,,,,,,,,
2019-06-28 09:30:00.000000011,100098,100,99971,100,100138,100,99937,100,100182,100,99888,100,,,,,,,,,,,,,,,,,,,,,,,,,,,,
2019-06-28 09:30:00.000000016,99998,100,99971,100,100098,100,99937,100,100138,100,99888,100,100182,100,,,,,,,,,,,,,,,,,,,,,,,,,,
2019-06-28 09:30:00.000000018,99998,100,99974,100,100098,100,99971,100,100138,100,99937,100,100182,100,99888,100,,,,,,,,,,,,,,,,,,,,,,,,
2019-06-28 09:30:00.000000019,100098,100,99974,100,100138,100,99971,100,100182,100,99937,100,,,99888,100,,,,,,,,,,,,,,,,,,,,,,,,
2019-06-28 09:30:00.000000022,100062,100,99974,100,100098,100,99971,100,100138,100,99937,100,100182,100,99888,100,,,,,,,,,,,,,,,,,,,,,,,,
2019-06-28 09:30:00.000000023,100062,100,99974,100,100098,100,99971,100,100138,100,99937,100,100182,100,99888,100,,,99800,100,,,,,,,,,,,,,,,,,,,,
2019-06-28 09:30:00.000000025,100059,100,99974,100,100062,100,99971,100,100098,100,99937,100,100138,100,99888,100,100182,100,99800,100,,,,,,,,,,,,,,,,,,,,
2019-06-28 09:30:00.000000026,100059,100,99974,100,100062,100,99971,100,100098,100,99937,100,100118,100,99888,100,100138,100,99800,100,100182,100,,,,,,,,,,,,,,,,,,
2019-06-28 09:30:00.000000027,100059,100,99974,100,100062,100,99971,100,100087,100,99937,100,100098,100,99888,100,100118,100,99800,100,100138,100,,,100182,100,,,,,,,,,,,,,,
2019-06-28 09:30:00.000000028,99990,100,99974,100,100059,100,99971,100,100062,100,99937,100,100087,100,99888,100,100098,100,99800,100,100118,100,,,100138,100,,,100182,100,,,100184,100,,,,,,
2019-06-28 09:30:00.000000029,100059,100,99974,100,100062,100,99971,100,100087,100,99937,100,100098,100,99888,100,100118,100,99800,100,100138,100,,,100182,100,,,100184,100,,,,,,,,,,
2019-06-28 09:30:00.000000030,100059,100,99990,100,100062,100,99979,100,100087,100,99974,100,100098,100,99971,100,100118,100,99937,100,100138,100,99888,100,100182,100,99800,100,100184,100,,,,,,,,,,
2019-06-28 09:30:00.000000033,100047,100,99990,100,100059,100,99979,100,100062,100,99974,100,100087,100,99971,100,100098,100,99937,100,100118,100,99888,100,100138,100,99800,100,100182,100,,,100184,100,,,,,,
2019-06-28 09:30:00.000000034,100047,100,99990,100,100059,100,99979,100,100062,100,99974,100,100087,100,99971,100,100098,100,99937,100,100118,100,99888,100,100138,100,99800,100,100182,100,,,100184,100,,,100249,100,,
2019-06-28 09:30:00.000000038,100033,100,99990,100,100047,100,99979,100,100059,100,99974,100,100062,100,99971,100,100087,100,99937,100,100098,100,99888,100,100118,100,99800,100,100138,100,,,100182,100,,,100184,100,,
2019-06-28 09:30:00.000000039,100033,100,100005,100,100047,100,99990,100,100059,100,99979,100,100062,100,99974,100,100087,100,99971,100,100098,100,99937,100,100118,100,99888,100,100138,100,99800,100,100182,100,,,100184,100,,
2019-06-28 09:30:00.000000040,100033,100,100005,100,100047,100,99990,300,100059,100,99979,100,100062,100,99974,100,100087,100,99971,100,100098,100,99937,100,100118,100,99888,100,100138,100,99800,100,100182,100,,,100184,100,,
2019-06-28 09:30:00.000000041,100033,100,99990,300,100047,100,99979,100,100059,100,99974,100,100062,100,99971,100,100087,100,99937,100,100098,100,99888,100,100118,100,99800,100,100138,100,,,100182,100,,,100184,100,,
2019-06-28 09:30:00.000000042,100033,100,99991,100,100047,100,99990,300,100059,100,99979,100,100062,100,99974,100,100087,100,99971,100,100098,100,99937,100,100118,100,99888,100,100138,100,99800,100,100182,100,,,100184,100,,
2019-06-28 09:30:00.000000045,100033,100,99991,100,100047,100,99990,300,100059,100,99979,100,100062,100,99974,100,100087,100,99971,100,100098,100,99937,100,100118,100,99888,100,100138,100,99868,100,100182,100,99800,100,100184,100,,
2019-06-28 09:30:00.000000046,100033,100,99991,100,100047,100,99990,300,100059,100,99979,100,100062,100,99974,100,100087,100,99971,100,100098,100,99937,100,100118,100,99892,100,100138,100,99888,100,100182,100,99868,100,100184,100,99800,100
2019-06-28 09:30:00.000000050,100033,100,99991,100,100047,100,99990,300,100059,100,99979,100,100062,100,99974,100,100067,100,99971,100,100087,100,99937,100,100098,100,99892,100,100118,100,99888,100,100138,100,99868,100,100182,100,99800,100
2019-06-28 09:30:00.000000051,100033,100,99991,100,100047,100,99990,300,100059,100,99979,100,100062,100,99974,100,100067,100,99971,100,100087,100,99937,100,100098,100,99892,100,100118,100,99888,100,100120,100,99868,100,100138,100,99800,100
2019-06-28 09:30:00.000000052,100033,100,99991,100,100047,100,99990,300,100059,100,99979,100,100062,100,99974,100,100067,100,99971,100,100087,100,99937,100,100098,100,99892,100,100118,100,99888,100,100120,100,99868,100,100138,100,99800,100
2019-06-28 09:30:00.000000053,100018,100,99991,100,100033,100,99990,300,100047,100,99979,100,100059,100,99974,100,100062,100,99971,100,100067,100,99937,100,100087,100,99892,100,100098,100,99888,100,100118,100,99868,100,100120,100,99800,100
2019-06-28 09:30:00.000000055,100018,100,99991,100,100033,100,99990,300,100047,100,99979,100,100059,100,99974,100,100062,100,99971,100,100067,100,99937,100,100087,100,99892,100,100098,100,99888,100,100118,100,99868,100,100120,100,99800,200
2019-06-28 09:30:00.000000056,100005,100,99991,100,100018,100,99990,300,100033,100,99979,100,100047,100,99974,100,100059,100,99971,100,100062,100,99937,100,100067,100,99892,100,100087,100,99888,100,100098,100,99868,100,100118,100,99800,200
2019-06-28 09:30:00.000000057,100005,100,99991,200,100018,100,99990,300,100033,100,99979,100,100047,100,99974,100,100059,100,99971,100,100062,100,99946,100,100067,100,99937,100,100087,100,99892,100,100098,100,99888,100,100118,100,99868,100
2019-06-28 09:30:00.000000058,100005,100,99991,200,100018,100,99990,300,100033,100,99979,100,100047,100,99974,100,100059,100,99971,100,100062,100,99946,100,100067,100,99937,100,100087,100,99892,100,100098,100,99888,100,100118,100,99871,100
2019-06-28 09:30:00.000000061,100005,100,99991,200,100018,100,99990,300,100033,100,99979,100,100047,100,99974,100,100059,100,99971,100,100062,100,99946,100,100067,100,99937,100,100087,100,99892,100,100098,100,99888,100,100118,100,99887,100
2019-06-28 09:30:00.000000062,100005,200,99991,200,100018,100,99990,300,100033,100,99979,100,100047,100,99974,100,100059,100,99971,100,100062,100,99946,100,100067,100,99937,100,100087,100,99892,100,100098,100,99888,100,100118,100,99887,100
2019-06-28 09:30:00.000000064,100005,200,99991,100,100018,100,99990,300,100033,100,99979,100,100047,100,99974,100,100059,100,99971,100,100062,100,99946,100,100067,100,99937,100,100087,100,99892,100,100098,100,99888,100,100118,100,99887,100
2019-06-28 09:30:00.000000066,100004,100,99991,100,100005,200,99990,300,100018,100,99979,100,100033,100,99974,100,100047,100,99971,100,100059,100,99946,100,100062,100,99937,100,100067,100,99892,100,100087,100,99888,100,100098,100,99887,100
2019-06-28 09:30:00.000000070,100004,100,99990,300,100005,200,99979,100,100018,100,99974,100,100033,100,99971,100,100047,100,99946,100,100059,100,99937,100,100062,100,99892,100,100067,100,99888,100,100087,100,99887,100,100098,100,99871,100
2019-06-28 09:30:00.000000071,100004,100,99990,300,100005,200,99979,100,100018,100,99974,100,100033,100,99971,100,100047,100,99946,100,100058,100,99937,100,100059,100,99892,100,100062,100,99888,100,100067,100,99887,100,100087,100,99871,100
2019-06-28 09:30:00.000000074,100004,100,99991,100,100005,200,99990,300,100018,100,99979,100,100033,100,99974,100,100047,100,99971,100,100058,100,99946,100,100059,100,99937,100,100062,100,99892,100,100067,100,99888,100,100087,100,99887,100
2019-06-28 09:30:00.000000075,100004,100,99991,100,100005,200,99990,300,100018,100,99979,100,100033,100,99974,100,100047,100,99971,100,100058,100,99958,100,100059,100,99946,100,100062,100,99937,100,100067,100,99892,100,100087,100,99888,100
2019-06-28 09:30:00.000000077,100004,100,99991,100,100005,200,99990,300,100018,100,99979,100,100033,100,99974,100,100047,100,99971,100,100058,100,99958,100,100059,100,99946,100,100062,100,99937,100,100067,100,99892,100,100087,100,99888,100
2019-06-28 09:30:00.000000078,100004,100,99991,100,100005,200,99990,300,100018,100,99979,100,100033,100,99974,100,100047,100,99971,100,100058,100,99958,100,100059,100,99946,100,100062,100,99937,100,100067,100,99913,100,100087,100,99892,100
2019-06-28 09:30:00.000000079,100004,100,99991,100,100005,200,99990,300,100018,100,99979,100,100033,100,99974,100,100047,100,99971,100,100058,100,99958,100,100059,100,99946,100,100062,100,99937,100,100067,100,99913,100,100087,100,99902,100
2019-06-28 09:30:00.000000080,100004,100,99990,300,100005,200,99979,100,100018,100,99974,100,100033,100,99971,100,100047,100,99958,100,100058,100,99946,100,100059,100,99937,100,100062,100,99913,100,100067,100,99902,100,100087,100,99892,100
2019-06-28 09:30:00.000000084,100004,100,99990,300,100005,200,99982,100,100018,100,99979,100,100033,100,99974,100,100047,100,99971,100,100058,100,99958,100,100059,100,99946,100,100062,100,99937,100,100067,100,99913,100,100087,100,99902,100
2019-06-28 09:30:00.000000087,100004,100,99990,300,100005,200,99982,100,100018,100,99979,100,100033,100,99974,100,100047,100,99971,100,100058,100,99958,100,100059,100,99946,100,100062,100,99937,100,100067,100,99913,100,100087,100,99902,100
2019-06-28 09:30:00.000000089,100004,100,99990,300,100005,200,99982,100,100018,100,99979,100,100033,100,99974,100,100047,100,99971,100,100058,100,99958,100,100059,100,99946,100,100061,100,99937,100,100062,100,99913,100,100067,100,99902,100
2019-06-28 09:30:00.000000090,100004,100,99990,300,100005,200,99982,100,100016,100,99979,100,100018,100,99974,100,100033,100,99971,100,100047,100,99958,100,100058,100,99946,100,100059,100,99937,100,100061,100,99913,100,100062,100,99902,100
2019-06-28 09:30:00.000000092,100004,100,99995,100,100005,200,99990,300,100016,100,99982,100,100018,100,99979,100,100033,100,99974,100,100047,100,99971,100,100058,100,99958,100,100059,100,99946,100,100061,100,99937,100,100062,100,99913,100
2019-06-28 09:30:00.000000094,100004,100,99995,100,100005,200,99990,300,100016,100,99982,100,100018,100,99979,100,100033,100,99974,100,100047,100,99971,100,100058,100,99958,100,100059,100,99946,100,100061,100,99937,100,100062,100,99913,100
2019-06-28 09:30:00.000000095,100005,200,99995,100,100016,100,99990,300,100018,100,99982,100,100033,100,99979,100,100047,100,99974,100,100058,100,99971,100,100059,100,99958,100,100061,100,99946,100,100062,100,99937,100,100067,100,99913,100
2019-06-28 09:30:00.000000097,100005,200,99990,300,100016,100,99982,100,100018,100,99979,100,100033,100,99974,100,100047,100,99971,100,100058,100,99958,200,100059,100,99946,100,100061,100,99937,100,100062,100,99913,100,100067,100,99902,100
2019-06-28 09:30:00.000000099,100005,200,99995,100,100016,100,99990,300,100018,100,99982,100,100033,100,99979,100,100047,100,99974,100,100058,100,99971,100,100059,100,99958,200,100061,100,99946,100,100062,100,99937,100,100067,100,99913,100
2019-06-28 09:30:07.646307143,100004,100,99995,100,100005,200,99990,300,100016,100,99982,100,100018,100,99979,100,100033,100,99974,100,100047,100,99971,100,100058,100,99958,200,100059,100,99946,100,100061,100,99937,100,100062,100,99913,100
2019-06-28 09:30:10.000000000,100004,165,99995,165,100005,265,99990,365,100016,165,99982,165,100018,165,99979,165,100033,100,99974,100,100047,100,99971,100,100058,100,99958,200,100059,100,99946,100,100061,100,99937,100,100062,100,99913,100
2019-06-28 09:30:14.799972858,100004,65,99995,165,100005,265,99990,365,100016,165,99982,165,100018,165,99979,165,100033,100,99974,100,100047,100,99971,100,100058,100,99958,200,100059,100,99946,100,100061,100,99937,100,100062,100,99913,100
2019-06-28 09:30:18.446355209,100005,265,100004,35,100016,165,99995,165,100018,165,99990,365,100033,100,99982,165,100047,100,99979,165,100058,100,99974,100,100059,100,99971,100,100061,100,99958,200,100062,100,99946,100,100067,100,99937,100
2019-06-28 09:30:20.000000000,100005,288,100004,123,100016,185,99995,185,100018,185,99990,385,100033,100,99982,100,100047,100,99979,100,100058,100,99974,100,100059,100,99971,100,100061,100,99958,200,100062,100,99946,100,100067,100,99937,100
2019-06-28 09:30:30.000000000,100005,459,100004,294,100016,100,99995,100,100018,100,99990,300,100033,100,99982,100,100047,100,99979,100,100058,100,99974,100,100059,100,99971,100,100061,100,99958,200,100062,100,99946,100,100067,100,99937,100
2019-06-28 09:30:40.000000000,100005,252,100004,87,100016,152,99995,152,100018,152,99990,352,100033,152,99982,152,100047,152,99979,152,100058,100,99974,100,100059,100,99971,100,100061,100,99958,200,100062,100,99946,100,100067,100,99937,100
2019-06-28 09:30:50.000000000,100005,330,100004,165,100016,230,99995,230,100018,100,99990,300,100033,100,99982,100,100047,100,99979,100,100058,100,99974,100,100059,100,99971,100,100061,100,99958,200,100062,100,99946,100,100067,100,99937,100
2019-06-28 09:31:00.000000000,100005,252,100004,87,100016,152,99995,152,100018,152,99990,352,100033,152,99982,152,100047,152,99979,152,100058,100,99974,100,100059,100,99971,100,100061,100,99958,200,100062,100,99946,100,100067,100,99937,100
2019-06-28 09:31:07.488675214,100005,152,100004,87,100016,152,99995,152,100018,152,99990,352,100033,152,99982,152,100047,152,99979,152,100058,100,99974,100,100059,100,99971,100,100061,100,99958,200,100062,100,99946,100,100067,100,99937,100
2019-06-28 09:31:10.000000000,100005,359,100004,294,100016,100,99995,100,100018,100,99990,300,100033,100,99982,100,100047,100,99979,100,100058,100,99974,100,100059,100,99971,100,100061,100,99958,200,100062,100,99946,100,100067,100,99937,100
2019-06-28 09:31:18.559269706,100005,159,100004,294,100016,100,99995,100,100018,100,99990,300,100033,100,99982,100,100047,100,99979,100,100058,100,99974,100,100059,100,99971,100,100061,100,99958,200,100062,100,99946,100,100067,100,99937,100
2019-06-28 09:31:20.000000000,100016,152,100004,87,100018,152,99995,152,100033,152,99990,352,100047,152,99982,152,100058,152,99979,152,100059,100,99974,100,100061,100,99971,100,100062,100,99958,200,100067,100,99946,100,100087,200,99937,100
2019-06-28 09:31:30.000000000,100016,152,100004,87,100018,152,99995,152,100033,152,99990,352,100047,152,99982,152,100058,152,99979,152,100059,100,99974,100,100061,100,99971,100,100062,100,99958,200,100067,100,99946,100,100087,200,99937,100
2019-06-28 09:31:36.547352309,100016,152,100004,87,100018,152,99995,152,100033,152,99990,352,100047,152,99982,152,100058,152,99979,152,100059,100,99974,100,100061,100,99971,100,100062,100,99958,200,100067,100,99946,100,100087,200,99937,100
2019-06-28 09:31:40.000000000,100016,359,100004,294,100018,100,99995,100,100033,100,99990,300,100047,100,99982,100,100058,100,99979,100,100059,100,99974,100,100061,100,99971,100,100062,100,99958,200,100067,100,99946,100,100087,200,99937,100
2019-06-28 09:31:40.845777541,100016,359,100004,294,100018,100,99995,100,100033,100,99990,300,100047,100,99982,100,100058,100,99979,100,100059,100,99974,100,100061,100,99971,100,100062,100,99958,200,100067,100,99946,100,100087,200,99937,100
2019-06-28 09:31:48.678720355,100016,259,100004,294,100018,100,99995,100,100033,100,99990,300,100047,100,99982,100,100058,100,99979,100,100059,100,99974,100,100061,100,99971,100,100062,100,99958,200,100067,100,99946,100,100087,100,99937,100
2019-06-28 09:31:50.000000000,100018,152,100004,87,100033,152,99995,152,100047,152,99990,352,100058,152,99982,152,100059,152,99979,152,100061,100,99974,100,100062,100,99971,100,100067,100,99958,200,100087,100,99946,100,100094,100,99937,100
2019-06-28 09:32:00.000000000,100018,230,100004,165,100033,230,99995,230,100047,100,99990,300,100058,100,99982,100,100059,100,99979,100,100061,100,99974,100,100062,100,99971,100,100067,100,99958,200,100087,100,99946,100,100094,100,99937,100
2019-06-28 09:32:08.415947351,100018,130,100004,165,100033,230,99995,230,100047,100,99990,300,100058,100,99982,100,100059,100,99979,100,100061,100,99974,100,100062,100,99971,100,100067,100,99958,200,100087,100,99946,100,100094,100,99937,100
2019-06-28 09:32:10.000000000,100033,152,100004,87,100047,152,99995,152,100058,152,99990,352,100059,152,99982,152,100061,152,99979,152,100062,100,99974,100,100067,100,99971,100,100087,100,99958,200,100094,100,99946,100,100098,100,99937,100
2019-06-28 09:32:19.618503026,100033,152,100004,87,100047,152,99995,152,100058,152,99990,352,100059,152,99982,152,100061,152,99979,152,100062,100,99974,100,100067,100,99971,100,100087,100,99958,200,100094,100,99946,100,100098,100,99937,100
2019-06-28 09:32:20.000000000,100033,230,100004,165,100047,230,99995,230,100058,100,99990,300,100059,100,99982,100,100061,100,99979,100,100062,100,99974,100,100067,100,99971,100,100087,100,99958,200,100094,100,99946,100,100098,100,99937,100
2019-06-28 09:32:20.695000840,100033,130,100004,165,100047,230,99995,230,100058,100,99990,300,100059,100,99982,100,100061,100,99979,100,100062,100,99974,100,100067,100,99971,100,100087,100,99958,200,100094,100,99946,100,100098,100,99937,100
2019-06-28 09:32:30.000000000,100047,165,100004,100,100058,165,99995,165,100059,165,99990,365,100061,165,99982,165,100062,100,99979,100,100067,100,99974,100,100087,100,99971,100,100094,100,99958,200,100098,100,99946,100,100109,100,99937,100
2019-06-28 09:32:40.000000000,100047,230,100004,165,100058,230,99995,230,100059,100,99990,300,100061,100,99982,100,100062,100,99979,100,100067,100,99974,100,100087,100,99971,100,100094,100,99958,200,100098,100,99946,100,100109,100,99937,100
2019-06-28 09:32:50.000000000,100047,165,100004,100,100058,165,99995,165,100059,165,99990,365,100061,165,99982,165,100062,100,99979,100,100067,100,99974,100,100087,100,99971,100,100094,100,99958,200,100098,100,99946,100,100109,100,99937,100
2019-06-28 09:32:58.519955472,100047,165,100004,100,100058,165,99995,165,100059,165,99990,365,100061,165,99982,165,100062,100,99979,100,100067,100,99974,100,100087,100,99971,100,100094,100,99958,200,100098,100,99946,100,100109,100,99937,100
2019-06-28 09:33:00.000000000,100047,230,100004,165,100058,230,99995,230,100059,100,99990,300,100061,100,99982,100,100062,100,99979,100,100067,100,99974,100,100087,100,99971,100,100094,100,99958,200,100098,100,99946,100,100109,100,99937,100
2019-06-28 09:33:02.329694975,100047,230,100004,165,100058,230,99995,230,100059,100,99990,300,100061,100,99982,100,100062,100,99979,100,100067,100,99974,100,100087,100,99971,100,100094,100,99958,100,100098,100,99946,100,100109,100,99937,100
2019-06-28 09:33:10.000000000,100047,152,100004,87,100058,152,99995,152,100059,152,99990,352,100061,152,99982,152,100062,152,99979,152,100067,100,99974,100,100087,100,99971,100,100094,100,99958,100,100098,100,99946,100,100109,100,99937,100
2019-06-28 09:33:17.431224655,100047,52,100004,87,100058,152,99995,152,100059,152,99990,352,100061,152,99982,152,100062,152,99979,152,100067,100,99974,100,100087,100,99971,100,100094,100,99958,100,100098,100,99946,100,100109,100,99937,100
2019-06-28 09:33:20.000000000,100058,230,100004,165,100059,230,99995,230,100061,100,99990,300,100062,100,99982,100,100067,100,99979,100,100087,100,99974,100,100094,100,99971,100,100098,100,99958,100,100109,100,99946,100,100118,100,99937,100
2019-06-28 09:33:30.000000000,100058,230,100004,165,100059,230,99995,230,100061,100,99990,300,100062,100,99982,100,100067,100,99979,100,100087,100,99974,100,100094,100,99971,100,100098,100,99958,100,100109,100,99946,100,100118,100,99937,100
2019-06-28 09:33:40.000000000,100058,165,100004,100,100059,165,99995,165,100061,165,99990,365,100062,165,99982,165,100067,100,99979,100,100087,100,99974,100,100094,100,99971,100,100098,100,99958,100,100109,100,99946,100,100118,100,99937,100
2019-06-28 09:33:50.000000000,100058,230,100004,165,100059,230,99995,230,100061,100,99990,300,100062,100,99982,100,100067,100,99979,100,100087,100,99974,100,100094,100,99971,100,100098,100,99958,100,100109,100,99946,100,100118,100,99937,100
2019-06-28 09:34:00.000000000,100058,230,100004,165,100059,230,99995,230,100061,100,99990,300,100062,100,99982,100,100067,100,99979,100,100087,100,99974,100,100094,100,99971,100,100098,100,99958,100,100109,100,99946,100,100118,100,99937,100
2019-06-28 09:34:10.000000000,100058,230,100004,165,100059,230,99995,230,100061,100,99990,300,100062,100,99982,100,100067,100,99979,100,100087,100,99974,100,100094,100,99971,100,100098,100,99958,100,100109,100,99946,100,100118,100,99937,100
2019-06-28 09:34:20.000000000,100058,152,100004,87,100059,152,99995,152,100061,152,99990,352,100062,152,99982,152,100067,152,99979,152,100087,100,99974,100,100094,100,99971,100,100098,100,99958,100,100109,100,99946,100,100118,100,99937,100
2019-06-28 09:34:24.575184205,100058,152,100004,87,100059,152,99995,152,100061,152,99990,352,100062,152,99982,152,100067,152,99979,152,100087,100,99974,100,100094,100,99971,100,100098,100,99958,100,100109,100,99946,100,100118,100,99937,100
2019-06-28 09:34:30.000000000,100058,188,100004,123,100059,185,99995,185,100061,185,99990,385,100062,100,99982,100,100067,100,99979,100,100087,100,99974,100,100094,100,99971,100,100098,100,99958,100,100109,100,99946,100,100118,100,99937,100
2019-06-28 09:34:40.000000000,100058,230,100004,165,100059,230,99995,230,100061,100,99990,300,100062,100,99982,100,100067,100,99979,100,100087,100,99974,100,100094,100,99971,100,100098,100,99958,100,100109,100,99946,100,100118,100,99937,100
2019-06-28 09:34:45.871201995,100058,230,100033,100,100059,230,100004,165,100061,100,99995,230,100062,100,99990,300,100067,100,99982,100,100087,100,99979,100,100094,100,99974,100,100098,100,99971,100,100109,100,99958,100,100118,100,99946,100
2019-06-28 09:34:48.906743497,100058,230,100033,100,100059,230,100004,165,100061,100,99995,230,100062,100,99990,300,100067,100,99982,100,100087,100,99979,100,100094,100,99974,100,100098,100,99971,100,100109,100,99958,100,100118,100,99946,100
2019-06-28 09:34:50.000000000,100058,165,100033,165,100059,165,100004,100,100061,165,99995,165,100062,165,99990,365,100067,100,99982,100,100087,100,99979,100,100094,100,99974,100,100098,100,99971,100,100109,100,99958,100,100118,100,99946,100
2019-06-28 09:34:54.480264054,100058,165,100033,265,100059,165,100004,100,100061,165,99995,165,100062,165,99990,265,100067,100,99982,100,100087,100,99979,100,100094,100,99974,100,100098,100,99971,100,100109,100,99958,100,100118,100,99946,100
2019-06-28 09:34:54.737023997,100058,165,100033,165,100059,165,100004,100,100061,165,99995,165,100062,165,99990,265,100067,100,99982,100,100087,100,99979,100,100094,100,99974,100,100098,100,99971,100,100109,100,99958,100,100118,100,99946,100
2019-06-28 09:34:59.318098648,100058,165,100033,265,100059,165,100004,100,100061,165,99995,165,100062,165,99990,265,100067,100,99982,100,100087,100,99979,100,100094,100,99974,100,100098,100,99971,100,100109,100,99958,100,100118,100,99946,100
2019-06-28 09:35:00.000000000,100058,230,100033,330,100059,230,100004,165,100061,100,99995,100,100062,100,99990,200,100067,100,99982,100,100087,100,99979,100,100094,100,99974,100,100098,100,99971,100,100109,100,99958,100,100118,100,99946,100
2019-06-28 09:35:05.468415514,100058,230,100033,330,100059,230,100004,165,100061,100,99995,100,100062,100,99990,200,100067,100,99982,100,100087,100,99979,100,100094,100,99974,100,100098,100,99971,100,100109,100,99958,100,100118,100,99946,100
2019-06-28 09:35:10.000000000,100058,230,100033,330,100059,230,100004,165,100061,100,99995,100,100062,100,99990,200,100067,100,99982,100,100087,100,99979,100,100094,100,99974,100,100098,100,99971,100,100109,100,99958,100,100118,100,99946,100
2019-06-28 09:35:10.139776832,100058,230,100033,330,100059,230,100004,165,100061,100,100002,100,100062,100,99995,100,100067,100,99990,200,100087,100,99982,100,100094,100,99979,100,100098,100,99974,100,100109,100,99971,100,100118,100,99958,100
2019-06-28 09:35:18.873769246,100058,130,100033,330,100059,230,100004,165,100061,100,100002,100,100062,100,99995,100,100067,100,99990,200,100087,100,99982,100,100094,100,99979,100,100098,100,99974,100,100109,100,99971,100,100118,100,99958,100
2019-06-28 09:35:20.000000000,100059,359,100033,459,100061,100,100004,35,100062,100,100002,100,100067,100,99995,100,100087,100,99990,200,100094,100,99982,100,100098,100,99979,100,100109,100,99974,100,100118,100,99971,100,100120,100,99958,100
2019-06-28 09:35:30.000000000,100059,165,100033,265,100061,165,100004,100,100062,165,100002,165,100067,165,99995,165,100087,100,99990,200,100094,100,99982,100,100098,100,99979,100,100109,100,99974,100,100118,100,99971,100,100120,100,99958,100
2019-06-28 09:35:40.000000000,100059,152,100033,252,100061,152,100004,87,100062,152,100002,152,100067,152,99995,152,100087,152,99990,252,100094,100,99982,100,100098,100,99979,100,100109,100,99974,100,100118,100,99971,100,100120,100,99958,100
2019-06-28 09:35:50.000000000,100059,152,100033,252,100061,152,100004,87,100062,152,100002,152,100067,152,99995,152,100087,152,99990,252,100094,100,99982,100,100098,100,99979,100,100109,100,99974,100,100118,100,99971,100,100120,100,99958,100
2019-06-28 09:35:53.170085780,100059,52,100033,252,100061,152,100004,87,100062,152,100002,152,100067,152,99995,152,100087,152,99990,252,100094,100,99982,100,100098,100,99979,100,100109,100,99974,100,100118,100,99971,100,100120,100,99958,100
2019-06-28 09:36:00.000000000,100061,230,100033,330,100062,230,100004,165,100067,100,100002,100,100087,100,99995,100,100094,100,99990,200,100098,100,99982,100,100109,100,99979,100,100118,100,99974,100,100120,100,99971,100,100133,100,99958,100
2019-06-28 09:36:10.000000000,100061,359,100033,459,100062,100,100004,35,100067,100,100002,100,100087,100,99995,100,100094,100,99990,200,100098,100,99982,100,100109,100,99979,100,100118,100,99974,100,100120,100,99971,100,100133,100,99958,100
2019-06-28 09:36:11.403906744,100061,359,100033,459,100062,100,100002,100,100067,100,99995,100,100087,100,99990,200,100094,100,99982,100,100098,100,99979,100,100109,100,99974,100,100118,100,99971,100,100120,100,99958,100,100133,100,99946,100
2019-06-28 09:36:14.174737604,100061,359,100058,100,100062,100,100033,459,100067,100,100002,100,100087,100,99995,100,100094,100,99990,200,100098,100,99982,100,100109,100,99979,100,100118,100,99974,100,100120,100,99971,100,100133,100,99958,100
2019-06-28 09:36:20.000000000,100061,165,100058,165,100062,165,100033,265,100067,165,100002,165,100087,165,99995,165,100094,100,99990,200,100098,100,99982,100,100109,100,99979,100,100118,100,99974,100,100120,100,99971,100,100133,100,99958,100
2019-06-28 09:36:30.000000000,100061,230,100058,230,100062,230,100033,330,100067,100,100002,100,100087,100,99995,100,100094,100,99990,200,100098,100,99982,100,100109,100,99979,100,100118,100,99974,100,100120,100,99971,100,100133,100,99958,100
2019-06-28 09:36:40.000000000,100061,359,100058,359,100062,100,100033,200,100067,100,100002,100,100087,100,99995,100,100094,100,99990,200,100098,100,99982,100,100109,100,99979,100,100118,100,99974,100,100120,100,99971,100,100133,100,99958,100
2019-06-28 09:36:42.874881508,100061,359,100058,359,100062,100,100033,100,100067,100,100002,100,100087,100,99995,100,100094,100,99990,200,100098,100,99982,100,100109,100,99979,100,100118,100,99974,100,100120,100,99971,100,100133,100,99958,100
2019-06-28 09:36:50.000000000,100061,230,100058,230,100062,230,100033,230,100067,100,100002,100,100087,100,99995,100,100094,100,99990,200,100098,100,99982,100,100109,100,99979,100,100118,100,99974,100,100120,100,99971,100,100133,100,99958,100
2019-06-28 09:37:00.000000000,100061,230,100058,230,100062,230,100033,230,100067,100,100002,100,100087,100,99995,100,100094,100,99990,200,100098,100,99982,100,100109,100,99979,100,100118,100,99974,100,100120,100,99971,100,100133,100,99958,100
2019-06-28 09:37:08.284475341,100061,230,100058,230,100062,230,100033,230,100067,100,100002,100,100087,100,99995,100,100094,100,99990,200,100098,100,99982,100,100109,100,99979,100,100118,100,99974,100,100120,100,99971,100,100133,100,99964,100
2019-06-28 09:37:10.000000000,100061,230,100058,230,100062,230,100033,230,100067,100,100002,100,100087,100,99995,100,100094,100,99990,200,100098,100,99982,100,100109,100,99979,100,100118,100,99974,100,100120,100,99971,100,100133,100,99964,100
2019-06-28 09:37:20.000000000,100061,188,100058,188,100062,185,100033,185,100067,185,100002,185,100087,100,99995,100,100094,100,99990,200,100098,100,99982,100,100109,100,99979,100,100118,100,99974,100,100120,100,99971,100,100133,100,99964,100
2019-06-28 09:37:30.000000000,100061,152,100058,152,100062,152,100033,152,100067,152,100002,152,100087,152,99995,152,100094,152,99990,252,100098,100,99982,100,100109,100,99979,100,100118,100,99974,100,100120,100,99971,100,100133,100,99964,100
2019-06-28 09:37:34.285003268,100061,152,100058,52,100062,152,100033,152,100067,152,100002,152,100087,152,99995,152,100094,152,99990,252,100098,100,99982,100,100109,100,99979,100,100118,100,99974,100,100120,100,99971,100,100133,100,99964,100
2019-06-28 09:37:40.000000000,100061,165,100033,165,100062,165,100002,165,100067,165,99995,165,100087,165,99990,265,100094,100,99982,100,100098,100,99979,100,100109,100,99974,100,100118,100,99971,100,100120,100,99964,100,100133,100,99958,100
2019-06-28 09:37:48.948635054,100045,100,100033,165,100061,165,100002,165,100062,165,99995,165,100067,165,99990,265,100087,165,99979,100,100094,100,99974,100,100098,100,99971,100,100109,100,99964,100,100118,100,99958,100,100120,100,99946,100
2019-06-28 09:37:50.000000000,100045,359,100033,359,100061,100,100002,100,100062,100,99995,100,100067,100,99990,200,100087,100,99979,100,100094,100,99974,100,100098,100,99971,100,100109,100,99964,100,100118,100,99958,100,100120,100,99946,100
2019-06-28 09:38:00.000000000,100045,359,100033,359,100061,100,100002,100,100062,100,99995,100,100067,100,99990,200,100087,100,99979,100,100094,100,99974,100,100098,100,99971,100,100109,100,99964,100,100118,100,99958,100,100120,100,99946,100
2019-06-28 09:38:10.000000000,100045,359,100033,359,100061,100,100002,100,100062,100,99995,100,100067,100,99990,200,100087,100,99979,100,100094,100,99974,100,100098,100,99971,100,100109,100,99964,100,100118,100,99958,100,100120,100,99946,100
2019-06-28 09:38:15.409987748,100045,359,100033,359,100061,100,100002,100,100062,100,99995,100,100067,100,99990,200,100087,100,99979,100,100094,100,99974,100,100098,100,99971,100,100109,100,99964,100,100118,100,99958,100,100120,100,99946,100
2019-06-28 09:38:20.000000000,100045,188,100033,188,100061,185,100002,185,100062,185,99995,185,100067,100,99990,200,100087,100,99979,100,100094,100,99974,100,100098,100,99971,100,100109,100,99964,100,100118,100,99958,100,100120,100,99946,100
2019-06-28 09:38:20.795955521,100045,188,100033,188,100061,185,100002,185,100062,185,99995,185,100087,100,99990,200,100094,100,99979,100,100098,100,99974,100,100109,100,99971,100,100118,100,99964,100,100120,100,99958,100,100133,100,99946,100
2019-06-28 09:38:30.000000000,100045,230,100033,230,100061,230,100002,230,100062,100,99995,100,100087,100,99990,200,100094,100,99979,100,100098,100,99974,100,100109,100,99971,100,100118,100,99964,100,100120,100,99958,100,100133,100,99946,100
2019-06-28 09:38:40.000000000,100045,165,100033,165,100061,165,100002,165,100062,165,99995,165,100087,165,99990,265,100094,100,99979,100,100098,100,99974,100,100109,100,99971,100,100118,100,99964,100,100120,100,99958,100,100133,100,99946,100
2019-06-28 09:38:43.126964411,100045,165,100033,165,100061,165,100002,165,100062,165,99995,165,100087,165,99990,265,100094,100,99979,100,100098,200,99974,100,100109,100,99971,100,100120,100,99964,100,100133,100,99958,100,100138,100,99946,100
2019-06-28 09:38:50.000000000,100045,359,100033,359,100061,100,100002,100,100062,100,99995,100,100087,100,99990,200,100094,100,99979,100,100098,200,99974,100,100109,100,99971,100,100120,100,99964,100,100133,100,99958,100,100138,100,99946,100
2019-06-28 09:39:00.000000000,100045,188,100033,188,100061,185,100002,185,100062,185,99995,185,100087,100,99990,200,100094,100,99979,100,100098,200,99974,100,100109,100,99971,100,100120,100,99964,100,100133,100,99958,100,100138,100,99946,100
2019-06-28 09:39:10.000000000,100045,165,100033,165,100061,165,100002,165,100062,165,99995,165,100087,165,99990,265,100094,100,99979,100,100098,200,99974,100,100109,100,99971,100,100120,100,99964,100,100133,100,99958,100,100138,100,99946,100
2019-06-28 09:39:20.000000000,100045,165,100033,165,100061,165,100002,165,100062,165,99995,165,100087,165,99990,265,100094,100,99979,100,100098,200,99974,100,100109,100,99971,100,100120,100,99964,100,100133,100,99958,100,100138,100,99946,100
2019-06-28 09:39:22.111992092,100045,165,100033,165,100061,165,100002,165,100062,165,99995,165,100087,165,99990,265,100094,100,99974,100,100098,200,99971,100,100109,100,99964,100,100120,100,99958,100,100133,100,99946,100,100138,100,99937,100
2019-06-28 09:39:23.332130899,100045,165,100033,165,100061,165,100016,100,100062,165,100002,165,100087,165,99995,165,100094,100,99990,265,100098,200,99974,100,100109,100,99971,100,100120,100,99964,100,100133,100,99958,100,100138,100,99946,100
2019-06-28 09:39:24.603159470,100045,165,100033,165,100058,100,100016,100,100061,165,100002,165,100062,165,99995,165,100087,165,99990,265,100094,100,99974,100,100098,200,99971,100,100109,100,99964,100,100120,100,99958,100,100133,100,99946,100
2019-06-28 09:39:30.000000000,100045,152,100033,152,100058,152,100016,152,100061,152,100002,152,100062,152,99995,152,100087,152,99990,252,100094,100,99974,100,100098,200,99971,100,100109,100,99964,100,100120,100,99958,100,100133,100,99946,100
2019-06-28 09:39:40.000000000,100045,165,100033,165,100058,165,100016,165,100061,165,100002,165,100062,165,99995,165,100087,100,99990,200,100094,100,99974,100,100098,200,99971,100,100109,100,99964,100,100120,100,99958,100,100133,100,99946,100
2019-06-28 09:39:50.000000000,100045,165,100033,165,100058,165,100016,165,100061,165,100002,165,100062,165,99995,165,100087,100,99990,200,100094,100,99974,100,100098,200,99971,100,100109,100,99964,100,100120,100,99958,100,100133,100,99946,100
2019-06-28 09:39:53.937149385,100045,165,100033,165,100058,265,100016,165,100061,165,100002,165,100062,165,99995,165,100087,100,99990,200,100094,100,99974,100,100098,200,99971,100,100109,100,99964,100,100120,100,99958,100,100133,100,99946,100
2019-06-28 09:40:00.000000000,100045,165,100033,165,100058,265,100016,165,100061,165,100002,165,100062,165,99995,165,100087,100,99990,200,100094,100,99974,100,100098,200,99971,100,100109,100,99964,100,100120,100,99958,100,100133,100,99946,100
2019-06-28 09:40:01.210305101,100045,165,100033,165,100058,265,100016,165,100061,165,100002,165,100062,165,99995,165,100087,100,99990,200,100094,100,99974,100,100098,200,99971,100,100109,100,99964,100,100120,100,99958,100,100133,100,99946,100
2019-06-28 09:40:10.000000000,100045,230,100033,230,100058,330,100016,230,100061,100,100002,100,100062,100,99995,100,100087,100,99990,200,100094,100,99974,100,100098,200,99971,100,100109,100,99964,100,100120,100,99958,100,100133,100,99946,100
2019-06-28 09:40:10.001762593,100045,230,100033,230,100058,330,100016,230,100061,100,100002,100,100062,100,99995,100,100087,100,99990,200,100094,100,99974,100,100098,200,99971,100,100109,100,99964,100,100120,100,99958,100,100133,100,99946,100
2019-06-28 09:40:19.035276864,100045,230,100033,230,100058,330,100016,230,100061,100,100002,100,100062,100,99995,100,100087,100,99990,200,100094,100,99974,100,100098,200,99971,100,100109,100,99964,100,100133,100,99958,100,100138,100,99946,100
2019-06-28 09:40:20.000000000,100045,188,100033,188,100058,285,100016,185,100061,185,100002,185,100062,100,99995,100,100087,100,99990,200,100094,100,99974,100,100098,200,99971,100,100109,100,99964,100,100133,100,99958,100,100138,100,99946,100
2019-06-28 09:40:25.771050566,100045,188,100033,188,100058,285,100016,185,100061,185,100002,185,100062,100,99995,100,100087,100,99990,200,100094,100,99971,100,100098,200,99964,100,100109,100,99958,100,100133,100,99946,100,100138,100,99937,100
2019-06-28 09:40:30.000000000,100045,230,100033,230,100058,330,100016,230,100061,100,100002,100,100062,100,99995,100,100087,100,99990,200,100094,100,99971,100,100098,200,99964,100,100109,100,99958,100,100133,100,99946,100,100138,100,99937,100
2019-06-28 09:40:40.000000000,100045,230,100033,230,100058,330,100016,230,100061,100,100002,100,100062,100,99995,100,100087,100,99990,200,100094,100,99971,100,100098,200,99964,100,100109,100,99958,100,100133,100,99946,100,100138,100,99937,100
2019-06-28 09:40:42.791578152,100045,230,100033,130,100058,330,100016,230,100061,100,100002,100,100062,100,99995,100,100087,100,99990,200,100094,100,99971,100,100098,200,99964,100,100109,100,99958,100,100133,100,99946,100,100138,100,99937,100
2019-06-28 09:40:50.000000000,100045,165,100016,165,100058,265,100002,165,100061,165,99995,165,100062,165,99990,265,100087,100,99971,100,100094,100,99964,100,100098,200,99958,100,100109,100,99946,100,100133,100,99937,100,100138,100,99913,100
2019-06-28 09:40:55.497424029,100045,165,100016,65,100058,265,100002,165,100061,165,99995,165,100062,165,99990,265,100087,100,99971,100,100094,100,99964,100,100098,200,99958,100,100109,100,99946,100,100133,100,99937,100,100138,100,99913,100
2019-06-28 09:41:00.000000000,100045,165,100002,165,100058,265,99995,165,100061,165,99990,265,100062,165,99971,165,100087,100,99964,100,100094,100,99958,100,100098,200,99946,100,100109,100,99937,100,100133,100,99913,100,100138,100,99902,100
2019-06-28 09:41:01.633667801,100045,165,100002,65,100058,265,99995,165,100061,165,99990,265,100062,165,99971,165,100087,100,99964,100,100094,100,99958,100,100098,200,99946,100,100109,100,99937,100,100133,100,99913,100,100138,100,99902,100
2019-06-28 09:41:07.941507794,100045,165,100002,65,100058,265,99995,165,100061,165,99990,265,100062,165,99971,165,100087,100,99964,100,100094,100,99958,100,100098,200,99946,100,100109,100,99937,100,100133,100,99913,100,100138,100,99902,100
2019-06-28 09:41:10.000000000,100045,359,99995,359,100058,200,99990,200,100061,100,99971,100,100062,100,99964,100,100087,100,99958,100,100094,100,99946,100,100098,200,99937,100,100109,100,99913,100,100133,100,99902,100,100138,100,99892,100
2019-06-28 09:41:20.000000000,100045,152,99995,152,100058,252,99990,252,100061,152,99971,152,100062,152,99964,152,100087,152,99958,152,100094,100,99946,100,100098,200,99937,100,100109,100,99913,100,100133,100,99902,100,100138,100,99892,100
2019-06-28 09:41:29.111391921,100045,152,99995,152,100058,252,99990,252,100061,152,99971,152,100062,152,99964,152,100087,152,99958,152,100094,100,99946,100,100098,200,99937,100,100109,100,99913,100,100133,100,99902,100,100138,100,99892,100
2019-06-28 09:41:30.000000000,100045,230,99995,230,100058,330,99990,330,100061,100,99971,100,100062,100,99964,100,100087,100,99958,100,100094,100,99946,100,100098,200,99937,100,100109,100,99913,100,100133,100,99902,100,100138,100,99892,100
2019-06-28 09:41:37.206801168,100045,230,99995,230,100058,330,99990,330,100061,100,99971,100,100062,100,99964,100,100087,100,99958,100,100094,100,99946,100,100098,200,99937,100,100109,100,99902,100,100133,100,99892,100,100138,100,99887,100
2019-06-28 09:41:40.000000000,100045,230,99995,230,100058,330,99990,330,100061,100,99971,100,100062,100,99964,100,100087,100,99958,100,100094,100,99946,100,100098,200,99937,100,100109,100,99902,100,100133,100,99892,100,100138,100,99887,100
2019-06-28 09:41:41.979933719,100045,230,99995,130,100058,330,99990,330,100061,100,99971,100,100062,100,99964,100,100087,100,99958,100,100094,100,99946,100,100098,200,99937,100,100109,100,99902,100,100133,100,99887,100,100138,100,99871,100
2019-06-28 09:41:50.000000000,100045,359,99990,459,100058,200,99971,100,100061,100,99964,100,100062,100,99958,100,100087,100,99946,100,100094,100,99937,100,100098,200,99902,100,100109,100,99887,100,100133,100,99871,100,100138,100,99652,100
2019-06-28 09:42:00.000000000,100045,152,99990,252,100058,252,99971,152,100061,152,99964,152,100062,152,99958,152,100087,152,99946,152,100094,100,99937,100,100098,200,99902,100,100109,100,99887,100,100133,100,99871,100,100138,100,99652,100
2019-06-28 09:42:05.722346030,100045,152,99990,252,100058,252,99971,152,100061,152,99964,152,100062,152,99958,152,100087,152,99946,152,100094,100,99937,100,100098,200,99902,100,100109,100,99887,100,100133,100,99871,100,100138,100,99652,100
2019-06-28 09:42:10.000000000,100045,152,99990,252,100058,252,99971,152,100061,152,99964,152,100062,152,99958,152,100087,152,99946,152,100094,100,99937,100,100098,200,99902,100,100109,100,99887,100,100133,100,99871,100,100138,100,99652,100
2019-06-28 09:42:16.710556351,100045,152,99990,252,100058,252,99971,152,100061,152,99964,152,100062,152,99958,152,100087,152,99946,152,100094,100,99937,100,100098,200,99902,100,100109,100,99887,100,100133,100,99871,100,100138,100,99652,100
2019-06-28 09:42:20.000000000,100045,188,99990,288,100058,285,99971,185,100061,185,99964,185,100062,100,99958,100,100087,100,99946,100,100094,100,99937,100,100098,200,99902,100,100109,100,99887,100,100133,100,99871,100,100138,100,99652,100
2019-06-28 09:42:26.436797546,100045,188,99990,288,100058,285,99971,185,100061,185,99964,185,100062,100,99958,100,100087,100,99946,100,100094,100,99937,100,100098,200,99902,100,100109,100,99887,100,100133,100,99871,100,100138,100,99652,100
2019-06-28 09:42:26.625384993,100045,188,99990,288,100058,285,99971,185,100061,185,99964,185,100062,100,99958,100,100087,100,99946,100,100094,100,99902,100,100098,200,99887,100,100109,100,99871,100,100133,100,99652,100,100138,100,99636,100
2019-06-28 09:42:30.000000000,100045,165,99990,265,100058,265,99971,165,100061,165,99964,165,100062,165,99958,165,100087,100,99946,100,100094,100,99902,100,100098,200,99887,100,100109,100,99871,100,100133,100,99652,100,100138,100,99636,100
2019-06-28 09:42:40.000000000,100045,359,99990,459,100058,200,99971,100,100061,100,99964,100,100062,100,99958,100,100087,100,99946,100,100094,100,99902,100,100098,200,99887,100,100109,100,99871,100,100133,100,99652,100,100138,100,99636,100
2019-06-28 09:42:50.000000000,100045,359,99990,459,100058,200,99971,100,100061,100,99964,100,100062,100,99958,100,100087,100,99946,100,100094,100,99902,100,100098,200,99887,100,100109,100,99871,100,100133,100,99652,100,100138,100,99636,100
2019-06-28 09:42:53.756360870,100002,100,99990,459,100045,359,99971,100,100058,200,99964,100,100061,100,99958,100,100062,100,99946,100,100087,100,99902,100,100094,100,99887,100,100098,200,99871,100,100109,100,99652,100,100133,100,99636,100
2019-06-28 09:43:00.000000000,100002,359,99990,459,100045,100,99971,100,100058,200,99964,100,100061,100,99958,100,100062,100,99946,100,100087,100,99902,100,100094,100,99887,100,100098,200,99871,100,100109,100,99652,100,100133,100,99636,100
2019-06-28 09:43:06.244011174,100002,359,99990,459,100045,100,99971,100,100058,200,99964,100,100061,100,99958,100,100062,100,99946,100,100087,100,99902,100,100094,100,99887,100,100098,200,99871,100,100109,100,99793,100,100133,100,99652,100
2019-06-28 09:43:10.000000000,100002,230,99990,330,100045,230,99971,230,100058,200,99964,100,100061,100,99958,100,100062,100,99946,100,100087,100,99902,100,100094,100,99887,100,100098,200,99871,100,100109,100,99793,100,100133,100,99652,100
2019-06-28 09:43:20.000000000,100002,152,99990,252,100045,152,99971,152,100058,252,99964,152,100061,152,99958,152,100062,152,99946,152,100087,100,99902,100,100094,100,99887,100,100098,200,99871,100,100109,100,99793,100,100133,100,99652,100
2019-06-28 09:43:30.000000000,100002,359,99990,459,100045,100,99971,100,100058,200,99964,100,100061,100,99958,100,100062,100,99946,100,100087,100,99902,100,100094,100,99887,100,100098,200,99871,100,100109,100,99793,100,100133,100,99652,100
2019-06-28 09:43:32.058591016,100002,459,99990,459,100045,100,99971,100,100058,200,99964,100,100061,100,99958,100,100062,100,99946,100,100087,100,99902,100,100094,100,99887,100,100098,200,99871,100,100109,100,99793,100,100133,100,99652,100
2019-06-28 09:43:33.990416803,100002,459,99990,459,100045,100,99971,100,100058,100,99964,100,100061,100,99958,100,100062,100,99946,100,100087,100,99902,100,100094,100,99887,100,100098,200,99871,100,100109,100,99793,100,100133,100,99652,100
2019-06-28 09:43:40.000000000,100002,252,99990,252,100045,152,99971,152,100058,152,99964,152,100061,152,99958,152,100062,152,99946,152,100087,100,99902,100,100094,100,99887,100,100098,200,99871,100,100109,100,99793,100,100133,100,99652,100
2019-06-28 09:43:44.364671161,100002,252,99990,152,100045,152,99971,152,100058,152,99964,152,100061,152,99958,152,100062,152,99946,152,100087,100,99902,100,100094,100,99887,100,100098,200,99871,100,100109,100,99793,100,100133,100,99652,100
2019-06-28 09:43:50.000000000,100002,252,99990,152,100045,152,99971,152,100058,152,99964,152,100061,152,99958,152,100062,152,99946,152,100087,100,99902,100,100094,100,99887,100,100098,200,99871,100,100109,100,99793,100,100133,100,99652,100
2019-06-28 09:43:58.327477451,100002,252,99990,152,100045,152,99971,152,100058,152,99964,152,100061,152,99958,152,100062,152,99946,152,100087,100,99902,100,100094,100,99887,100,100098,200,99871,100,100109,100,99793,100,100133,100,99691,100
2019-06-28 09:44:00.000000000,100002,265,99990,165,100045,165,99971,165,100058,165,99964,165,100061,165,99958,165,100062,100,99946,100,100087,100,99902,100,100094,100,99887,100,100098,200,99871,100,100109,100,99793,100,100133,100,99691,100
2019-06-28 09:44:10.000000000,100002,265,99990,165,100045,165,99971,165,100058,165,99964,165,100061,165,99958,165,100062,100,99946,100,100087,100,99902,100,100094,100,99887,100,100098,200,99871,100,100109,100,99793,100,100133,100,99691,100
2019-06-28 09:44:19.658135840,100002,265,99990,65,100045,165,99971,165,100058,165,99964,165,100061,165,99958,165,100062,100,99946,100,100087,100,99902,100,100094,100,99887,100,100098,200,99871,100,100109,100,99793,100,100133,100,99691,100
2019-06-28 09:44:20.000000000,100002,265,99971,165,100045,165,99964,165,100058,165,99958,165,100061,165,99946,165,100062,100,99902,100,100087,100,99887,100,100094,100,99871,100,100098,200,99793,100,100109,100,99691,100,100133,100,99652,100
2019-06-28 09:44:30.000000000,100002,330,99971,230,100045,230,99964,230,100058,100,99958,100,100061,100,99946,100,100062,100,99902,100,100087,100,99887,100,100094,100,99871,100,100098,200,99793,100,100109,100,99691,100,100133,100,99652,100
2019-06-28 09:44:35.735589785,99990,100,99971,230,100002,330,99964,230,100045,230,99958,100,100058,100,99946,100,100061,100,99902,100,100062,100,99887,100,100087,100,99871,100,100094,100,99793,100,100098,200,99691,100,100109,100,99652,100
2019-06-28 09:44:40.000000000,99990,359,99971,359,100002,200,99964,100,100045,100,99958,100,100058,100,99946,100,100061,100,99902,100,100062,100,99887,100,100087,100,99871,100,100094,100,99793,100,100098,200,99691,100,100109,100,99652,100
2019-06-28 09:44:50.000000000,99990,165,99971,165,100002,265,99964,165,100045,165,99958,165,100058,165,99946,165,100061,100,99902,100,100062,100,99887,100,100087,100,99871,100,100094,100,99793,100,100098,200,99691,100,100109,100,99652,100
2019-06-28 09:44:53.605503940,99990,265,99971,165,100002,265,99964,165,100045,165,99958,165,100058,165,99946,165,100061,100,99902,100,100062,100,99887,100,100087,100,99871,100,100094,100,99793,100,100098,200,99691,100,100109,100,99652,100
2019-06-28 09:44:58.908289376,99990,265,99971,165,100002,265,99964,165,100045,165,99958,165,100058,165,99946,165,100061,100,99902,100,100062,100,99887,100,100087,100,99871,100,100094,100,99793,100,100098,200,99691,100,100109,100,99652,100
2019-06-28 09:45:00.000000000,99990,330,99971,230,100002,330,99964,230,100045,100,99958,100,100058,100,99946,100,100061,100,99902,100,100062,100,99887,100,100087,100,99871,100,100094,100,99793,100,100098,200,99691,100,100109,100,99652,100
2019-06-28 09:45:10.000000000,99990,252,99971,152,100002,252,99964,152,100045,152,99958,152,100058,152,99946,152,100061,152,99902,152,100062,100,99887,100,100087,100,99871,100,100094,100,99793,100,100098,200,99691,100,100109,100,99652,100
2019-06-28 09:45:20.000000000,99990,288,99971,188,100002,285,99964,185,100045,185,99958,185,100058,100,99946,100,100061,100,99902,100,100062,100,99887,100,100087,100,99871,100,100094,100,99793,100,100098,200,99691,100,100109,100,99652,100
2019-06-28 09:45:29.896350868,99990,288,99971,88,100002,285,99964,185,100045,185,99958,185,100058,100,99946,100,100061,100,99887,100,100062,100,99871,100,100087,100,99793,100,100094,100,99691,100,100098,200,99652,100,100109,100,99636,100
2019-06-28 09:45:30.000000000,99990,330,99964,230,100002,330,99958,230,100045,100,99946,100,100058,100,99887,100,100061,100,99871,100,100062,100,99793,100,100087,100,99691,100,100094,100,99652,100,100098,200,99636,100,100109,100,99610,100
2019-06-28 09:45:30.645663519,99990,330,99964,130,100002,330,99958,230,100045,100,99946,100,100058,100,99887,100,100061,100,99871,100,100062,100,99793,100,100087,100,99691,100,100094,100,99652,100,100098,200,99636,100,100109,100,99610,100
2019-06-28 09:45:40.000000000,99990,330,99958,230,100002,330,99946,230,100045,100,99887,100,100058,100,99871,100,100061,100,99793,100,100062,100,99691,100,100087,100,99652,100,100094,100,99636,100,100098,200,99610,100,100109,100,99599,100
2019-06-28 09:45:50.000000000,99990,459,99958,359,100002,200,99946,100,100045,100,99887,100,100058,100,99871,100,100061,100,99793,100,100062,100,99691,100,100087,100,99652,100,100094,100,99636,100,100098,200,99610,100,100109,100,99599,100
2019-06-28 09:46:00.000000000,99990,265,99958,165,100002,265,99946,165,100045,165,99887,165,100058,165,99871,165,100061,100,99793,100,100062,100,99691,100,100087,100,99652,100,100094,100,99636,100,100098,200,99610,100,100109,100,99599,100
2019-06-28 09:46:02.084882487,99990,265,99958,165,100002,265,99946,165,100045,165,99887,165,100058,165,99871,165,100061,100,99793,100,100062,100,99691,100,100087,100,99652,100,100094,100,99636,100,100098,200,99610,100,100109,100,99599,100
2019-06-28 09:46:10.000000000,99990,265,99958,165,100002,265,99946,165,100045,165,99887,165,100058,165,99871,165,100061,100,99793,100,100062,100,99691,100,100087,100,99652,100,100094,100,99636,100,100098,200,99610,100,100109,100,99599,100
2019-06-28 09:46:16.951858765,99971,100,99958,165,99990,265,99946,165,100002,265,99887,165,100045,165,99871,165,100058,165,99793,100,100061,100,99691,100,100062,100,99652,100,100087,100,99636,100,100094,100,99610,100,100098,200,99599,100
2019-06-28 09:46:20.000000000,99971,188,99958,188,99990,285,99946,185,100002,285,99887,185,100045,100,99871,100,100058,100,99793,100,100061,100,99691,100,100062,100,99652,100,100087,100,99636,100,100094,100,99610,100,100098,200,99599,100
2019-06-28 09:46:30.000000000,99971,188,99958,188,99990,285,99946,185,100002,285,99887,185,100045,100,99871,100,100058,100,99793,100,100061,100,99691,100,100062,100,99652,100,100087,100,99636,100,100094,100,99610,100,100098,200,99599,100
2019-06-28 09:46:40.000000000,99971,359,99958,359,99990,200,99946,100,100002,200,99887,100,100045,100,99871,100,100058,100,99793,100,100061,100,99691,100,100062,100,99652,100,100087,100,99636,100,100094,100,99610,100,100098,200,99599,100
2019-06-28 09:46:47.658768705,99971,359,99958,359,99990,200,99946,100,100002,200,99887,100,100045,100,99871,100,100058,100,99793,100,100061,100,99691,100,100062,100,99652,100,100087,100,99648,100,100094,100,99610,100,100098,200,99599,100
2019-06-28 09:46:50.000000000,99971,359,99958,359,99990,200,99946,100,100002,200,99887,100,100045,100,99871,100,100058,100,99793,100,100061,100,99691,100,100062,100,99652,100,100087,100,99648,100,100094,100,99610,100,100098,200,99599,100
2019-06-28 09:47:00.000000000,99971,359,99958,359,99990,200,99946,100,100002,200,99887,100,100045,100,99871,100,100058,100,99793,100,100061,100,99691,100,100062,100,99652,100,100087,100,99648,100,100094,100,99610,100,100098,200,99599,100
2019-06-28 09:47:10.000000000,99971,188,99958,188,99990,285,99946,185,100002,285,99887,185,100045,100,99871,100,100058,100,99793,100,100061,100,99691,100,100062,100,99652,100,100087,100,99648,100,100094,100,99610,100,100098,200,99599,100
2019-06-28 09:47:20.000000000,99971,359,99958,359,99990,200,99946,100,100002,200,99887,100,100045,100,99871,100,100058,100,99793,100,100061,100,99691,100,100062,100,99652,100,100087,100,99648,100,100094,100,99610,100,100098,200,99599,100
2019-06-28 09:47:30.000000000,99971,165,99958,165,99990,265,99946,165,100002,265,99887,165,100045,165,99871,165,100058,100,99793,100,100061,100,99691,100,100062,100,99652,100,100087,100,99648,100,100094,100,99610,100,100098,200,99599,100
2019-06-28 09:47:40.000000000,99971,165,99958,165,99990,265,99946,165,100002,265,99887,165,100045,165,99871,165,100058,100,99793,100,100061,100,99691,100,100062,100,99652,100,100087,100,99648,100,100094,100,99610,100,100098,200,99599,100
2019-06-28 09:47:45.453206814,99971,165,99958,65,99990,265,99946,165,100002,265,99887,165,100045,165,99871,165,100058,100,99793,100,100061,100,99691,100,100062,100,99652,100,100087,100,99648,100,100094,100,99610,100,100098,200,99599,100
2019-06-28 09:47:46.738248407,99958,35,99946,165,99971,165,99887,165,99990,265,99871,165,100002,265,99793,100,100045,165,99691,100,100058,100,99648,100,100061,100,99610,100,100062,100,99599,100,100087,100,99564,100,100094,100,99524,100
2019-06-28 09:47:50.000000000,99958,294,99946,359,99971,100,99887,100,99990,200,99871,100,100002,200,99793,100,100045,100,99691,100,100058,100,99648,100,100061,100,99610,100,100062,100,99599,100,100087,100,99564,100,100094,100,99524,100
2019-06-28 09:48:00.000000000,99958,165,99946,230,99971,230,99887,230,99990,200,99871,100,100002,200,99793,100,100045,100,99691,100,100058,100,99648,100,100061,100,99610,100,100062,100,99599,100,100087,100,99564,100,100094,100,99524,100
2019-06-28 09:48:10.000000000,99958,87,99946,152,99971,152,99887,152,99990,252,99871,152,100002,252,99793,152,100045,152,99691,152,100058,100,99648,100,100061,100,99610,100,100062,100,99599,100,100087,100,99564,100,100094,100,99524,100
2019-06-28 09:48:13.265988138,99958,87,99946,152,99971,152,99887,152,99990,252,99871,52,100002,252,99793,152,100045,152,99691,152,100058,100,99648,100,100061,100,99610,100,100062,100,99599,100,100087,100,99564,100,100094,100,99524,100
2019-06-28 09:48:20.000000000,99958,165,99946,230,99971,230,99887,230,99990,200,99793,100,100002,200,99691,100,100045,100,99648,100,100058,100,99610,100,100061,100,99599,100,100062,100,99564,100,100087,100,99524,100,100094,100,99490,100
2019-06-28 09:48:30.000000000,99958,87,99946,152,99971,152,99887,152,99990,252,99793,152,100002,252,99691,152,100045,152,99648,152,100058,100,99610,100,100061,100,99599,100,100062,100,99564,100,100087,100,99524,100,100094,100,99490,100
2019-06-28 09:48:40.000000000,99958,294,99946,359,99971,100,99887,100,99990,200,99793,100,100002,200,99691,100,100045,100,99648,100,100058,100,99610,100,100061,100,99599,100,100062,100,99564,100,100087,100,99524,100,100094,100,99490,100
2019-06-28 09:48:50.000000000,99958,294,99946,359,99971,100,99887,100,99990,200,99793,100,100002,200,99691,100,100045,100,99648,100,100058,100,99610,100,100061,100,99599,100,100062,100,99564,100,100087,100,99524,100,100094,100,99490,100
2019-06-28 09:48:54.214431174,99958,294,99946,359,99971,100,99887,100,99990,200,99793,100,100002,100,99691,100,100045,100,99648,100,100058,100,99610,100,100061,100,99599,100,100062,100,99564,100,100087,100,99524,100,100094,100,99490,100
2019-06-28 09:49:00.000000000,99958,100,99946,165,99971,165,99887,165,99990,265,99793,165,100002,165,99691,165,100045,100,99648,100,100058,100,99610,100,100061,100,99599,100,100062,100,99564,100,100087,100,99524,100,100094,100,99490,100
2019-06-28 09:49:01.734194819,99958,100,99946,65,99971,165,99887,165,99990,265,99793,165,100002,165,99691,165,100045,100,99648,100,100058,100,99610,100,100061,100,99599,100,100062,100,99564,100,100087,100,99524,100,100094,100,99490,100
2019-06-28 09:49:10.000000000,99958,123,99887,188,99971,185,99793,185,99990,285,99691,185,100002,100,99648,100,100045,100,99610,100,100058,100,99599,100,100061,100,99564,100,100062,100,99524,100,100087,100,99490,100,100094,100,99436,100
2019-06-28 09:49:12.095694234,99958,123,99887,88,99971,185,99793,185,99990,285,99691,185,100002,100,99648,100,100045,100,99610,100,100058,100,99599,100,100061,100,99564,100,100062,100,99524,100,100094,100,99490,100,100098,200,99436,100
2019-06-28 09:49:20.000000000,99958,165,99793,230,99971,230,99691,230,99990,200,99648,100,100002,100,99610,100,100045,100,99599,100,100058,100,99564,100,100061,100,99524,100,100062,100,99490,100,100094,100,99436,100,100098,200,99314,100
2019-06-28 09:49:30.000000000,99958,123,99793,188,99971,185,99691,185,99990,285,99648,185,100002,100,99610,100,100045,100,99599,100,100058,100,99564,100,100061,100,99524,100,100062,100,99490,100,100094,100,99436,100,100098,200,99314,100
2019-06-28 09:49:40.000000000,99958,165,99793,230,99971,230,99691,230,99990,200,99648,100,100002,100,99610,100,100045,100,99599,100,100058,100,99564,100,100061,100,99524,100,100062,100,99490,100,100094,100,99436,100,100098,200,99314,100
2019-06-28 09:49:46.724752669,99946,100,99793,230,99958,165,99691,230,99971,130,99648,100,99990,200,99610,100,100002,100,99599,100,100045,100,99564,100,100058,100,99524,100,100061,100,99490,100,100062,100,99436,100,100094,100,99314,100
2019-06-28 09:49:50.000000000,99946,152,99793,152,99958,87,99691,152,99990,252,99648,152,100002,152,99610,152,100045,152,99599,152,100058,100,99564,100,100061,100,99524,100,100062,100,99490,100,100094,100,99436,100,100098,200,99314,100
2019-06-28 09:49:52.764862077,99926,100,99793,152,99946,152,99691,152,99958,87,99648,152,99990,252,99610,152,100002,152,99599,152,100045,152,99564,100,100058,100,99524,100,100061,100,99490,100,100062,100,99436,100,100094,100,99314,100
2019-06-28 09:50:00.000000000,99926,230,99793,230,99946,230,99691,230,99958,35,99648,100,99990,200,99610,100,100002,100,99599,100,100045,100,99564,100,100058,100,99524,100,100061,100,99490,100,100062,100,99436,100,100094,100,99314,100
2019-06-28 09:50:00.970004955,99926,230,99793,230,99946,330,99691,230,99958,35,99648,100,99990,200,99610,100,100002,100,99599,100,100045,100,99564,100,100058,100,99524,100,100061,100,99490,100,100062,100,99436,100,100094,100,99314,100
2019-06-28 09:50:07.803201398,99926,230,99793,130,99946,330,99691,230,99958,35,99648,100,99990,200,99610,100,100002,100,99564,100,100045,100,99524,100,100058,100,99490,100,100061,100,99436,100,100062,100,99314,100,100094,100,99216,100
2019-06-28 09:50:08.205092744,99926,230,99793,130,99946,330,99691,230,99958,35,99672,100,99990,200,99648,100,100002,100,99610,100,100045,100,99564,100,100058,100,99524,100,100061,100,99490,100,100062,100,99314,100,100094,100,99216,100
2019-06-28 09:50:10.000000000,99926,188,99691,188,99946,285,99672,185,99958,120,99648,185,99990,200,99610,100,100002,100,99564,100,100045,100,99524,100,100058,100,99490,100,100061,100,99314,100,100062,100,99216,100,100094,100,,
2019-06-28 09:50:19.426644535,99926,88,99691,188,99946,285,99672,185,99958,120,99648,185,99990,200,99610,100,100002,100,99564,100,100045,100,99524,100,100058,100,99490,100,100061,100,99314,100,100094,100,99216,100,100098,100,,
2019-06-28 09:50:20.000000000,99946,288,99691,188,99958,120,99672,185,99990,285,99648,185,100002,100,99610,100,100045,100,99564,100,100058,100,99524,100,100061,100,99490,100,100094,100,99314,100,100098,100,99216,100,100109,100,,
2019-06-28 09:50:30.000000000,99946,288,99691,188,99958,120,99672,185,99990,285,99648,185,100002,100,99610,100,100045,100,99564,100,100058,100,99524,100,100061,100,99490,100,100094,100,99314,100,100098,100,99216,100,100109,100,,
2019-06-28 09:50:32.097002221,99925,100,99691,188,99946,288,99672,185,99958,120,99648,185,99990,285,99610,100,100002,100,99564,100,100045,100,99524,100,100058,100,99490,100,100061,100,99314,100,100094,100,99216,100,100098,100,,
2019-06-28 09:50:32.699375332,99925,100,99691,188,99946,288,99672,185,99958,120,99648,185,99990,285,99610,100,100002,100,99564,100,100045,100,99524,100,100054,100,99490,100,100058,100,99314,100,100061,100,99216,100,100094,100,,
2019-06-28 09:50:40.000000000,99925,165,99691,165,99946,265,99672,165,99958,100,99648,165,99990,265,99610,165,100002,100,99564,100,100045,100,99524,100,100054,100,99490,100,100058,100,99314,100,100061,100,99216,100,100094,100,,
2019-06-28 09:50:50.000000000,99925,188,99691,188,99946,285,99672,185,99958,120,99648,185,99990,200,99610,100,100002,100,99564,100,100045,100,99524,100,100054,100,99490,100,100058,100,99314,100,100061,100,99216,100,100094,100,,
2019-06-28 09:51:00.000000000,99925,230,99691,230,99946,330,99672,230,99958,35,99648,100,99990,200,99610,100,100002,100,99564,100,100045,100,99524,100,100054,100,99490,100,100058,100,99314,100,100061,100,99216,100,100094,100,,
2019-06-28 09:51:04.627883559,99925,230,99691,230,99946,330,99672,230,99958,35,99658,100,99990,200,99648,100,100002,100,99610,100,100045,100,99564,100,100054,100,99524,100,100058,100,99490,100,100061,100,99314,100,100094,100,99216,100
2019-06-28 09:51:10.000000000,99925,152,99691,152,99946,252,99672,152,99958,87,99658,152,99990,252,99648,152,100002,152,99610,152,100045,100,99564,100,100054,100,99524,100,100058,100,99490,100,100061,100,99314,100,100094,100,99216,100
2019-06-28 09:51:20.000000000,99925,230,99691,230,99946,330,99672,230,99958,35,99658,100,99990,200,99648,100,100002,100,99610,100,100045,100,99564,100,100054,100,99524,100,100058,100,99490,100,100061,100,99314,100,100094,100,99216,100
2019-06-28 09:51:27.016151367,99872,100,99691,230,99925,230,99672,230,99946,330,99658,100,99958,35,99610,100,99990,200,99564,100,100002,100,99524,100,100045,100,99490,100,100054,100,99314,100,100058,100,99216,100,100061,100,,
2019-06-28 09:51:30.000000000,99872,165,99691,165,99925,165,99672,165,99946,265,99658,165,99958,100,99610,165,99990,200,99564,100,100002,100,99524,100,100045,100,99490,100,100054,100,99314,100,100058,100,99216,100,100061,100,,
2019-06-28 09:51:34.863524688,99872,165,99691,165,99925,265,99672,165,99946,265,99658,165,99958,100,99610,165,99990,200,99564,100,100002,100,99524,100,100045,100,99490,100,100054,100,99314,100,100058,100,99216,100,100061,100,,
2019-06-28 09:51:40.000000000,99872,152,99691,152,99925,252,99672,152,99946,252,99658,152,99958,87,99610,152,99990,252,99564,152,100002,100,99524,100,100045,100,99490,100,100054,100,99314,100,100058,100,99216,100,100061,100,,
2019-06-28 09:51:50.000000000,99872,359,99691,359,99925,200,99672,100,99946,200,99658,100,99958,35,99610,100,99990,200,99564,100,100002,100,99524,100,100045,100,99490,100,100054,100,99314,100,100058,100,99216,100,100061,100,,
2019-06-28 09:51:57.808467866,99872,359,99691,359,99925,200,99672,100,99946,200,99658,100,99958,35,99610,100,99990,200,99564,100,100002,100,99560,100,100045,100,99524,100,100054,100,99490,100,100058,100,99314,100,100061,100,99216,100
2019-06-28 09:52:00.000000000,99872,165,99691,165,99925,265,99672,165,99946,265,99658,165,99958,100,99610,165,99990,200,99564,100,100002,100,99560,100,100045,100,99524,100,100054,100,99490,100,100058,100,99314,100,100061,100,99216,100
2019-06-28 09:52:10.000000000,99872,359,99691,359,99925,200,99672,100,99946,200,99658,100,99958,35,99610,100,99990,200,99564,100,100002,100,99560,100,100045,100,99524,100,100054,100,99490,100,100058,100,99314,100,100061,100,99216,100
2019-06-28 09:52:20.000000000,99872,152,99691,152,99925,252,99672,152,99946,252,99658,152,99958,87,99610,152,99990,252,99564,152,100002,100,99560,100,100045,100,99524,100,100054,100,99490,100,100058,100,99314,100,100061,100,99216,100
2019-06-28 09:52:30.000000000,99872,188,99691,188,99925,285,99672,185,99946,285,99658,185,99958,35,99610,100,99990,200,99564,100,100002,100,99560,100,100045,100,99524,100,100054,100,99490,100,100058,100,99314,100,100061,100,99216,100
2019-06-28 09:52:40.000000000,99872,188,99691,188,99925,285,99672,185,99946,285,99658,185,99958,35,99610,100,99990,200,99564,100,100002,100,99560,100,100045,100,99524,100,100054,100,99490,100,100058,100,99314,100,100061,100,99216,100
2019-06-28 09:52:47.203292067,99872,188,99691,188,99925,285,99672,185,99946,285,99668,100,99958,35,99658,185,99990,200,99610,100,100002,100,99564,100,100045,100,99560,100,100054,100,99524,100,100058,100,99490,100,100061,100,99314,100
2019-06-28 09:52:50.000000000,99872,152,99691,152,99925,252,99672,152,99946,252,99668,152,99958,87,99658,152,99990,252,99610,152,100002,100,99564,100,100045,100,99560,100,100054,100,99524,100,100058,100,99490,100,100061,100,99314,100
2019-06-28 09:52:50.504568308,99872,152,99691,52,99925,252,99672,152,99946,252,99668,152,99958,87,99658,152,99990,252,99610,152,100002,100,99564,100,100045,100,99560,100,100054,100,99524,100,100058,100,99490,100,100061,100,99314,100
2019-06-28 09:53:00.000000000,99872,230,99672,230,99925,330,99668,230,99946,200,99658,100,99958,35,99610,100,99990,200,99564,100,100002,100,99560,100,100045,100,99524,100,100054,100,99490,100,100058,100,99314,100,100061,100,99216,100
2019-06-28 09:53:10.000000000,99872,188,99672,188,99925,285,99668,185,99946,285,99658,185,99958,35,99610,100,99990,200,99564,100,100002,100,99560,100,100045,100,99524,100,100054,100,99490,100,100058,100,99314,100,100061,100,99216,100
2019-06-28 09:53:13.179336186,99872,188,99692,100,99925,285,99672,188,99946,285,99668,185,99958,35,99658,185,99990,200,99610,100,100002,100,99564,100,100045,100,99560,100,100054,100,99524,100,100058,100,99490,100,100061,100,99314,100
2019-06-28 09:53:13.559931356,99842,100,99692,100,99872,188,99672,188,99925,285,99668,185,99946,285,99658,185,99958,35,99610,100,99990,200,99564,100,100002,100,99560,100,100045,100,99524,100,100054,100,99490,100,100058,100,99314,100
2019-06-28 09:53:20.000000000,99842,188,99692,188,99872,185,99672,185,99925,285,99668,185,99946,200,99658,100,99958,35,99610,100,99990,200,99564,100,100002,100,99560,100,100045,100,99524,100,100054,100,99490,100,100058,100,99314,100
2019-06-28 09:53:30.000000000,99842,152,99692,152,99872,152,99672,152,99925,252,99668,152,99946,252,99658,152,99958,87,99610,152,99990,200,99564,100,100002,100,99560,100,100045,100,99524,100,100054,100,99490,100,100058,100,99314,100
2019-06-28 09:53:40.000000000,99842,359,99692,359,99872,100,99672,100,99925,200,99668,100,99946,200,99658,100,99958,35,99610,100,99990,200,99564,100,100002,100,99560,100,100045,100,99524,100,100054,100,99490,100,100058,100,99314,100
2019-06-28 09:53:50.000000000,99842,152,99692,152,99872,152,99672,152,99925,252,99668,152,99946,252,99658,152,99958,87,99610,152,99990,200,99564,100,100002,100,99560,100,100045,100,99524,100,100054,100,99490,100,100058,100,99314,100
2019-06-28 09:54:00.000000000,99842,359,99692,359,99872,100,99672,100,99925,200,99668,100,99946,200,99658,100,99958,35,99610,100,99990,200,99564,100,100002,100,99560,100,100045,100,99524,100,100054,100,99490,100,100058,100,99314,100
2019-06-28 09:54:08.686320186,99842,259,99692,359,99872,100,99672,100,99925,200,99668,100,99946,200,99658,100,99958,35,99610,100,99990,200,99564,100,100002,100,99560,100,100045,100,99524,100,100054,100,99490,100,100058,100,99314,100
2019-06-28 09:54:10.000000000,99872,188,99692,188,99925,285,99672,185,99946,285,99668,185,99958,35,99658,100,99990,200,99610,100,100002,100,99564,100,100045,100,99560,100,100054,100,99524,100,100058,100,99490,100,100061,100,99314,100
2019-06-28 09:54:20.000000000,99872,230,99692,230,99925,330,99672,230,99946,200,99668,100,99958,35,99658,100,99990,200,99610,100,100002,100,99564,100,100045,100,99560,100,100054,100,99524,100,100058,100,99490,100,100061,100,99314,100
2019-06-28 09:54:30.000000000,99872,165,99692,165,99925,265,99672,165,99946,265,99668,165,99958,100,99658,165,99990,200,99610,100,100002,100,99564,100,100045,100,99560,100,100054,100,99524,100,100058,100,99490,100,100061,100,99314,100
2019-06-28 09:54:40.000000000,99872,359,99692,359,99925,200,99672,100,99946,200,99668,100,99958,35,99658,100,99990,200,99610,100,100002,100,99564,100,100045,100,99560,100,100054,100,99524,100,100058,100,99490,100,100061,100,99314,100
2019-06-28 09:54:50.000000000,99872,359,99692,359,99925,200,99672,100,99946,200,99668,100,99958,35,99658,100,99990,200,99610,100,100002,100,99564,100,100045,100,99560,100,100054,100,99524,100,100058,100,99490,100,100061,100,99314,100
2019-06-28 09:54:51.693895505,99872,359,99692,359,99917,100,99672,100,99925,200,99668,100,99946,200,99658,100,99958,35,99610,100,99990,200,99564,100,100002,100,99560,100,100045,100,99524,100,100054,100,99490,100,100058,100,99314,100
2019-06-28 09:54:56.082150565,99872,259,99692,359,99917,100,99672,100,99925,200,99668,100,99946,200,99658,100,99958,35,99610,100,99990,200,99564,100,100002,100,99560,100,100045,100,99524,100,100054,100,99490,100,100058,100,99314,100
2019-06-28 09:55:00.000000000,99917,152,99692,152,99925,252,99672,152,99946,252,99668,152,99958,87,99658,152,99990,252,99610,152,100002,100,99564,100,100045,100,99560,100,100054,100,99524,100,100058,100,99490,100,100061,100,99314,100
2019-06-28 09:55:10.000000000,99917,188,99692,188,99925,285,99672,185,99946,285,99668,185,99958,35,99658,100,99990,200,99610,100,100002,100,99564,100,100045,100,99560,100,100054,100,99524,100,100058,100,99490,100,100061,100,99314,100
2019-06-28 09:55:19.265906860,99917,188,99830,100,99925,285,99692,188,99946,285,99672,185,99958,35,99668,185,99990,200,99658,100,100002,100,99610,100,100045,100,99564,100,100054,100,99560,100,100058,100,99524,100,100061,100,99490,100
2019-06-28 09:55:20.000000000,99917,165,99830,165,99925,265,99692,165,99946,265,99672,165,99958,100,99668,165,99990,200,99658,100,100002,100,99610,100,100045,100,99564,100,100054,100,99560,100,100058,100,99524,100,100061,100,99490,100
2019-06-28 09:55:30.000000000,99917,230,99830,230,99925,330,99692,230,99946,200,99672,100,99958,35,99668,100,99990,200,99658,100,100002,100,99610,100,100045,100,99564,100,100054,100,99560,100,100058,100,99524,100,100061,100,99490,100
2019-06-28 09:55:32.930290354,99917,130,99830,230,99925,330,99692,230,99946,200,99672,100,99958,35,99668,100,99990,200,99658,100,100002,100,99610,100,100045,100,99560,100,100054,100,99524,100,100058,100,99490,100,100061,100,99314,100
2019-06-28 09:55:34.510581539,99917,30,99830,230,99925,330,99692,230,99946,200,99672,100,99958,35,99668,100,99990,200,99658,100,100002,100,99610,100,100045,100,99560,100,100054,100,99524,100,100058,100,99490,100,100061,100,99314,100
2019-06-28 09:55:40.000000000,99925,288,99830,188,99946,285,99692,185,99958,120,99672,185,99990,200,99668,100,100002,100,99658,100,100045,100,99610,100,100054,100,99560,100,100058,100,99524,100,100061,100,99490,100,100094,100,99314,100
2019-06-28 09:55:50.000000000,99925,459,99830,359,99946,200,99692,100,99958,35,99672,100,99990,200,99668,100,100002,100,99658,100,100045,100,99610,100,100054,100,99560,100,100058,100,99524,100,100061,100,99490,100,100094,100,99314,100
2019-06-28 09:55:51.589989953,99925,459,99830,359,99946,200,99692,100,99958,35,99672,100,99990,200,99668,100,100002,100,99658,100,100045,100,99610,100,100046,100,99560,100,100054,100,99524,100,100058,100,99490,100,100061,100,99314,100
2019-06-28 09:55:59.639620631,99893,100,99830,359,99925,459,99692,100,99946,200,99672,100,99958,35,99668,100,99990,200,99658,100,100002,100,99610,100,100045,100,99560,100,100046,100,99524,100,100054,100,99490,100,100058,100,99314,100
2019-06-28 09:56:00.000000000,99893,359,99830,359,99925,200,99692,100,99946,200,99672,100,99958,35,99668,100,99990,200,99658,100,100002,100,99610,100,100045,100,99560,100,100046,100,99524,100,100054,100,99490,100,100058,100,99314,100
2019-06-28 09:56:10.000000000,99893,165,99830,165,99925,265,99692,165,99946,265,99672,165,99958,100,99668,165,99990,200,99658,100,100002,100,99610,100,100045,100,99560,100,100046,100,99524,100,100054,100,99490,100,100058,100,99314,100
2019-06-28 09:56:20.000000000,99893,188,99830,188,99925,285,99692,185,99946,285,99672,185,99958,35,99668,100,99990,200,99658,100,100002,100,99610,100,100045,100,99560,100,100046,100,99524,100,100054,100,99490,100,100058,100,99314,100
2019-06-28 09:56:28.488553553,99893,288,99830,188,99925,285,99692,185,99946,285,99672,185,99958,35,99668,100,99990,200,99658,100,100002,100,99610,100,100045,100,99560,100,100046,100,99524,100,100054,100,99490,100,100058,100,99314,100
2019-06-28 09:56:30.000000000,99893,288,99830,188,99925,285,99692,185,99946,285,99672,185,99958,35,99668,100,99990,200,99658,100,100002,100,99610,100,100045,100,99560,100,100046,100,99524,100,100054,100,99490,100,100058,100,99314,100
2019-06-28 09:56:40.000000000,99893,330,99830,230,99925,330,99692,230,99946,200,99672,100,99958,35,99668,100,99990,200,99658,100,100002,100,99610,100,100045,100,99560,100,100046,100,99524,100,100054,100,99490,100,100058,100,99314,100
2019-06-28 09:56:50.000000000,99893,288,99830,188,99925,285,99692,185,99946,285,99672,185,99958,35,99668,100,99990,200,99658,100,100002,100,99610,100,100045,100,99560,100,100046,100,99524,100,100054,100,99490,100,100058,100,99314,100
2019-06-28 09:56:53.102506702,99893,188,99830,188,99925,285,99692,185,99946,285,99672,185,99958,35,99668,100,99990,200,99658,100,100002,100,99610,100,100045,100,99560,100,100046,100,99524,100,100054,100,99490,100,100058,100,99314,100
2019-06-28 09:57:00.000000000,99893,152,99830,152,99925,252,99692,152,99946,252,99672,152,99958,87,99668,152,99990,252,99658,152,100002,100,99610,100,100045,100,99560,100,100046,100,99524,100,100054,100,99490,100,100058,100,99314,100
2019-06-28 09:57:10.000000000,99893,152,99830,152,99925,252,99692,152,99946,252,99672,152,99958,87,99668,152,99990,252,99658,152,100002,100,99610,100,100045,100,99560,100,100046,100,99524,100,100054,100,99490,100,100058,100,99314,100
2019-06-28 09:57:16.694222773,99893,152,99830,152,99925,252,99759,100,99946,252,99692,152,99958,87,99672,52,99990,252,99668,152,100002,100,99658,152,100045,100,99610,100,100046,100,99560,100,100054,100,99524,100,100058,100,99490,100
2019-06-28 09:57:20.000000000,99893,359,99830,359,99925,200,99759,100,99946,200,99692,100,99958,35,99668,100,99990,200,99658,100,100002,100,99610,100,100045,100,99560,100,100046,100,99524,100,100054,100,99490,100,100058,100,99314,100
2019-06-28 09:57:30.000000000,99893,359,99830,359,99925,200,99759,100,99946,200,99692,100,99958,35,99668,100,99990,200,99658,100,100002,100,99610,100,100045,100,99560,100,100046,100,99524,100,100054,100,99490,100,100058,100,99314,100
2019-06-28 09:57:40.000000000,99893,359,99830,359,99925,200,99759,100,99946,200,99692,100,99958,35,99668,100,99990,200,99658,100,100002,100,99610,100,100045,100,99560,100,100046,100,99524,100,100054,100,99490,100,100058,100,99314,100
2019-06-28 09:57:50.000000000,99893,152,99830,152,99925,252,99759,152,99946,252,99692,152,99958,87,99668,152,99990,252,99658,152,100002,100,99610,100,100045,100,99560,100,100046,100,99524,100,100054,100,99490,100,100058,100,99314,100
2019-06-28 09:58:00.000000000,99893,152,99830,152,99925,252,99759,152,99946,252,99692,152,99958,87,99668,152,99990,252,99658,152,100002,100,99610,100,100045,100,99560,100,100046,100,99524,100,100054,100,99490,100,100058,100,99314,100
2019-06-28 09:58:10.000000000,99893,152,99830,152,99925,252,99759,152,99946,252,99692,152,99958,87,99668,152,99990,252,99658,152,100002,100,99610,100,100045,100,99560,100,100046,100,99524,100,100054,100,99490,100,100058,100,99314,100
2019-06-28 09:58:20.000000000,99893,188,99830,188,99925,285,99759,185,99946,285,99692,185,99958,35,99668,100,99990,200,99658,100,100002,100,99610,100,100045,100,99560,100,100046,100,99524,100,100054,100,99490,100,100058,100,99314,100
2019-06-28 09:58:24.994107910,99893,188,99830,88,99925,285,99759,185,99946,285,99692,185,99958,35,99668,100,99990,200,99658,100,100002,100,99610,100,100045,100,99560,100,100046,100,99524,100,100054,100,99490,100,100058,100,99314,100
2019-06-28 09:58:25.917786443,99892,100,99830,88,99893,188,99759,185,99925,285,99692,185,99946,285,99668,100,99958,35,99658,100,99990,200,99610,100,100002,100,99560,100,100045,100,99524,100,100046,100,99490,100,100054,100,99314,100
2019-06-28 09:58:27.954871879,99892,100,99830,88,99893,188,99759,185,99925,285,99692,185,99946,285,99668,100,99958,35,99658,100,99990,200,99641,100,100002,100,99610,100,100045,100,99560,100,100046,100,99524,100,100054,100,99490,100
2019-06-28 09:58:30.000000000,99892,230,99759,230,99893,230,99692,230,99925,200,99668,100,99946,200,99658,100,99958,35,99641,100,99990,200,99610,100,100002,100,99560,100,100045,100,99524,100,100046,100,99490,100,100054,100,99314,100
2019-06-28 09:58:40.000000000,99892,165,99759,165,99893,165,99692,165,99925,265,99668,165,99946,265,99658,165,99958,35,99641,100,99990,200,99610,100,100002,100,99560,100,100045,100,99524,100,100046,100,99490,100,100054,100,99314,100
2019-06-28 09:58:50.000000000,99892,359,99759,359,99893,100,99692,100,99925,200,99668,100,99946,200,99658,100,99958,35,99641,100,99990,200,99610,100,100002,100,99560,100,100045,100,99524,100,100046,100,99490,100,100054,100,99314,100
2019-06-28 09:59:00.000000000,99892,188,99759,188,99893,185,99692,185,99925,285,99668,185,99946,200,99658,100,99958,35,99641,100,99990,200,99610,100,100002,100,99560,100,100045,100,99524,100,100046,100,99490,100,100054,100,99314,100
2019-06-28 09:59:09.840671749,99892,188,99759,88,99893,185,99692,185,99925,285,99668,185,99946,200,99658,100,99958,35,99641,100,99990,200,99610,100,100002,100,99560,100,100045,100,99524,100,100046,100,99490,100,100054,100,99314,100
2019-06-28 09:59:10.000000000,99892,152,99692,152,99893,152,99668,152,99925,252,99658,152,99946,252,99641,152,99958,87,99610,152,99990,200,99560,100,100002,100,99524,100,100045,100,99490,100,100046,100,99314,100,100054,100,99216,100
2019-06-28 09:59:20.000000000,99892,359,99692,359,99893,100,99668,100,99925,200,99658,100,99946,200,99641,100,99958,35,99610,100,99990,200,99560,100,100002,100,99524,100,100045,100,99490,100,100046,100,99314,100,100054,100,99216,100
2019-06-28 09:59:28.799371882,99892,359,99692,359,99893,100,99668,100,99925,200,99658,100,99946,200,99641,100,99958,35,99610,100,99990,200,99560,100,100002,100,99524,100,100045,100,99490,100,100046,100,99314,100,100054,100,99296,100
2019-06-28 09:59:30.000000000,99892,188,99692,188,99893,185,99668,185,99925,285,99658,185,99946,200,99641,100,99958,35,99610,100,99990,200,99560,100,100002,100,99524,100,100045,100,99490,100,100046,100,99314,100,100054,100,99296,100
2019-06-28 09:59:39.263354367,99830,100,99692,188,99892,188,99668,185,99893,185,99658,185,99925,285,99641,100,99946,200,99610,100,99958,35,99560,100,99990,200,99524,100,100002,100,99490,100,100045,100,99314,100,100046,100,99296,100
2019-06-28 09:59:40.000000000,99830,165,99692,165,99892,165,99668,165,99893,165,99658,165,99925,265,99641,165,99946,200,99610,100,99958,35,99560,100,99990,200,99524,100,100002,100,99490,100,100045,100,99314,100,100046,100,99296,100
2019-06-28 09:59:40.510631179,99830,165,99692,165,99892,165,99668,165,99893,165,99658,165,99925,265,99641,165,99946,200,99610,100,99958,35,99560,100,99990,200,99524,100,100002,100,99490,100,100045,100,99314,100,100046,100,99296,100
2019-06-28 09:59:50.000000000,99830,188,99692,188,99892,185,99668,185,99893,185,99658,185,99925,200,99641,100,99946,200,99610,100,99958,35,99560,100,99990,200,99524,100,100002,100,99490,100,100045,100,99314,100,100046,100,99296,100
2019-06-28 09:59:54.032004373,99830,188,99692,188,99892,185,99668,185,99893,185,99658,185,99925,200,99641,100,99946,200,99610,100,99958,35,99560,100,99990,200,99524,100,100002,100,99490,100,100045,100,99296,100,100046,100,99216,100
2019-06-28 09:59:55.436503931,99830,188,99692,88,99892,185,99668,185,99893,185,99658,185,99925,200,99641,100,99946,200,99610,100,99958,35,99560,100,99990,200,99524,100,100002,100,99490,100,100045,100,99296,100,100046,100,99216,100
2019-06-28 09:59:57.341285950,99759,100,99692,88,99830,188,99668,185,99892,185,99658,185,99893,185,99641,100,99925,200,99610,100,99946,100,99560,100,99958,35,99524,100,99990,200,99490,100,100002,100,99296,100,100045,100,99216,100
2019-06-28 10:00:00.000000000,99759,230,99668,230,99830,230,99658,230,99892,100,99641,100,99893,100,99610,100,99925,200,99560,100,99946,100,99524,100,99958,35,99490,100,99990,200,99296,100,100002,100,99216,100,100045,100,99205,100
2019-06-28 10:00:10.000000000,99759,359,99668,359,99830,100,99658,100,99892,100,99641,100,99893,100,99610,100,99925,200,99560,100,99946,100,99524,100,99958,35,99490,100,99990,200,99296,100,100002,100,99216,100,100045,100,99205,100
2019-06-28 10:00:12.418076764,99759,359,99668,359,99830,100,99658,100,99892,100,99641,100,99893,100,99610,100,99925,200,99560,100,99946,100,99524,100,99958,35,99490,100,99990,200,99296,100,100002,100,99216,100,100045,100,99205,100
2019-06-28 10:00:15.140368774,99759,359,99668,259,99830,100,99658,100,99892,100,99641,100,99893,100,99560,100,99925,200,99524,100,99946,100,99490,100,99958,35,99296,100,99990,200,99216,100,100002,100,99205,100,100045,100,99006,100
2019-06-28 10:00:20.000000000,99759,230,99658,230,99830,230,99641,230,99892,100,99560,100,99893,100,99524,100,99925,200,99490,100,99946,100,99296,100,99958,35,99216,100,99990,200,99205,100,100002,100,99006,100,100045,100,98992,100
2019-06-28 10:00:30.000000000,99759,152,99658,152,99830,152,99641,152,99892,152,99560,152,99893,152,99524,152,99925,252,99490,152,99946,100,99296,100,99958,35,99216,100,99990,200,99205,100,100002,100,99006,100,100045,100,98992,100
2019-06-28 10:00:37.869216658,99759,152,99658,52,99830,152,99641,152,99892,152,99560,152,99893,152,99524,152,99925,252,99490,152,99946,100,99296,100,99958,35,99216,100,99990,200,99205,100,100002,100,99006,100,100045,100,98992,100
2019-06-28 10:00:39.228678312,99658,48,99641,152,99759,152,99560,152,99830,152,99524,152,99892,152,99490,152,99893,52,99296,100,99925,252,99216,100,99946,100,99205,100,99958,35,99006,100,99990,200,98992,100,100002,100,,
2019-06-28 10:00:40.000000000,99658,113,99641,165,99759,165,99560,165,99830,165,99524,165,99892,165,99490,165,99925,200,99296,100,99946,100,99216,100,99958,35,99205,100,99990,200,99006,100,100002,100,98992,100,100045,100,,
2019-06-28 10:00:50.000000000,99658,100,99641,152,99759,152,99560,152,99830,152,99524,152,99892,152,99490,152,99925,252,99296,152,99946,100,99216,100,99958,35,99205,100,99990,200,99006,100,100002,100,98992,100,100045,100,,
2019-06-28 10:00:59.668517058,99658,100,99641,152,99759,152,99560,152,99830,152,99524,152,99892,152,99490,152,99925,252,99296,152,99946,100,99216,100,99958,35,99205,100,99990,200,99006,100,100002,100,98992,100,100045,100,98834,100
2019-06-28 10:01:00.000000000,99658,307,99641,359,99759,100,99560,100,99830,100,99524,100,99892,100,99490,100,99925,200,99296,100,99946,100,99216,100,99958,35,99205,100,99990,200,99006,100,100002,100,98992,100,100045,100,98834,100
2019-06-28 10:01:10.000000000,99658,113,99641,165,99759,165,99560,165,99830,165,99524,165,99892,165,99490,165,99925,200,99296,100,99946,100,99216,100,99958,35,99205,100,99990,200,99006,100,100002,100,98992,100,100045,100,98834,100
2019-06-28 10:01:11.609130899,99658,113,99641,165,99759,165,99560,165,99830,165,99524,165,99892,165,99490,165,99925,200,99296,100,99946,100,99216,100,99958,35,99205,100,99990,200,99006,100,100002,100,98992,100,100045,100,98882,100
2019-06-28 10:01:16.523996672,99658,113,99641,65,99759,165,99560,165,99830,165,99524,165,99892,165,99490,165,99925,200,99296,100,99946,100,99216,100,99958,35,99205,100,99990,200,99006,100,100002,100,98992,100,100045,100,98882,100
2019-06-28 10:01:20.000000000,99658,307,99560,359,99759,100,99524,100,99830,100,99490,100,99892,100,99296,100,99925,200,99216,100,99946,100,99205,100,99958,35,99006,100,99990,200,98992,100,100002,100,98882,100,100045,100,98834,100
2019-06-28 10:01:25.547173528,99658,307,99560,359,99759,100,99490,100,99830,100,99296,100,99892,100,99216,100,99925,200,99205,100,99946,100,99006,100,99958,35,98992,100,99990,200,98896,100,100002,100,98882,100,100045,100,98834,100
2019-06-28 10:01:30.000000000,99658,307,99560,359,99759,100,99490,100,99830,100,99296,100,99892,100,99216,100,99925,200,99205,100,99946,100,99006,100,99958,35,98992,100,99990,200,98896,100,100002,100,98882,100,100045,100,98834,100
2019-06-28 10:01:40.000000000,99658,100,99560,152,99759,152,99490,152,99830,152,99296,152,99892,152,99216,152,99925,252,99205,152,99946,100,99006,100,99958,35,98992,100,99990,200,98896,100,100002,100,98882,100,100045,100,98834,100
2019-06-28 10:01:50.000000000,99658,113,99560,165,99759,165,99490,165,99830,165,99296,165,99892,165,99216,165,99925,200,99205,100,99946,100,99006,100,99958,35,98992,100,99990,200,98896,100,100002,100,98882,100,100045,100,98834,100
2019-06-28 10:02:00.000000000,99658,178,99560,230,99759,230,99490,230,99830,100,99296,100,99892,100,99216,100,99925,200,99205,100,99946,100,99006,100,99958,35,98992,100,99990,200,98896,100,100002,100,98882,100,100045,100,98834,100
2019-06-28 10:02:03.810159862,99657,100,99560,230,99658,178,99490,230,99759,230,99296,100,99830,100,99216,100,99892,100,99205,100,99925,200,99006,100,99946,100,98992,100,99958,35,98896,100,99990,200,98882,100,100045,100,98834,100
2019-06-28 10:02:05.102530741,99657,100,99560,130,99658,178,99490,230,99759,230,99296,100,99830,100,99216,100,99892,100,99205,100,99925,200,99006,100,99946,100,98992,100,99958,35,98896,100,99990,200,98882,100,100045,100,98834,100
2019-06-28 10:02:10.000000000,99657,152,99490,152,99658,100,99296,152,99759,152,99216,152,99830,152,99205,152,99892,152,99006,152,99925,200,98992,100,99946,100,98896,100,99958,35,98882,100,99990,200,98834,100,100045,100,,
2019-06-28 10:02:20.000000000,99657,152,99490,152,99658,100,99296,152,99759,152,99216,152,99830,152,99205,152,99892,152,99006,152,99925,200,98992,100,99946,100,98896,100,99958,35,98882,100,99990,200,98834,100,100045,100,,
2019-06-28 10:02:28.120493957,99657,152,99490,52,99658,100,99296,152,99759,152,99216,152,99830,152,99205,152,99892,152,99006,152,99925,200,98992,100,99946,100,98896,100,99958,35,98882,100,99990,200,98834,100,100045,100,,
2019-06-28 10:02:30.000000000,99657,230,99296,230,99658,178,99216,230,99759,100,99205,100,99830,100,99006,100,99892,100,98992,100,99925,200,98896,100,99946,100,98882,100,99958,35,98834,100,99990,200,,,100045,100,,
2019-06-28 10:02:40.000000000,99657,188,99296,188,99658,133,99216,185,99759,185,99205,185,99830,100,99006,100,99892,100,98992,100,99925,200,98896,100,99946,100,98882,100,99958,35,98834,100,99990,200,,,100045,100,,
2019-06-28 10:02:50.000000000,99657,359,99296,359,99658,48,99216,100,99759,100,99205,100,99830,100,99006,100,99892,100,98992,100,99925,200,98896,100,99946,100,98882,100,99958,35,98834,100,99990,200,,,100045,100,,
2019-06-28 10:02:58.686814971,99657,359,99296,359,99658,48,99216,100,99759,100,99205,100,99830,100,99006,100,99892,100,98992,100,99925,200,98900,100,99946,100,98896,100,99958,35,98834,100,99990,200,,,100045,100,,
2019-06-28 10:03:00.000000000,99657,152,99296,152,99658,100,99216,152,99759,152,99205,152,99830,152,99006,152,99892,152,98992,152,99925,200,98900,100,99946,100,98896,100,99958,35,98834,100,99990,200,,,100045,100,,
2019-06-28 10:03:10.000000000,99657,152,99296,152,99658,100,99216,152,99759,152,99205,152,99830,152,99006,152,99892,152,98992,152,99925,200,98900,100,99946,100,98896,100,99958,35,98834,100,99990,200,,,100045,100,,
2019-06-28 10:03:20.000000000,99657,165,99296,165,99658,113,99216,165,99759,165,99205,165,99830,165,99006,165,99892,100,98992,100,99925,200,98900,100,99946,100,98896,100,99958,35,98834,100,99990,200,,,100045,100,,
2019-06-28 10:03:22.376180235,99657,165,99296,165,99658,113,99216,165,99759,165,99205,165,99830,165,99106,100,99892,100,99006,165,99925,200,98992,100,99946,100,98900,100,99958,35,98896,100,99990,200,98834,100,100046,100,,
2019-06-28 10:03:30.000000000,99657,188,99296,188,99658,133,99216,185,99759,185,99205,185,99830,100,99106,100,99892,100,99006,100,99925,200,98992,100,99946,100,98900,100,99958,35,98896,100,99990,200,98834,100,100046,100,,
2019-06-28 10:03:35.487359251,99657,188,99296,188,99658,133,99216,185,99759,185,99205,185,99830,100,99106,100,99892,100,99006,100,99925,200,98992,100,99946,100,98900,100,99958,35,98896,100,99990,200,98834,100,100046,100,98832,100
2019-06-28 10:03:40.000000000,99657,165,99296,165,99658,113,99216,165,99759,165,99205,165,99830,165,99106,165,99892,100,99006,100,99925,200,98992,100,99946,100,98900,100,99958,35,98896,100,99990,200,98834,100,100046,100,98832,100
2019-06-28 10:03:42.291477233,99657,165,99296,65,99658,113,99216,165,99759,165,99205,165,99830,165,99106,165,99892,100,99006,100,99925,200,98992,100,99946,100,98900,100,99958,35,98896,100,99990,200,98834,100,100046,100,98832,100
2019-06-28 10:03:42.438588931,99657,165,99296,65,99658,113,99216,165,99759,165,99205,165,99830,165,99106,165,99892,100,99006,100,99925,200,98992,100,99946,100,98900,100,99958,35,98896,100,99990,200,98834,100,100046,100,98832,100
2019-06-28 10:03:48.586597827,99657,165,99296,65,99658,113,99216,165,99759,165,99205,165,99830,165,99106,165,99892,100,99006,100,99925,200,98992,100,99946,100,98900,100,99958,35,98896,100,99990,200,98858,100,100046,100,98834,100
2019-06-28 10:03:50.000000000,99657,165,99216,165,99658,113,99205,165,99759,165,99106,165,99830,165,99006,165,99892,100,98992,100,99925,200,98900,100,99946,100,98896,100,99958,35,98858,100,99990,200,98834,100,100046,100,98832,100
2019-06-28 10:04:00.000000000,99657,152,99216,152,99658,100,99205,152,99759,152,99106,152,99830,152,99006,152,99892,152,98992,152,99925,200,98900,100,99946,100,98896,100,99958,35,98858,100,99990,200,98834,100,100046,100,98832,100
2019-06-28 10:04:10.000000000,99657,165,99216,165,99658,113,99205,165,99759,165,99106,165,99830,165,99006,165,99892,100,98992,100,99925,200,98900,100,99946,100,98896,100,99958,35,98858,100,99990,200,98834,100,100046,100,98832,100
2019-06-28 10:04:20.000000000,99657,359,99216,359,99658,48,99205,100,99759,100,99106,100,99830,100,99006,100,99892,100,98992,100,99925,200,98900,100,99946,100,98896,100,99958,35,98858,100,99990,200,98834,100,100046,100,98832,100
2019-06-28 10:04:27.291997096,99657,359,99216,359,99658,48,99205,100,99759,100,99106,100,99830,100,99006,100,99892,100,98992,100,99925,200,98900,100,99946,100,98896,100,99958,35,98858,100,99990,200,98834,100,100046,100,98832,100
2019-06-28 10:04:30.000000000,99657,359,99216,359,99658,48,99205,100,99759,100,99106,100,99830,100,99006,100,99892,100,98992,100,99925,200,98900,100,99946,100,98896,100,99958,35,98858,100,99990,200,98834,100,100046,100,98832,100
2019-06-28 10:04:40.000000000,99657,188,99216,188,99658,133,99205,185,99759,185,99106,185,99830,100,99006,100,99892,100,98992,100,99925,200,98900,100,99946,100,98896,100,99958,35,98858,100,99990,200,98834,100,100046,100,98832,100
2019-06-28 10:04:50.000000000,99657,165,99216,165,99658,113,99205,165,99759,165,99106,165,99830,165,99006,165,99892,100,98992,100,99925,200,98900,100,99946,100,98896,100,99958,35,98858,100,99990,200,98834,100,100046,100,98832,100
2019-06-28 10:04:55.689642656,99657,165,99216,65,99658,113,99205,165,99759,165,99106,165,99830,165,99006,165,99892,100,98992,100,99925,200,98900,100,99946,100,98896,100,99958,35,98858,100,99990,200,98834,100,100046,100,98832,100
2019-06-28 10:04:57.738015294,99657,165,99216,65,99658,113,99205,165,99759,165,99106,165,99830,165,99006,165,99892,100,98992,100,99925,200,98900,100,99946,100,98896,100,99958,35,98858,100,99990,200,98834,100,100046,100,98832,100
2019-06-28 10:05:00.000000000,99657,188,99205,188,99658,133,99106,185,99759,185,99006,185,99830,100,98992,100,99892,100,98900,100,99925,200,98896,100,99946,100,98858,100,99958,35,98834,100,99990,200,98832,100,100046,100,98591,100
2019-06-28 10:05:10.000000000,99657,165,99205,165,99658,113,99106,165,99759,165,99006,165,99830,165,98992,165,99892,100,98900,100,99925,200,98896,100,99946,100,98858,100,99958,35,98834,100,99990,200,98832,100,100046,100,98591,100
2019-06-28 10:05:11.132513998,99657,165,99205,65,99658,113,99106,165,99759,165,99006,165,99830,165,98992,165,99892,100,98900,100,99925,200,98896,100,99946,100,98858,100,99958,35,98834,100,99990,200,98832,100,100046,100,98591,100
2019-06-28 10:05:20.000000000,99657,188,99106,188,99658,133,99006,185,99759,185,98992,185,99830,100,98900,100,99892,100,98896,100,99925,200,98858,100,99946,100,98834,100,99958,35,98832,100,99990,200,98591,100,100046,100,98503,100
2019-06-28 10:05:30.000000000,99657,152,99106,152,99658,100,99006,152,99759,152,98992,152,99830,152,98900,152,99892,152,98896,152,99925,200,98858,100,99946,100,98834,100,99958,35,98832,100,99990,200,98591,100,100046,100,98503,100
2019-06-28 10:05:40.000000000,99657,152,99106,152,99658,100,99006,152,99759,152,98992,152,99830,152,98900,152,99892,152,98896,152,99925,200,98858,100,99946,100,98834,100,99958,35,98832,100,99990,200,98591,100,100046,100,98503,100
2019-06-28 10:05:42.063546968,99657,152,99144,100,99658,100,99106,152,99759,152,99006,152,99830,152,98992,52,99892,152,98900,152,99925,200,98896,152,99946,100,98858,100,99958,35,98834,100,99990,200,98832,100,100046,100,98591,100
2019-06-28 10:05:50.000000000,99657,188,99144,188,99658,133,99106,185,99759,185,99006,185,99830,100,98900,100,99892,100,98896,100,99925,200,98858,100,99946,100,98834,100,99958,35,98832,100,99990,200,98591,100,100046,100,98503,100
2019-06-28 10:06:00.000000000,99657,165,99144,165,99658,113,99106,165,99759,165,99006,165,99830,165,98900,165,99892,100,98896,100,99925,200,98858,100,99946,100,98834,100,99958,35,98832,100,99990,200,98591,100,100046,100,98503,100
2019-06-28 10:06:01.063323937,99657,165,99144,165,99658,113,99106,165,99759,165,99105,100,99830,165,99006,165,99892,100,98900,165,99925,200,98896,100,99946,100,98858,100,99958,35,98834,100,99990,200,98832,100,100046,100,98503,100
2019-06-28 10:06:01.935707294,99657,165,99217,100,99658,113,99144,165,99759,165,99106,165,99830,165,99105,100,99892,100,99006,165,99925,200,98900,165,99946,100,98896,100,99958,35,98858,100,99990,200,98834,100,100046,100,98832,100
2019-06-28 10:06:10.000000000,99657,359,99217,359,99658,48,99144,100,99759,100,99106,100,99830,100,99105,100,99892,100,99006,100,99925,200,98900,100,99946,100,98896,100,99958,35,98858,100,99990,200,98834,100,100046,100,98832,100
2019-06-28 10:06:20.000000000,99657,359,99217,359,99658,48,99144,100,99759,100,99106,100,99830,100,99105,100,99892,100,99006,100,99925,200,98900,100,99946,100,98896,100,99958,35,98858,100,99990,200,98834,100,100046,100,98832,100
2019-06-28 10:06:28.017845209,99657,359,99217,259,99658,48,99144,100,99759,100,99106,100,99830,100,99105,100,99892,100,99006,100,99925,200,98900,100,99946,100,98896,100,99958,35,98858,100,99990,200,98834,100,100046,100,98832,100
2019-06-28 10:06:28.369596532,99657,359,99217,259,99658,48,99144,100,99759,100,99106,100,99830,100,99105,100,99892,100,99100,100,99925,200,99006,100,99946,100,98900,100,99958,35,98896,100,99990,200,98858,100,100046,100,98834,100
2019-06-28 10:06:30.000000000,99657,359,99144,359,99658,48,99106,100,99759,100,99105,100,99830,100,99100,100,99892,100,99006,100,99925,200,98900,100,99946,100,98896,100,99958,35,98858,100,99990,200,98834,100,100046,100,98832,100
2019-06-28 10:06:40.000000000,99657,152,99144,152,99658,100,99106,152,99759,152,99105,152,99830,152,99100,152,99892,152,99006,152,99925,200,98900,100,99946,100,98896,100,99958,35,98858,100,99990,200,98834,100,100046,100,98832,100
2019-06-28 10:06:44.068667587,99657,152,99144,152,99658,100,99106,152,99759,152,99105,152,99830,152,99100,152,99892,152,99006,152,99925,200,98900,100,99946,100,98896,100,99958,35,98858,100,99990,200,98834,100,100046,100,98832,100
2019-06-28 10:06:44.576013914,99657,152,99144,52,99658,100,99106,152,99759,152,99105,152,99830,152,99100,152,99892,152,99006,152,99925,200,98900,100,99946,100,98858,100,99958,35,98834,100,99990,200,98832,100,100046,100,98829,100
2019-06-28 10:06:50.000000000,99657,230,99106,230,99658,178,99105,230,99759,100,99100,100,99830,100,99006,100,99892,100,98900,100,99925,200,98858,100,99946,100,98834,100,99958,35,98832,100,99990,200,98829,100,100046,100,98503,100
2019-06-28 10:07:00.000000000,99657,359,99106,359,99658,48,99105,100,99759,100,99100,100,99830,100,99006,100,99892,100,98900,100,99925,200,98858,100,99946,100,98834,100,99958,35,98832,100,99990,200,98829,100,100046,100,98503,100
2019-06-28 10:07:08.119666334,99217,100,99106,359,99657,359,99105,100,99658,48,99100,100,99759,100,99006,100,99830,100,98900,100,99892,100,98858,100,99925,100,98834,100,99946,100,98832,100,99958,35,98829,100,99990,200,98503,100
2019-06-28 10:07:10.000000000,99217,165,99106,165,99657,165,99105,165,99658,113,99100,165,99759,165,99006,165,99830,100,98900,100,99892,100,98858,100,99925,100,98834,100,99946,100,98832,100,99958,35,98829,100,99990,200,98503,100
2019-06-28 10:07:20.000000000,99217,165,99106,165,99657,165,99105,165,99658,113,99100,165,99759,165,99006,165,99830,100,98900,100,99892,100,98858,100,99925,100,98834,100,99946,100,98832,100,99958,35,98829,100,99990,200,98503,100
2019-06-28 10:07:21.574636686,99217,165,99106,65,99657,165,99105,165,99658,113,99100,165,99759,165,99006,165,99830,100,98900,100,99892,100,98858,100,99925,100,98834,100,99946,100,98832,100,99958,35,98829,100,99990,200,98503,100
2019-06-28 10:07:30.000000000,99217,152,99105,152,99657,152,99100,152,99658,100,99006,152,99759,152,98900,152,99830,152,98858,152,99892,100,98834,100,99925,100,98832,100,99946,100,98829,100,99958,35,98503,100,99990,200,,
2019-06-28 10:07:34.729055964,99217,152,99105,52,99657,152,99100,152,99658,100,99006,152,99759,152,98900,152,99830,152,98858,152,99892,100,98834,100,99925,100,98832,100,99946,100,98829,100,99958,35,98503,100,99990,200,,
2019-06-28 10:07:40.000000000,99217,359,99100,359,99657,100,99006,100,99658,48,98900,100,99759,100,98858,100,99830,100,98834,100,99892,100,98832,100,99925,100,98829,100,99946,100,98503,100,99958,35,,,99990,200,,
2019-06-28 10:07:42.894958252,99217,359,99100,359,99337,100,99006,100,99657,100,98900,100,99658,48,98858,100,99759,100,98834,100,99830,100,98832,100,99892,100,98829,100,99925,100,98503,100,99946,100,,,99958,35,,
2019-06-28 10:07:50.000000000,99217,359,99100,359,99337,100,99006,100,99657,100,98900,100,99658,48,98858,100,99759,100,98834,100,99830,100,98832,100,99892,100,98829,100,99925,100,98503,100,99946,100,,,99958,35,,
2019-06-28 10:07:57.665066030,99217,359,99100,359,99337,100,99006,100,99657,100,98900,100,99658,48,98858,100,99759,100,98834,100,99830,100,98832,100,99892,100,98829,100,99925,100,98503,100,99946,100,,,99958,35,,
2019-06-28 10:08:00.000000000,99217,230,99100,230,99337,230,99006,230,99657,100,98900,100,99658,48,98858,100,99759,100,98834,100,99830,100,98832,100,99892,100,98829,100,99925,100,98503,100,99946,100,,,99958,35,,
2019-06-28 10:08:04.339249014,99217,230,99100,230,99337,230,99006,230,99657,100,98900,100,99658,48,98866,100,99759,100,98858,100,99830,100,98834,100,99892,100,98832,100,99925,100,98829,100,99946,100,98503,100,99958,35,,
2019-06-28 10:08:07.595679183,99217,230,99100,230,99324,100,99006,230,99337,230,98900,100,99657,100,98866,100,99658,48,98858,100,99759,100,98834,100,99830,100,98832,100,99892,100,98829,100,99925,100,98503,100,99946,100,,
2019-06-28 10:08:10.000000000,99217,165,99100,165,99324,165,99006,165,99337,165,98900,165,99657,165,98866,165,99658,48,98858,100,99759,100,98834,100,99830,100,98832,100,99892,100,98829,100,99925,100,98503,100,99946,100,,
2019-06-28 10:08:20.000000000,99217,188,99100,188,99324,185,99006,185,99337,185,98900,185,99657,100,98866,100,99658,48,98858,100,99759,100,98834,100,99830,100,98832,100,99892,100,98829,100,99925,100,98503,100,99946,100,,
