,ask_price_1,ask_size_1,bid_price_1,bid_size_1,ask_price_2,ask_size_2,bid_price_2,bid_size_2,ask_price_3,ask_size_3,bid_price_3,bid_size_3,ask_price_4,ask_size_4,bid_price_4,bid_size_4,ask_price_5,ask_size_5,bid_price_5,bid_size_5,ask_price_6,ask_size_6,bid_price_6,bid_size_6,ask_price_7,ask_size_7,bid_price_7,bid_size_7,ask_price_8,ask_size_8,bid_price_8,bid_size_8,ask_price_9,ask_size_9,bid_price_9,bid_size_9,ask_price_10,ask_size_10,bid_price_10,bid_size_10
2019-06-28 09:30:00.000000000,100073,100,99855,100,,,,,,,,,,,,,,,,,,,,,,,,,,,,,,,,,,,,
2019-06-28 09:30:00.000000001,100073,100,99855,100,100138,100,,,,,,,,,,,,,,,,,,,,,,,,,,,,,,,,,,
2019-06-28 09:30:00.000000002,100073,100,99855,100,100138,100,,,,,,,,,,,,,,,,,,,,,,,,,,,,,,,,,,
2019-06-28 09:30:00.000000004,100006,100,99855,100,100073,100,,,100138,100,,,,,,,,,,,,,,,,,,,,,,,,,,,,,,
2019-06-28 09:30:00.000000007,100006,100,99882,100,100073,100,99855,100,100093,100,,,100138,100,,,,,,,,,,,,,,,,,,,,,,,,,,
2019-06-28 09:30:00.000000008,100006,100,99882,100,100012,100,99855,100,100073,100,,,100089,100,,,100093,100,,,100138,100,,,100163,100,,,,,,,,,,,,,,
2019-06-28 09:30:00.000000009,100006,100,99909,100,100012,100,99887,100,100073,100,99882,100,100089,100,99855,100,100093,100,,,100138,100,,,100163,100,,,,,,,,,,,,,,
2019-06-28 09:30:00.000000010,100006,100,99909,100,100012,100,99892,100,100073,100,99887,100,100089,100,99882,100,100093,100,99855,100,100138,100,,,100163,100,,,,,,,,,,,,,,
2019-06-28 09:30:00.000000011,100006,100,99909,100,100012,100,99892,100,100022,100,99887,100,100073,100,99882,100,100089,100,99855,100,100093,100,,,100138,100,,,100163,100,,,,,,,,,,
2019-06-28 09:30:00.000000013,100006,100,99909,100,100012,100,99892,100,100022,100,99887,100,100073,100,99882,100,100089,100,99855,100,100093,100,,,100102,100,,,100138,100,,,100163,100,,,,,,
2019-06-28 09:30:00.000000015,100006,100,99909,100,100012,100,99892,100,100022,100,99887,100,100061,100,99882,100,100073,100,99855,100,100089,100,,,100093,100,,,100102,100,,,100138,100,,,100163,100,,
2019-06-28 09:30:00.000000018,100006,100,99909,100,100012,100,99892,100,100022,100,99887,100,100061,100,99882,100,100070,100,99855,100,100073,100,,,100089,100,,,100093,100,,,100102,100,,,100138,100,,
2019-06-28 09:30:00.000000020,100006,100,99909,100,100009,100,99892,100,100012,100,99887,100,100022,100,99882,100,100025,100,99855,100,100061,100,,,100070,100,,,100073,100,,,100089,100,,,100093,100,,
2019-06-28 09:30:00.000000022,100006,100,99909,100,100009,100,99902,100,100012,100,99892,100,100022,100,99887,100,100025,100,99882,100,100061,100,99855,100,100070,100,,,100073,100,,,100089,100,,,100093,100,,
2019-06-28 09:30:00.000000025,100006,100,99909,100,100009,100,99902,100,100012,100,99892,100,100022,100,99887,100,100025,100,99882,100,100061,100,99862,100,100070,100,99855,100,100073,100,,,100089,100,,,100093,100,,
2019-06-28 09:30:00.000000026,100006,100,99909,100,100009,100,99902,100,100012,100,99892,100,100022,100,99887,100,100025,100,99883,100,100061,100,99882,100,100070,100,99862,100,100073,100,99855,100,100089,100,,,100093,100,,
2019-06-28 09:30:00.000000028,100006,100,99909,100,100009,100,99902,100,100012,100,99892,100,100022,200,99887,100,100025,100,99883,100,100061,100,99882,100,100070,100,99862,100,100073,100,99855,100,100089,100,,,100093,100,,
2019-06-28 09:30:00.000000030,100009,100,99909,100,100012,100,99902,100,100022,200,99892,100,100025,100,99887,100,100061,100,99883,100,100070,100,99882,100,100073,100,99862,100,100089,100,99855,100,100093,100,,,100102,100,,
2019-06-28 09:30:00.000000031,100009,100,99965,100,100012,100,99909,100,100022,200,99902,100,100025,100,99892,100,100061,100,99887,100,100070,100,99883,100,100073,100,99882,100,100089,100,99862,100,100093,100,99855,100,100102,100,,
2019-06-28 09:30:00.000000033,100009,100,99978,100,100012,100,99965,100,100022,200,99909,100,100025,100,99902,100,100061,100,99892,100,100070,100,99887,100,100073,100,99883,100,100089,100,99882,100,100093,100,99862,100,100102,100,99855,100
2019-06-28 09:30:00.000000034,100005,100,99978,100,100009,100,99965,100,100012,100,99909,100,100022,200,99902,100,100025,100,99892,100,100061,100,99887,100,100070,100,99883,100,100073,100,99882,100,100089,100,99862,100,100093,100,99855,100
2019-06-28 09:30:00.000000035,100005,100,100003,100,100009,100,99978,100,100012,100,99965,100,100022,200,99909,100,100025,100,99902,100,100061,100,99892,100,100070,100,99887,100,100073,100,99883,100,100089,100,99882,100,100093,100,99862,100
2019-06-28 09:30:00.000000036,100005,100,100003,100,100009,100,99978,100,100012,100,99965,100,100022,200,99916,100,100025,100,99909,100,100061,100,99902,100,100070,100,99892,100,100073,100,99887,100,100089,100,99883,100,100093,100,99882,100
2019-06-28 09:30:00.000000037,100009,100,100003,100,100012,100,99978,100,100022,200,99965,100,100025,100,99916,100,100043,100,99909,100,100061,100,99902,100,100070,100,99892,100,100073,100,99887,100,100089,100,99883,100,100093,100,99882,100
2019-06-28 09:30:00.000000038,100009,100,100005,100,100012,100,100003,100,100022,200,99978,100,100025,100,99965,100,100043,100,99916,100,100061,100,99909,100,100070,100,99902,100,100073,100,99892,100,100089,100,99887,100,100093,100,99883,100
2019-06-28 09:30:00.000000041,100006,100,100005,100,100009,100,100003,100,100012,100,99978,100,100022,200,99965,100,100025,100,99916,100,100043,100,99909,100,100061,100,99902,100,100070,100,99892,100,100073,100,99887,100,100089,100,99883,100
2019-06-28 09:30:00.000000043,100006,100,100005,100,100009,100,100003,100,100012,100,99978,100,100022,200,99965,100,100025,100,99916,100,100043,100,99909,100,100058,100,99902,100,100061,100,99893,100,100070,100,99892,100,100073,100,99887,100
2019-06-28 09:30:00.000000044,100006,100,100005,200,100009,100,100003,100,100012,100,99978,100,100022,200,99965,100,100025,100,99916,100,100043,100,99909,100,100058,100,99902,100,100061,100,99893,100,100070,100,99892,100,100073,100,99887,100
2019-06-28 09:30:00.000000045,100006,100,100005,100,100009,100,100003,100,100012,100,99978,100,100022,200,99965,100,100025,100,99916,100,100043,100,99909,100,100058,100,99902,100,100061,100,99893,100,100070,100,99892,100,100073,100,99887,100
2019-06-28 09:30:00.000000046,100006,100,100003,100,100009,100,99978,100,100012,100,99965,100,100022,200,99916,100,100025,100,99909,100,100043,100,99902,100,100058,100,99893,100,100061,100,99892,100,100070,100,99887,100,100073,100,99883,100
2019-06-28 09:30:00.000000049,100005,100,100003,100,100006,100,99978,100,100009,100,99965,100,100012,100,99916,100,100022,200,99909,100,100025,100,99902,100,100043,100,99893,100,100058,100,99892,100,100061,100,99887,100,100070,100,99883,100
2019-06-28 09:30:00.000000053,100005,100,100003,100,100006,100,99978,100,100009,100,99965,100,100012,100,99916,100,100022,200,99909,100,100025,100,99902,100,100043,100,99893,100,100058,100,99892,100,100061,100,99887,100,100070,100,99883,100
2019-06-28 09:30:00.000000054,100005,100,100003,100,100006,100,99978,100,100009,100,99965,100,100012,100,99916,100,100022,200,99909,100,100025,100,99902,100,100043,100,99893,100,100058,100,99892,100,100061,100,99887,100,100070,100,99883,100
2019-06-28 09:30:00.000000056,100005,100,99978,100,100006,100,99965,100,100009,100,99916,100,100012,100,99909,100,100022,200,99902,100,100025,100,99893,100,100043,100,99892,100,100058,100,99887,100,100061,100,99883,100,100070,100,99882,100
2019-06-28 09:30:00.000000057,100005,100,99978,100,100006,100,99965,100,100009,100,99916,100,100012,100,99909,100,100022,200,99902,100,100025,100,99893,100,100043,100,99892,100,100058,100,99887,100,100061,100,99883,100,100070,100,99882,100
2019-06-28 09:30:00.000000062,100005,100,99978,100,100006,100,99965,100,100009,100,99916,100,100012,100,99909,100,100022,200,99902,100,100025,100,99893,100,100043,100,99892,100,100058,100,99887,100,100061,100,99883,100,100070,100,99882,100
2019-06-28 09:30:00.000000064,100005,100,99978,100,100006,100,99965,100,100009,100,99916,100,100012,100,99909,100,100022,200,99902,100,100025,100,99893,100,100043,100,99892,100,100058,100,99887,100,100061,100,99883,100,100070,100,99882,100
2019-06-28 09:30:00.000000066,100005,100,99978,100,100006,100,99965,100,100009,100,99916,100,100012,100,99909,100,100022,200,99902,100,100025,100,99893,100,100043,100,99892,100,100058,100,99887,100,100061,100,99883,100,100070,100,99882,100
2019-06-28 09:30:00.000000067,100005,100,100003,100,100006,100,99978,100,100009,100,99965,100,100012,100,99916,100,100022,200,99909,100,100025,100,99902,100,100043,100,99893,100,100058,100,99892,100,100061,100,99887,100,100070,100,99883,100
2019-06-28 09:30:00.000000074,100005,100,100003,100,100006,100,99978,100,100009,100,99965,100,100012,100,99962,100,100022,200,99944,100,100025,100,99916,100,100043,100,99909,100,100058,100,99902,100,100061,100,99893,100,100070,100,99892,100
2019-06-28 09:30:00.000000076,100005,100,100003,100,100006,100,99978,100,100009,100,99965,100,100012,100,99962,100,100022,200,99944,100,100025,100,99916,100,100043,100,99909,100,100056,100,99902,100,100058,100,99893,100,100061,100,99892,100
2019-06-28 09:30:00.000000077,100005,100,100003,100,100006,100,99978,100,100009,100,99965,100,100012,100,99962,100,100022,200,99944,100,100025,100,99916,100,100043,100,99909,100,100056,100,99902,100,100058,100,99893,100,100061,100,99892,100
2019-06-28 09:30:00.000000079,100005,100,100003,100,100006,100,99978,100,100009,100,99965,100,100012,100,99962,100,100022,200,99944,100,100025,100,99916,100,100043,100,99909,100,100056,100,99902,100,100058,100,99893,100,100061,100,99892,100
2019-06-28 09:30:00.000000083,100004,100,100003,100,100005,100,99978,100,100006,100,99965,100,100009,100,99962,100,100012,100,99944,100,100022,200,99916,100,100025,100,99909,100,100043,100,99902,100,100056,100,99893,100,100058,100,99892,100
2019-06-28 09:30:00.000000087,100004,100,100003,100,100005,100,99978,100,100006,100,99965,100,100009,100,99962,100,100012,100,99944,100,100022,200,99925,100,100025,100,99916,100,100043,100,99909,100,100056,100,99902,100,100058,100,99893,100
2019-06-28 09:30:00.000000088,100004,100,100003,200,100005,100,99978,100,100006,100,99965,100,100009,100,99962,100,100012,100,99944,100,100022,200,99925,100,100025,100,99916,100,100043,100,99909,100,100056,100,99902,100,100058,100,99893,100
2019-06-28 09:30:00.000000089,100004,100,100003,300,100005,100,99978,100,100006,100,99965,100,100009,100,99962,100,100012,100,99944,100,100022,200,99925,100,100025,100,99916,100,100043,100,99909,100,100056,100,99902,100,100058,100,99893,100
2019-06-28 09:30:00.000000092,100004,100,100003,300,100005,100,99978,100,100006,100,99965,100,100009,100,99962,100,100012,100,99944,100,100022,200,99925,100,100025,100,99916,100,100043,100,99909,100,100056,100,99902,100,100058,100,99893,100
2019-06-28 09:30:00.000000095,100004,100,100003,300,100005,100,99978,100,100006,100,99965,100,100009,100,99962,100,100012,100,99944,100,100022,200,99925,100,100025,100,99916,100,100043,100,99909,100,100056,100,99902,100,100058,100,99893,100
2019-06-28 09:30:00.000000098,100004,100,100003,300,100005,100,99978,100,100006,100,99965,100,100009,100,99962,100,100012,100,99944,100,100022,200,99925,100,100025,100,99916,100,100043,100,99909,100,100056,100,99902,100,100058,100,99893,100
2019-06-28 09:30:00.000000099,100004,100,100003,200,100005,100,99978,100,100006,100,99965,100,100009,100,99962,100,100012,100,99944,100,100022,200,99925,100,100025,100,99916,100,100043,100,99909,100,100056,100,99902,100,100058,100,99893,100
2019-06-28 09:30:10.000000000,100004,158,100003,258,100005,158,99978,158,100006,158,99965,158,100009,158,99962,158,100012,158,99944,158,100022,200,99925,100,100025,100,99916,100,100043,100,99909,100,100056,100,99902,100,100058,100,99893,100
2019-06-28 09:30:14.314000660,100004,158,100003,258,100005,158,99978,158,100006,158,99965,158,100009,158,99962,158,100012,158,99944,158,100022,200,99925,100,100025,100,99916,100,100043,100,99909,100,100056,100,99902,100,100058,100,99897,100
2019-06-28 09:30:17.051025094,100004,158,100003,158,100005,158,99978,158,100006,158,99965,158,100009,158,99962,158,100012,158,99944,158,100022,100,99925,100,100025,100,99916,100,100043,100,99909,100,100056,100,99902,100,100058,100,99897,100
2019-06-28 09:30:20.000000000,100004,198,100003,198,100005,195,99978,195,100006,195,99965,195,100009,100,99962,100,100012,100,99944,100,100022,100,99925,100,100025,100,99916,100,100043,100,99909,100,100056,100,99902,100,100058,100,99897,100
2019-06-28 09:30:30.000000000,100004,172,100003,172,100005,172,99978,172,100006,172,99965,172,100009,172,99962,172,100012,100,99944,100,100022,100,99925,100,100025,100,99916,100,100043,100,99909,100,100056,100,99902,100,100058,100,99897,100
2019-06-28 09:30:39.738165403,100004,172,100003,172,100005,172,99978,172,100006,172,99965,172,100009,172,99962,172,100012,100,99944,100,100022,100,99925,100,100025,100,99916,100,100043,100,99909,100,100056,100,99902,100,100058,100,99897,100
2019-06-28 09:30:40.000000000,100004,198,100003,198,100005,195,99978,195,100006,195,99965,195,100009,100,99962,100,100012,100,99944,100,100022,100,99925,100,100025,100,99916,100,100043,100,99909,100,100056,100,99902,100,100058,100,99897,100
2019-06-28 09:30:49.807649846,100004,198,100003,98,100005,195,99978,195,100006,195,99965,195,100009,100,99962,100,100012,100,99944,100,100022,100,99925,100,100025,100,99916,100,100043,100,99909,100,100056,100,99902,100,100058,100,99897,100
2019-06-28 09:30:50.000000000,100004,158,99978,158,100005,158,99965,158,100006,158,99962,158,100009,158,99944,158,100012,158,99925,158,100022,100,99916,100,100025,100,99909,100,100043,100,99902,100,100056,100,99897,100,100058,100,99893,100
2019-06-28 09:31:00.000000000,100004,244,99978,244,100005,244,99965,244,100006,100,99962,100,100009,100,99944,100,100012,100,99925,100,100022,100,99916,100,100025,100,99909,100,100043,100,99902,100,100056,100,99897,100,100058,100,99893,100
2019-06-28 09:31:04.919719500,100003,100,99978,244,100004,244,99965,244,100005,144,99962,100,100006,100,99944,100,100009,100,99925,100,100012,100,99916,100,100022,100,99909,100,100025,100,99902,100,100043,100,99897,100,100056,100,99893,100
2019-06-28 09:31:10.000000000,100003,389,99978,389,100004,100,99965,100,100006,100,99962,100,100009,100,99944,100,100012,100,99925,100,100022,100,99916,100,100025,100,99909,100,100043,100,99902,100,100056,100,99897,100,100058,100,99893,100
2019-06-28 09:31:20.000000000,100003,198,99978,198,100004,195,99965,195,100006,195,99962,195,100009,100,99944,100,100012,100,99925,100,100022,100,99916,100,100025,100,99909,100,100043,100,99902,100,100056,100,99897,100,100058,100,99893,100
2019-06-28 09:31:22.994451859,100003,198,99978,98,100004,195,99965,195,100006,195,99962,195,100009,100,99944,100,100012,100,99925,100,100022,100,99916,100,100025,100,99909,100,100043,100,99902,100,100058,100,99897,100,100061,100,99893,100
2019-06-28 09:31:26.735253680,99978,2,99965,195,100003,198,99962,195,100004,195,99944,100,100006,195,99925,100,100009,100,99916,100,100012,100,99909,100,100022,100,99902,100,100025,100,99897,100,100043,100,99893,100,100058,100,99892,100
2019-06-28 09:31:30.000000000,99978,291,99965,389,100003,100,99962,100,100004,100,99944,100,100006,100,99925,100,100009,100,99916,100,100012,100,99909,100,100022,100,99902,100,100025,100,99897,100,100043,100,99893,100,100058,100,99892,100
2019-06-28 09:31:40.000000000,99978,146,99965,244,100003,244,99962,244,100004,100,99944,100,100006,100,99925,100,100009,100,99916,100,100012,100,99909,100,100022,100,99902,100,100025,100,99897,100,100043,100,99893,100,100058,100,99892,100
2019-06-28 09:31:42.053833815,99978,146,99965,144,100003,244,99962,244,100004,100,99944,100,100006,100,99925,100,100009,100,99916,100,100012,100,99909,100,100022,100,99902,100,100025,100,99897,100,100058,100,99893,100,100061,100,99892,100
2019-06-28 09:31:50.000000000,99978,146,99962,244,100003,244,99944,244,100004,100,99925,100,100006,100,99916,100,100009,100,99909,100,100012,100,99902,100,100022,100,99897,100,100025,100,99893,100,100058,100,99892,100,100061,100,99890,100
2019-06-28 09:32:00.000000000,99978,146,99962,244,100003,244,99944,244,100004,100,99925,100,100006,100,99916,100,100009,100,99909,100,100012,100,99902,100,100022,100,99897,100,100025,100,99893,100,100058,100,99892,100,100061,100,99890,100
2019-06-28 09:32:10.000000000,99978,74,99962,172,100003,172,99944,172,100004,172,99925,172,100006,172,99916,172,100009,100,99909,100,100012,100,99902,100,100022,100,99897,100,100025,100,99893,100,100058,100,99892,100,100061,100,99890,100
2019-06-28 09:32:20.000000000,99978,146,99962,244,100003,244,99944,244,100004,100,99925,100,100006,100,99916,100,100009,100,99909,100,100012,100,99902,100,100022,100,99897,100,100025,100,99893,100,100058,100,99892,100,100061,100,99890,100
2019-06-28 09:32:30.000000000,99978,291,99962,389,100003,100,99944,100,100004,100,99925,100,100006,100,99916,100,100009,100,99909,100,100012,100,99902,100,100022,100,99897,100,100025,100,99893,100,100058,100,99892,100,100061,100,99890,100
2019-06-28 09:32:40.000000000,99978,100,99962,198,100003,195,99944,195,100004,195,99925,195,100006,100,99916,100,100009,100,99909,100,100012,100,99902,100,100022,100,99897,100,100025,100,99893,100,100058,100,99892,100,100061,100,99890,100
2019-06-28 09:32:40.826613299,99978,100,99962,98,100003,195,99944,195,100004,195,99925,195,100006,100,99916,100,100009,100,99902,100,100012,100,99897,100,100022,100,99893,100,100025,100,99892,100,100058,100,99890,100,100061,100,99887,100
2019-06-28 09:32:50.000000000,99978,291,99944,389,100003,100,99925,100,100004,100,99916,100,100006,100,99902,100,100009,100,99897,100,100012,100,99893,100,100022,100,99892,100,100025,100,99890,100,100058,100,99887,100,100061,100,99883,100
2019-06-28 09:32:52.574112920,99978,291,99944,389,100003,100,99925,100,100004,100,99916,100,100006,100,99902,100,100009,100,99897,100,100012,100,99893,100,100022,100,99892,100,100025,100,99890,100,100058,100,99887,100,100061,100,99883,100
2019-06-28 09:33:00.000000000,99978,146,99944,244,100003,244,99925,244,100004,100,99916,100,100006,100,99902,100,100009,100,99897,100,100012,100,99893,100,100022,100,99892,100,100025,100,99890,100,100058,100,99887,100,100061,100,99883,100
2019-06-28 09:33:00.002794069,99978,146,99944,144,100003,244,99925,244,100004,100,99916,100,100006,100,99902,100,100009,100,99897,100,100012,100,99893,100,100022,100,99892,100,100025,100,99890,100,100058,100,99887,100,100061,100,99883,100
2019-06-28 09:33:10.000000000,99978,146,99925,244,100003,244,99916,244,100004,100,99902,100,100006,100,99897,100,100009,100,99893,100,100012,100,99892,100,100022,100,99890,100,100025,100,99887,100,100058,100,99883,100,100061,100,99882,100
2019-06-28 09:33:20.000000000,99978,146,99925,244,100003,244,99916,244,100004,100,99902,100,100006,100,99897,100,100009,100,99893,100,100012,100,99892,100,100022,100,99890,100,100025,100,99887,100,100058,100,99883,100,100061,100,99882,100
2019-06-28 09:33:20.384913334,99978,146,99925,144,100003,244,99916,244,100004,100,99902,100,100006,100,99897,100,100009,100,99893,100,100012,100,99892,100,100022,100,99890,100,100025,100,99887,100,100058,100,99882,100,100061,100,99855,100
2019-06-28 09:33:30.000000000,99978,291,99916,389,100003,100,99902,100,100004,100,99897,100,100006,100,99893,100,100009,100,99892,100,100012,100,99890,100,100022,100,99887,100,100025,100,99882,100,100058,100,99855,100,100061,100,99832,100
2019-06-28 09:33:40.000000000,99978,100,99916,198,100003,195,99902,195,100004,195,99897,195,100006,100,99893,100,100009,100,99892,100,100012,100,99890,100,100022,100,99887,100,100025,100,99882,100,100058,100,99855,100,100061,100,99832,100
2019-06-28 09:33:50.000000000,99978,74,99916,172,100003,172,99902,172,100004,172,99897,172,100006,172,99893,172,100009,100,99892,100,100012,100,99890,100,100022,100,99887,100,100025,100,99882,100,100058,100,99855,100,100061,100,99832,100
2019-06-28 09:33:52.623484118,100003,172,99978,26,100004,172,99916,172,100006,172,99902,172,100009,100,99897,172,100012,100,99893,172,100022,100,99892,100,100025,100,99890,100,100058,100,99887,100,100061,100,99882,100,100070,100,99855,100
2019-06-28 09:34:00.000000000,100003,158,99978,84,100004,158,99916,158,100006,158,99902,158,100009,158,99897,158,100012,158,99893,158,100022,100,99892,100,100025,100,99890,100,100058,100,99887,100,100061,100,99882,100,100070,100,99855,100
2019-06-28 09:34:03.095379480,100003,158,99978,84,100004,158,99916,158,100006,158,99902,158,100009,158,99897,158,100012,158,99893,158,100022,100,99892,100,100025,100,99890,100,100058,100,99887,100,100061,100,99882,100,100070,100,99855,100
2019-06-28 09:34:10.000000000,100003,389,99978,315,100004,100,99916,100,100006,100,99902,100,100009,100,99897,100,100012,100,99893,100,100022,100,99892,100,100025,100,99890,100,100058,100,99887,100,100061,100,99882,100,100070,100,99855,100
2019-06-28 09:34:16.095421883,100003,389,99978,315,100004,100,99916,100,100006,100,99902,100,100009,100,99897,100,100022,100,99893,100,100025,100,99892,100,100058,100,99890,100,100061,100,99887,100,100070,100,99882,100,100073,100,99855,100
2019-06-28 09:34:20.000000000,100003,158,99978,84,100004,158,99916,158,100006,158,99902,158,100009,158,99897,158,100022,158,99893,158,100025,100,99892,100,100058,100,99890,100,100061,100,99887,100,100070,100,99882,100,100073,100,99855,100
2019-06-28 09:34:23.792635389,100003,58,99978,84,100004,158,99916,158,100006,158,99902,158,100009,158,99897,158,100022,158,99893,158,100025,100,99892,100,100058,100,99890,100,100061,100,99887,100,100070,100,99882,100,100073,100,99855,100
2019-06-28 09:34:29.185396413,99977,16,99916,158,100003,58,99902,158,100004,158,99897,158,100006,158,99893,158,100009,158,99892,100,100022,158,99890,100,100025,100,99887,100,100058,100,99855,100,100061,100,99815,100,100070,100,99810,100
2019-06-28 09:34:30.000000000,99977,305,99916,389,100004,100,99902,100,100006,100,99897,100,100009,100,99893,100,100022,100,99892,100,100025,100,99890,100,100058,100,99887,100,100061,100,99855,100,100070,100,99815,100,100073,100,99810,100
2019-06-28 09:34:40.000000000,99977,74,99916,158,100004,158,99902,158,100006,158,99897,158,100009,158,99893,158,100022,158,99892,158,100025,100,99890,100,100058,100,99887,100,100061,100,99855,100,100070,100,99815,100,100073,100,99810,100
2019-06-28 09:34:49.026106277,99977,74,99916,158,100004,158,99902,158,100006,158,99897,158,100009,158,99893,158,100022,158,99892,58,100025,100,99890,100,100058,100,99887,100,100061,100,99855,100,100070,100,99817,100,100073,100,99815,100
2019-06-28 09:34:49.134187751,100004,158,99977,26,100006,158,99916,158,100009,158,99902,158,100022,158,99897,158,100025,100,99893,158,100058,100,99892,58,100061,100,99890,100,100070,100,99887,100,100073,100,99855,100,100079,100,99817,100
2019-06-28 09:34:50.000000000,100004,389,99977,315,100006,100,99916,100,100009,100,99902,100,100022,100,99897,100,100025,100,99893,100,100058,100,99890,100,100061,100,99887,100,100070,100,99855,100,100073,100,99817,100,100079,100,99815,100
2019-06-28 09:34:53.703948792,100004,289,99977,315,100006,100,99916,100,100009,100,99902,100,100022,100,99897,100,100025,100,99893,100,100061,100,99890,100,100070,100,99887,100,100073,100,99855,100,100079,100,99817,100,100088,100,99815,100
2019-06-28 09:35:00.000000000,100006,172,99977,98,100009,172,99916,172,100022,172,99902,172,100025,172,99897,172,100061,100,99893,100,100070,100,99890,100,100073,100,99887,100,100079,100,99855,100,100088,100,99817,100,100089,100,99815,100
2019-06-28 09:35:05.183354295,100006,72,99977,98,100009,172,99916,172,100022,172,99902,172,100025,172,99897,172,100061,100,99893,100,100070,100,99890,100,100073,100,99887,100,100079,100,99855,100,100088,100,99817,100,100089,100,99815,100
2019-06-28 09:35:10.000000000,100009,172,99977,98,100022,172,99916,172,100025,172,99902,172,100061,172,99897,172,100070,100,99893,100,100073,100,99890,100,100079,100,99887,100,100088,100,99855,100,100089,100,99817,100,100093,100,99815,100
2019-06-28 09:35:10.664762222,100009,72,99977,98,100022,172,99916,172,100025,172,99902,172,100061,172,99897,172,100070,100,99893,100,100073,100,99890,100,100079,100,99887,100,100088,100,99855,100,100089,100,99817,100,100093,100,99815,100
2019-06-28 09:35:20.000000000,100022,244,99977,170,100025,244,99916,244,100061,100,99902,100,100070,100,99897,100,100073,100,99893,100,100079,100,99890,100,100088,100,99887,100,100089,100,99855,100,100093,100,99817,100,100103,100,99815,100
2019-06-28 09:35:23.163280022,100022,244,99977,170,100025,244,99916,244,100061,100,99902,100,100070,100,99897,100,100073,100,99893,100,100079,100,99890,100,100088,100,99887,100,100089,100,99855,100,100093,100,99817,100,100103,100,99815,100
2019-06-28 09:35:30.000000000,100022,389,99977,315,100025,100,99916,100,100061,100,99902,100,100070,100,99897,100,100073,100,99893,100,100079,100,99890,100,100088,100,99887,100,100089,100,99855,100,100093,100,99817,100,100103,100,99815,100
2019-06-28 09:35:34.222350464,100022,289,99977,315,100025,100,99916,100,100061,100,99902,100,100070,100,99897,100,100073,100,99893,100,100079,100,99890,100,100088,100,99887,100,100089,100,99855,100,100093,100,99817,100,100103,100,99815,100
2019-06-28 09:35:40.000000000,100025,158,99977,84,100061,158,99916,158,100070,158,99902,158,100073,158,99897,158,100079,158,99893,158,100088,100,99890,100,100089,100,99887,100,100093,100,99855,100,100103,100,99817,100,100114,100,99815,100
2019-06-28 09:35:50.000000000,100025,389,99977,315,100061,100,99916,100,100070,100,99902,100,100073,100,99897,100,100079,100,99893,100,100088,100,99890,100,100089,100,99887,100,100093,100,99855,100,100103,100,99817,100,100114,100,99815,100
2019-06-28 09:35:53.332258192,100025,389,100009,100,100061,100,99977,315,100070,100,99916,100,100073,100,99902,100,100079,100,99897,100,100088,100,99893,100,100089,100,99890,100,100093,100,99887,100,100103,100,99855,100,100114,100,99817,100
2019-06-28 09:35:55.392565188,100025,289,100009,100,100061,100,99977,315,100070,100,99916,100,100073,100,99902,100,100079,100,99897,100,100088,100,99893,100,100089,100,99890,100,100093,100,99887,100,100103,100,99855,100,100114,100,99817,100
2019-06-28 09:36:00.000000000,100061,158,100009,158,100070,158,99977,84,100073,158,99916,158,100079,158,99902,158,100088,158,99897,158,100089,100,99893,100,100093,100,99890,100,100103,100,99887,100,100114,100,99855,100,100116,100,99817,100
2019-06-28 09:36:10.000000000,100061,158,100009,158,100070,158,99977,84,100073,158,99916,158,100079,158,99902,158,100088,158,99897,158,100089,100,99893,100,100093,100,99890,100,100103,100,99887,100,100114,100,99855,100,100116,100,99817,100
2019-06-28 09:36:20.000000000,100061,244,100009,244,100070,244,99977,170,100073,100,99916,100,100079,100,99902,100,100088,100,99897,100,100089,100,99893,100,100093,100,99890,100,100103,100,99887,100,100114,100,99855,100,100116,100,99817,100
2019-06-28 09:36:30.000000000,100061,172,100009,172,100070,172,99977,98,100073,172,99916,172,100079,172,99902,172,100088,100,99897,100,100089,100,99893,100,100093,100,99890,100,100103,100,99887,100,100114,100,99855,100,100116,100,99817,100
2019-06-28 09:36:36.072204300,100061,172,100009,172,100070,172,99977,98,100073,172,99916,172,100079,172,99902,172,100088,100,99897,100,100089,100,99893,100,100093,100,99890,100,100103,100,99887,100,100114,100,99856,100,100116,100,99855,100
2019-06-28 09:36:40.000000000,100061,244,100009,244,100070,244,99977,170,100073,100,99916,100,100079,100,99902,100,100088,100,99897,100,100089,100,99893,100,100093,100,99890,100,100103,100,99887,100,100114,100,99856,100,100116,100,99855,100
2019-06-28 09:36:50.000000000,100061,389,100009,389,100070,100,99977,26,100073,100,99916,100,100079,100,99902,100,100088,100,99897,100,100089,100,99893,100,100093,100,99890,100,100103,100,99887,100,100114,100,99856,100,100116,100,99855,100
2019-06-28 09:37:00.000000000,100061,158,100009,158,100070,158,99977,84,100073,158,99916,158,100079,158,99902,158,100088,158,99897,158,100089,100,99893,100,100093,100,99890,100,100103,100,99887,100,100114,100,99856,100,100116,100,99855,100
2019-06-28 09:37:04.166671441,100061,158,100022,100,100070,158,100009,158,100073,158,99977,84,100079,158,99916,158,100088,158,99902,158,100089,100,99897,158,100093,100,99893,100,100103,100,99890,100,100114,100,99887,100,100116,100,99856,100
2019-06-28 09:37:09.308158206,100061,158,100022,100,100070,158,100009,158,100073,158,99977,84,100079,158,99916,158,100088,158,99902,158,100089,100,99897,158,100093,100,99893,100,100103,100,99890,100,100114,100,99887,100,100116,100,99856,100
2019-06-28 09:37:10.000000000,100061,198,100022,198,100070,195,100009,195,100073,195,99977,121,100079,100,99916,100,100088,100,99902,100,100089,100,99897,100,100093,100,99893,100,100103,100,99890,100,100114,100,99887,100,100116,100,99856,100
2019-06-28 09:37:20.000000000,100061,172,100022,172,100070,172,100009,172,100073,172,99977,98,100079,172,99916,172,100088,100,99902,100,100089,100,99897,100,100093,100,99893,100,100103,100,99890,100,100114,100,99887,100,100116,100,99856,100
2019-06-28 09:37:30.000000000,100061,244,100022,244,100070,244,100009,244,100073,100,99977,26,100079,100,99916,100,100088,100,99902,100,100089,100,99897,100,100093,100,99893,100,100103,100,99890,100,100114,100,99887,100,100116,100,99856,100
2019-06-28 09:37:33.416920237,100061,244,100022,244,100070,244,100009,244,100073,100,99977,26,100079,100,99916,100,100088,100,99902,100,100089,100,99893,100,100093,100,99890,100,100103,100,99887,100,100114,100,99856,100,100116,100,99855,100
2019-06-28 09:37:40.000000000,100061,244,100022,244,100070,244,100009,244,100073,100,99977,26,100079,100,99916,100,100088,100,99902,100,100089,100,99893,100,100093,100,99890,100,100103,100,99887,100,100114,100,99856,100,100116,100,99855,100
2019-06-28 09:37:50.000000000,100061,158,100022,158,100070,158,100009,158,100073,158,99977,84,100079,158,99916,158,100088,158,99902,158,100089,100,99893,100,100093,100,99890,100,100103,100,99887,100,100114,100,99856,100,100116,100,99855,100
2019-06-28 09:37:55.945204280,100061,158,100022,158,100070,158,100009,158,100073,158,99977,84,100079,158,99916,158,100088,158,99902,158,100089,100,99900,100,100093,100,99893,100,100103,100,99890,100,100114,100,99887,100,100116,100,99856,100
2019-06-28 09:38:00.000000000,100061,158,100022,158,100070,158,100009,158,100073,158,99977,84,100079,158,99916,158,100088,158,99902,158,100089,100,99900,100,100093,100,99893,100,100103,100,99890,100,100114,100,99887,100,100116,100,99856,100
2019-06-28 09:38:10.000000000,100061,158,100022,158,100070,158,100009,158,100073,158,99977,84,100079,158,99916,158,100088,158,99902,158,100089,100,99900,100,100093,100,99893,100,100103,100,99890,100,100114,100,99887,100,100116,100,99856,100
2019-06-28 09:38:17.418127745,100061,158,100022,58,100070,158,100009,158,100073,158,99977,84,100079,158,99916,158,100088,158,99902,158,100089,100,99900,100,100093,100,99893,100,100103,100,99890,100,100116,100,99887,100,100126,100,99856,100
2019-06-28 09:38:20.000000000,100061,244,100009,244,100070,244,99977,170,100073,100,99916,100,100079,100,99902,100,100088,100,99900,100,100089,100,99893,100,100093,100,99890,100,100103,100,99887,100,100116,100,99856,100,100126,100,99855,100
2019-06-28 09:38:30.000000000,100061,198,100009,198,100070,195,99977,121,100073,195,99916,195,100079,100,99902,100,100088,100,99900,100,100089,100,99893,100,100093,100,99890,100,100103,100,99887,100,100116,100,99856,100,100126,100,99855,100
2019-06-28 09:38:35.613308041,100061,198,100009,98,100070,195,99977,121,100073,195,99916,195,100079,100,99902,100,100088,100,99900,100,100089,100,99893,100,100093,100,99890,100,100103,100,99887,100,100116,100,99856,100,100126,100,99855,100
2019-06-28 09:38:40.000000000,100061,389,99977,315,100070,100,99916,100,100073,100,99902,100,100079,100,99900,100,100088,100,99893,100,100089,100,99890,100,100093,100,99887,100,100103,100,99856,100,100116,100,99855,100,100126,100,99817,100
2019-06-28 09:38:50.000000000,100061,389,99977,315,100070,100,99916,100,100073,100,99902,100,100079,100,99900,100,100088,100,99893,100,100089,100,99890,100,100093,100,99887,100,100103,100,99856,100,100116,100,99855,100,100126,100,99817,100
2019-06-28 09:38:51.829544853,100061,389,99977,315,100070,100,99916,100,100073,100,99902,100,100079,100,99900,100,100088,100,99893,100,100089,100,99890,100,100093,100,99887,100,100103,100,99856,100,100116,100,99855,100,100126,100,99817,100
2019-06-28 09:38:55.853715064,100061,389,99977,315,100070,100,99916,100,100073,100,99902,100,100079,100,99900,100,100088,100,99893,100,100089,100,99890,100,100093,100,99887,100,100103,100,99856,100,100116,100,99855,100,100126,100,99817,100
2019-06-28 09:39:00.000000000,100061,158,99977,84,100070,158,99916,158,100073,158,99902,158,100079,158,99900,158,100088,158,99893,158,100089,100,99890,100,100093,100,99887,100,100103,100,99856,100,100116,100,99855,100,100126,100,99817,100
2019-06-28 09:39:10.000000000,100061,244,99977,170,100070,244,99916,244,100073,100,99902,100,100079,100,99900,100,100088,100,99893,100,100089,100,99890,100,100093,100,99887,100,100103,100,99856,100,100116,100,99855,100,100126,100,99817,100
2019-06-28 09:39:20.000000000,100061,389,99977,315,100070,100,99916,100,100073,100,99902,100,100079,100,99900,100,100088,100,99893,100,100089,100,99890,100,100093,100,99887,100,100103,100,99856,100,100116,100,99855,100,100126,100,99817,100
2019-06-28 09:39:30.000000000,100061,172,99977,98,100070,172,99916,172,100073,172,99902,172,100079,172,99900,172,100088,100,99893,100,100089,100,99890,100,100093,100,99887,100,100103,100,99856,100,100116,100,99855,100,100126,100,99817,100
2019-06-28 09:39:40.000000000,100061,198,99977,124,100070,195,99916,195,100073,195,99902,195,100079,100,99900,100,100088,100,99893,100,100089,100,99890,100,100093,100,99887,100,100103,100,99856,100,100116,100,99855,100,100126,100,99817,100
2019-06-28 09:39:48.338258680,100061,198,99977,124,100070,195,99916,195,100073,195,99902,195,100079,100,99900,100,100088,100,99893,100,100089,100,99890,100,100093,100,99887,100,100103,100,99856,100,100116,100,99855,100,100126,100,99817,100
2019-06-28 09:39:50.000000000,100061,172,99977,98,100070,172,99916,172,100073,172,99902,172,100079,172,99900,172,100088,100,99893,100,100089,100,99890,100,100093,100,99887,100,100103,100,99856,100,100116,100,99855,100,100126,100,99817,100
2019-06-28 09:39:52.682239319,100061,72,99977,98,100070,172,99916,172,100073,172,99902,172,100079,172,99900,72,100088,100,99893,100,100089,100,99890,100,100093,100,99887,100,100103,100,99856,100,100116,100,99855,100,100126,100,99817,100
2019-06-28 09:40:00.000000000,100070,198,99977,124,100073,195,99916,195,100079,195,99902,195,100088,100,99893,100,100089,100,99890,100,100093,100,99887,100,100103,100,99856,100,100116,100,99855,100,100126,100,99817,100,100131,100,99810,100
2019-06-28 09:40:10.000000000,100070,158,99977,84,100073,158,99916,158,100079,158,99902,158,100088,158,99893,158,100089,158,99890,158,100093,100,99887,100,100103,100,99856,100,100116,100,99855,100,100126,100,99817,100,100131,100,99810,100
2019-06-28 09:40:20.000000000,100070,158,99977,84,100073,158,99916,158,100079,158,99902,158,100088,158,99893,158,100089,158,99890,158,100093,100,99887,100,100103,100,99856,100,100116,100,99855,100,100126,100,99817,100,100131,100,99810,100
2019-06-28 09:40:30.000000000,100070,198,99977,124,100073,195,99916,195,100079,195,99902,195,100088,100,99893,100,100089,100,99890,100,100093,100,99887,100,100103,100,99856,100,100116,100,99855,100,100126,100,99817,100,100131,100,99810,100
2019-06-28 09:40:40.000000000,100070,244,99977,170,100073,244,99916,244,100079,100,99902,100,100088,100,99893,100,100089,100,99890,100,100093,100,99887,100,100103,100,99856,100,100116,100,99855,100,100126,100,99817,100,100131,100,99810,100
2019-06-28 09:40:50.000000000,100070,389,99977,315,100073,100,99916,100,100079,100,99902,100,100088,100,99893,100,100089,100,99890,100,100093,100,99887,100,100103,100,99856,100,100116,100,99855,100,100126,100,99817,100,100131,100,99810,100
2019-06-28 09:40:53.086603170,99986,100,99977,315,100070,389,99916,100,100073,100,99902,100,100079,100,99893,100,100088,100,99890,100,100089,100,99887,100,100093,100,99856,100,100103,100,99855,100,100116,100,99817,100,100126,100,99810,100
2019-06-28 09:41:00.000000000,99986,198,99977,124,100070,195,99916,195,100073,195,99902,195,100079,100,99893,100,100088,100,99890,100,100089,100,99887,100,100093,100,99856,100,100103,100,99855,100,100116,100,99817,100,100126,100,99810,100
2019-06-28 09:41:10.000000000,99986,198,99977,124,100070,195,99916,195,100073,195,99902,195,100079,100,99893,100,100088,100,99890,100,100089,100,99887,100,100093,100,99856,100,100103,100,99855,100,100116,100,99817,100,100126,100,99810,100
2019-06-28 09:41:20.000000000,99986,244,99977,170,100070,244,99916,244,100073,100,99902,100,100079,100,99893,100,100088,100,99890,100,100089,100,99887,100,100093,100,99856,100,100103,100,99855,100,100116,100,99817,100,100126,100,99810,100
2019-06-28 09:41:30.000000000,99986,172,99977,98,100070,172,99916,172,100073,172,99902,172,100079,172,99893,172,100088,100,99890,100,100089,100,99887,100,100093,100,99856,100,100103,100,99855,100,100116,100,99817,100,100126,100,99810,100
2019-06-28 09:41:40.000000000,99986,198,99977,124,100070,195,99916,195,100073,195,99902,195,100079,100,99893,100,100088,100,99890,100,100089,100,99887,100,100093,100,99856,100,100103,100,99855,100,100116,100,99817,100,100126,100,99810,100
2019-06-28 09:41:50.000000000,99986,198,99977,124,100070,195,99916,195,100073,195,99902,195,100079,100,99893,100,100088,100,99890,100,100089,100,99887,100,100093,100,99856,100,100103,100,99855,100,100116,100,99817,100,100126,100,99810,100
2019-06-28 09:41:55.072095143,99986,98,99977,124,100070,195,99916,195,100073,195,99902,195,100079,100,99893,100,100088,100,99890,100,100089,100,99887,100,100093,100,99856,100,100103,100,99855,100,100116,100,99817,100,100126,100,99810,100
2019-06-28 09:42:00.000000000,100070,389,99977,315,100073,100,99916,100,100079,100,99902,100,100088,100,99893,100,100089,100,99890,100,100093,100,99887,100,100103,100,99856,100,100116,100,99855,100,100126,100,99817,100,100131,100,99810,100
2019-06-28 09:42:10.000000000,100070,172,99977,98,100073,172,99916,172,100079,172,99902,172,100088,172,99893,172,100089,100,99890,100,100093,100,99887,100,100103,100,99856,100,100116,100,99855,100,100126,100,99817,100,100131,100,99810,100
2019-06-28 09:42:20.000000000,100070,198,99977,124,100073,195,99916,195,100079,195,99902,195,100088,100,99893,100,100089,100,99890,100,100093,100,99887,100,100103,100,99856,100,100116,100,99855,100,100126,100,99817,100,100131,100,99810,100
2019-06-28 09:42:29.988295130,100070,198,99977,24,100073,195,99916,195,100079,195,99902,195,100088,100,99893,100,100089,100,99890,100,100093,100,99856,100,100103,100,99855,100,100116,100,99817,100,100126,100,99810,100,100131,100,99809,100
2019-06-28 09:42:30.000000000,100070,198,99916,198,100073,195,99902,195,100079,195,99893,195,100088,100,99890,100,100089,100,99856,100,100093,100,99855,100,100103,100,99817,100,100116,100,99810,100,100126,100,99809,100,100131,100,99786,100
2019-06-28 09:42:34.986455437,100070,198,99948,100,100073,195,99916,198,100079,95,99902,195,100088,100,99893,195,100089,100,99890,100,100093,100,99856,100,100103,100,99855,100,100116,100,99817,100,100126,100,99810,100,100131,100,99809,100
2019-06-28 09:42:40.000000000,100070,389,99948,389,100073,100,99916,100,100088,100,99902,100,100089,100,99893,100,100093,100,99890,100,100103,100,99856,100,100116,100,99855,100,100126,100,99817,100,100131,100,99810,100,100138,100,99809,100
2019-06-28 09:42:50.000000000,100070,172,99948,172,100073,172,99916,172,100088,172,99902,172,100089,172,99893,172,100093,100,99890,100,100103,100,99856,100,100116,100,99855,100,100126,100,99817,100,100131,100,99810,100,100138,100,99809,100
2019-06-28 09:43:00.000000000,100070,244,99948,244,100073,244,99916,244,100088,100,99902,100,100089,100,99893,100,100093,100,99890,100,100103,100,99856,100,100116,100,99855,100,100126,100,99817,100,100131,100,99810,100,100138,100,99809,100
2019-06-28 09:43:03.767384747,99985,100,99948,244,100070,244,99916,244,100073,244,99902,100,100088,100,99893,100,100089,100,99890,100,100093,100,99856,100,100103,100,99817,100,100116,100,99810,100,100126,100,99809,100,100131,100,99786,100
2019-06-28 09:43:10.000000000,99985,172,99948,172,100070,172,99916,172,100073,172,99902,172,100088,172,99893,172,100089,100,99890,100,100093,100,99856,100,100103,100,99817,100,100116,100,99810,100,100126,100,99809,100,100131,100,99786,100
2019-06-28 09:43:17.348601252,99985,272,99948,172,100070,172,99916,172,100073,172,99902,172,100088,172,99893,172,100089,100,99890,100,100093,100,99856,100,100103,100,99817,100,100116,100,99810,100,100126,100,99809,100,100131,100,99786,100
2019-06-28 09:43:20.000000000,99985,489,99948,389,100070,100,99916,100,100073,100,99902,100,100088,100,99893,100,100089,100,99890,100,100093,100,99856,100,100103,100,99817,100,100116,100,99810,100,100126,100,99809,100,100131,100,99786,100
2019-06-28 09:43:22.771185371,99985,589,99948,389,100070,100,99916,100,100073,100,99902,100,100088,100,99893,100,100089,100,99890,100,100093,100,99856,100,100103,100,99817,100,100116,100,99810,100,100126,100,99809,100,100131,100,99786,100
2019-06-28 09:43:30.000000000,99985,358,99948,158,100070,158,99916,158,100073,158,99902,158,100088,158,99893,158,100089,158,99890,158,100093,100,99856,100,100103,100,99817,100,100116,100,99810,100,100126,100,99809,100,100131,100,99786,100
2019-06-28 09:43:35.727376746,99985,358,99948,158,100070,158,99916,158,100073,158,99902,158,100088,158,99893,158,100089,158,99890,158,100093,100,99856,100,100103,100,99817,100,100116,100,99810,100,100126,100,99809,100,100131,100,99786,100
2019-06-28 09:43:40.000000000,99985,444,99948,244,100070,244,99916,244,100073,100,99902,100,100088,100,99893,100,100089,100,99890,100,100093,100,99856,100,100103,100,99817,100,100116,100,99810,100,100126,100,99809,100,100131,100,99786,100
2019-06-28 09:43:43.545148281,99985,444,99948,244,100070,244,99916,244,100073,100,99902,100,100088,100,99893,100,100089,100,99890,100,100093,100,99856,100,100116,100,99817,100,100126,100,99810,100,100131,100,99809,100,100138,100,99786,100
2019-06-28 09:43:45.731804805,99985,444,99948,244,100070,244,99916,244,100073,100,99902,100,100088,100,99893,100,100089,100,99890,100,100093,100,99868,100,100116,100,99856,100,100126,100,99817,100,100131,100,99810,100,100138,100,99809,100
2019-06-28 09:43:45.865030306,99985,444,99948,144,100070,244,99916,244,100073,100,99902,100,100088,100,99893,100,100089,100,99890,100,100093,100,99868,100,100116,100,99856,100,100126,100,99810,100,100131,100,99809,100,100138,100,99786,100
2019-06-28 09:43:50.000000000,99985,372,99916,172,100070,172,99902,172,100073,172,99893,172,100088,172,99890,172,100089,100,99868,100,100093,100,99856,100,100116,100,99810,100,100126,100,99809,100,100131,100,99786,100,100138,100,99714,100
2019-06-28 09:44:00.000000000,99985,398,99916,198,100070,195,99902,195,100073,195,99893,195,100088,100,99890,100,100089,100,99868,100,100093,100,99856,100,100116,100,99810,100,100126,100,99809,100,100131,100,99786,100,100138,100,99714,100
2019-06-28 09:44:08.254232352,99985,398,99916,198,100070,195,99902,195,100073,195,99893,195,100088,100,99890,100,100089,100,99875,100,100093,100,99868,100,100116,100,99856,100,100126,100,99810,100,100131,100,99809,100,100138,100,99786,100
2019-06-28 09:44:10.000000000,99985,398,99916,198,100070,195,99902,195,100073,195,99893,195,100088,100,99890,100,100089,100,99875,100,100093,100,99868,100,100116,100,99856,100,100126,100,99810,100,100131,100,99809,100,100138,100,99786,100
2019-06-28 09:44:20.000000000,99985,444,99916,244,100070,244,99902,244,100073,100,99893,100,100088,100,99890,100,100089,100,99875,100,100093,100,99868,100,100116,100,99856,100,100126,100,99810,100,100131,100,99809,100,100138,100,99786,100
2019-06-28 09:44:20.787853586,99936,100,99916,244,99985,444,99902,244,100070,244,99893,100,100073,100,99890,100,100088,100,99875,100,100089,100,99868,100,100093,100,99856,100,100116,100,99810,100,100126,100,99809,100,100131,100,99786,100
2019-06-28 09:44:25.697968060,99936,100,99916,244,99985,444,99902,244,100070,244,99893,100,100073,100,99890,100,100087,100,99875,100,100088,100,99868,100,100089,100,99856,100,100093,100,99810,100,100116,100,99809,100,100126,100,99714,100
2019-06-28 09:44:29.093070932,99985,444,99916,244,100070,244,99902,244,100073,100,99893,100,100087,100,99890,100,100088,100,99875,100,100089,100,99868,100,100093,100,99856,100,100116,100,99810,100,100126,100,99809,100,100131,100,99714,100
2019-06-28 09:44:30.000000000,99985,589,99916,389,100070,100,99902,100,100073,100,99893,100,100087,100,99890,100,100088,100,99875,100,100089,100,99868,100,100093,100,99856,100,100116,100,99810,100,100126,100,99809,100,100131,100,99714,100
2019-06-28 09:44:32.194874384,99985,589,99916,389,100070,100,99902,100,100073,100,99893,100,100087,100,99890,100,100088,100,99875,100,100089,100,99868,100,100093,100,99856,100,100116,100,99810,100,100126,100,99809,100,100128,100,99714,100
2019-06-28 09:44:40.000000000,99985,358,99916,158,100070,158,99902,158,100073,158,99893,158,100087,158,99890,158,100088,158,99875,158,100089,100,99868,100,100093,100,99856,100,100116,100,99810,100,100126,100,99809,100,100128,100,99714,100
2019-06-28 09:44:44.401694841,99985,258,99916,158,100070,158,99902,158,100073,158,99893,158,100087,58,99890,158,100088,158,99875,158,100089,100,99868,100,100093,100,99856,100,100116,100,99810,100,100126,100,99809,100,100128,100,99714,100
2019-06-28 09:44:50.000000000,99985,272,99916,172,100070,172,99902,172,100073,172,99893,172,100088,172,99890,172,100089,100,99875,100,100093,100,99868,100,100116,100,99856,100,100126,100,99810,100,100128,100,99809,100,100131,100,99714,100
2019-06-28 09:44:52.679499934,99985,272,99936,100,100070,172,99916,172,100073,172,99902,172,100088,172,99893,172,100089,100,99890,172,100093,100,99875,100,100116,100,99868,100,100126,100,99856,100,100128,100,99810,100,100131,100,99809,100
2019-06-28 09:44:52.737331346,99985,272,99936,100,100070,72,99916,172,100073,172,99902,172,100088,172,99893,172,100089,100,99890,172,100093,100,99875,100,100116,100,99868,100,100126,100,99856,100,100128,100,99810,100,100131,100,99809,100
2019-06-28 09:44:59.917808782,99985,272,99936,100,100070,72,99916,172,100073,72,99902,172,100088,172,99893,172,100089,100,99890,172,100093,100,99875,100,100116,100,99868,100,100126,100,99856,100,100128,100,99810,100,100131,100,99809,100
2019-06-28 09:45:00.000000000,99985,258,99936,158,100088,158,99916,158,100089,158,99902,158,100093,158,99893,158,100116,158,99890,158,100126,100,99875,100,100128,100,99868,100,100131,100,99856,100,100138,100,99810,100,100227,100,99809,100
2019-06-28 09:45:02.987861392,99985,258,99936,158,100088,158,99916,158,100089,158,99902,158,100093,158,99893,158,100116,158,99890,158,100126,100,99875,100,100128,100,99868,100,100131,100,99856,100,100138,100,99810,100,100227,100,99809,100
2019-06-28 09:45:08.645739701,99985,158,99936,158,100088,158,99916,158,100089,158,99902,158,100093,58,99893,158,100116,158,99890,158,100126,100,99875,100,100128,100,99868,100,100131,100,99856,100,100138,100,99810,100,100227,100,99809,100
2019-06-28 09:45:10.000000000,99985,244,99936,244,100088,244,99916,244,100089,100,99902,100,100116,100,99893,100,100126,100,99890,100,100128,100,99875,100,100131,100,99868,100,100138,100,99856,100,100227,100,99810,100,100316,100,99809,100
2019-06-28 09:45:20.000000000,99985,158,99936,158,100088,158,99916,158,100089,158,99902,158,100116,158,99893,158,100126,158,99890,158,100128,100,99875,100,100131,100,99868,100,100138,100,99856,100,100227,100,99810,100,100316,100,99809,100
2019-06-28 09:45:30.000000000,99985,198,99936,198,100088,195,99916,195,100089,195,99902,195,100116,100,99893,100,100126,100,99890,100,100128,100,99875,100,100131,100,99868,100,100138,100,99856,100,100227,100,99810,100,100316,100,99809,100
2019-06-28 09:45:30.490254168,99985,98,99936,198,100088,195,99916,195,100089,195,99902,195,100116,100,99893,100,100126,100,99890,100,100128,100,99875,100,100131,100,99868,100,100138,100,99856,100,100227,100,99810,100,100316,100,99809,100
2019-06-28 09:45:40.000000000,100088,172,99936,172,100089,172,99916,172,100116,172,99902,172,100126,172,99893,172,100128,100,99890,100,100131,100,99875,100,100138,100,99868,100,100227,100,99856,100,100316,100,99810,100,100388,100,99809,100
2019-06-28 09:45:50.000000000,100088,158,99936,158,100089,158,99916,158,100116,158,99902,158,100126,158,99893,158,100128,158,99890,158,100131,100,99875,100,100138,100,99868,100,100227,100,99856,100,100316,100,99810,100,100388,100,99809,100
2019-06-28 09:45:58.358663587,100088,158,99985,100,100089,158,99936,158,100116,158,99916,158,100126,158,99902,158,100128,158,99893,158,100131,100,99890,158,100138,100,99875,100,100227,100,99868,100,100316,100,99856,100,100388,100,99810,100
2019-06-28 09:46:00.000000000,100088,198,99985,198,100089,195,99936,195,100116,195,99916,195,100126,100,99902,100,100128,100,99893,100,100131,100,99890,100,100138,100,99875,100,100227,100,99868,100,100316,100,99856,100,100388,100,99810,100
2019-06-28 09:46:10.000000000,100088,158,99985,158,100089,158,99936,158,100116,158,99916,158,100126,158,99902,158,100128,158,99893,158,100131,100,99890,100,100138,100,99875,100,100227,100,99868,100,100316,100,99856,100,100388,100,99810,100
2019-06-28 09:46:20.000000000,100088,389,99985,389,100089,100,99936,100,100116,100,99916,100,100126,100,99902,100,100128,100,99893,100,100131,100,99890,100,100138,100,99875,100,100227,100,99868,100,100316,100,99856,100,100388,100,99810,100
2019-06-28 09:46:23.753328322,100088,289,99985,389,100089,100,99936,100,100116,100,99916,100,100126,100,99902,100,100128,100,99893,100,100131,100,99890,100,100138,100,99875,100,100227,100,99868,100,100316,100,99856,100,100388,100,99809,100
2019-06-28 09:46:30.000000000,100089,198,99985,198,100116,195,99936,195,100126,195,99916,195,100128,100,99902,100,100131,100,99893,100,100138,100,99890,100,100227,100,99875,100,100316,100,99868,100,100388,100,99856,100,100405,100,99809,100
2019-06-28 09:46:37.014728685,100089,198,99986,100,100116,195,99985,198,100126,195,99936,195,100128,100,99916,195,100131,100,99902,100,100138,100,99893,100,100227,100,99890,100,100316,100,99875,100,100388,100,99868,100,100405,100,99856,100
2019-06-28 09:46:40.000000000,100089,389,99986,389,100116,100,99985,100,100126,100,99936,100,100128,100,99916,100,100131,100,99902,100,100138,100,99893,100,100227,100,99890,100,100316,100,99875,100,100388,100,99868,100,100405,100,99856,100
2019-06-28 09:46:50.000000000,100089,244,99986,244,100116,244,99985,244,100126,100,99936,100,100128,100,99916,100,100131,100,99902,100,100138,100,99893,100,100227,100,99890,100,100316,100,99875,100,100388,100,99868,100,100405,100,99856,100
2019-06-28 09:47:00.000000000,100089,172,99986,172,100116,172,99985,172,100126,172,99936,172,100128,172,99916,172,100131,100,99902,100,100138,100,99893,100,100227,100,99890,100,100316,100,99875,100,100388,100,99868,100,100405,100,99856,100
2019-06-28 09:47:02.782308688,100089,172,99986,172,100116,172,99985,172,100126,172,99936,172,100128,172,99916,172,100131,100,99902,100,100138,100,99893,100,100227,100,99890,100,100316,100,99875,100,100388,100,99868,100,100405,100,99856,100
2019-06-28 09:47:10.000000000,100089,172,99986,172,100116,172,99985,172,100126,172,99936,172,100128,172,99916,172,100131,100,99902,100,100138,100,99893,100,100227,100,99890,100,100316,100,99875,100,100388,100,99868,100,100405,100,99856,100
2019-06-28 09:47:10.776891879,100089,172,99986,172,100116,172,99985,172,100126,172,99936,172,100128,172,99916,172,100131,100,99902,100,100138,100,99893,100,100227,100,99890,100,100316,100,99875,100,100388,100,99868,100,100405,100,99856,100
2019-06-28 09:47:12.109567770,100089,172,99986,272,100116,172,99985,172,100126,172,99936,172,100128,172,99916,172,100131,100,99902,100,100138,100,99893,100,100227,100,99890,100,100316,100,99875,100,100388,100,99868,100,100405,100,99856,100
2019-06-28 09:47:18.729177151,100089,172,99986,272,100116,172,99985,172,100126,172,99936,172,100128,172,99916,172,100131,100,99902,100,100138,100,99893,100,100227,100,99890,100,100316,100,99875,100,100388,100,99868,100,100405,100,99856,100
2019-06-28 09:47:20.000000000,100089,198,99986,298,100116,195,99985,195,100126,195,99936,195,100128,100,99916,100,100131,100,99902,100,100138,100,99893,100,100227,100,99890,100,100316,100,99875,100,100388,100,99868,100,100405,100,99856,100
2019-06-28 09:47:30.000000000,100089,172,99986,272,100116,172,99985,172,100126,172,99936,172,100128,172,99916,172,100131,100,99902,100,100138,100,99893,100,100227,100,99890,100,100316,100,99875,100,100388,100,99868,100,100405,100,99856,100
2019-06-28 09:47:31.544632408,100089,172,99986,272,100116,172,99985,172,100126,172,99936,72,100128,172,99916,172,100131,100,99902,100,100138,100,99893,100,100227,100,99890,100,100316,100,99875,100,100388,100,99868,100,100405,100,99856,100
2019-06-28 09:47:36.801488140,100089,72,99986,272,100116,172,99985,172,100126,172,99936,72,100128,172,99916,172,100131,100,99902,100,100138,100,99893,100,100227,100,99890,100,100316,100,99875,100,100388,100,99868,100,100405,100,99856,100
2019-06-28 09:47:40.000000000,100116,244,99986,344,100126,244,99985,244,100128,100,99916,100,100131,100,99902,100,100138,100,99893,100,100227,100,99890,100,100316,100,99875,100,100388,100,99868,100,100405,100,99856,100,100508,100,99809,100
2019-06-28 09:47:50.000000000,100116,389,99986,489,100126,100,99985,100,100128,100,99916,100,100131,100,99902,100,100138,100,99893,100,100227,100,99890,100,100316,100,99875,100,100388,100,99868,100,100405,100,99856,100,100508,100,99809,100
2019-06-28 09:48:00.000000000,100116,172,99986,272,100126,172,99985,172,100128,172,99916,172,100131,172,99902,172,100138,100,99893,100,100227,100,99890,100,100316,100,99875,100,100388,100,99868,100,100405,100,99856,100,100508,100,99809,100
2019-06-28 09:48:10.000000000,100116,198,99986,298,100126,195,99985,195,100128,195,99916,195,100131,100,99902,100,100138,100,99893,100,100227,100,99890,100,100316,100,99875,100,100388,100,99868,100,100405,100,99856,100,100508,100,99809,100
2019-06-28 09:48:14.294552199,100116,198,99986,198,100126,195,99985,195,100128,195,99916,195,100131,100,99902,100,100138,100,99893,100,100227,100,99890,100,100316,100,99875,100,100388,100,99868,100,100405,100,99856,100,100508,100,99809,100
2019-06-28 09:48:16.577319140,100116,198,100006,100,100126,195,99986,198,100128,195,99985,195,100131,100,99916,195,100138,100,99902,100,100227,100,99893,100,100316,100,99890,100,100388,100,99875,100,100405,100,99868,100,100508,100,99856,100
2019-06-28 09:48:20.000000000,100116,172,100006,172,100126,172,99986,172,100128,172,99985,172,100131,172,99916,172,100138,100,99902,100,100227,100,99893,100,100316,100,99890,100,100388,100,99875,100,100405,100,99868,100,100508,100,99856,100
2019-06-28 09:48:30.000000000,100116,244,100006,244,100126,244,99986,244,100128,100,99985,100,100131,100,99916,100,100138,100,99902,100,100227,100,99893,100,100316,100,99890,100,100388,100,99875,100,100405,100,99868,100,100508,100,99856,100
2019-06-28 09:48:40.000000000,100116,198,100006,198,100126,195,99986,195,100128,195,99985,195,100131,100,99916,100,100138,100,99902,100,100227,100,99893,100,100316,100,99890,100,100388,100,99875,100,100405,100,99868,100,100508,100,99856,100
2019-06-28 09:48:45.140302028,100087,100,100006,198,100116,198,99986,195,100126,195,99985,195,100128,195,99916,100,100131,100,99902,100,100138,100,99893,100,100227,100,99890,100,100316,100,99875,100,100388,100,99868,100,100405,100,99856,100
2019-06-28 09:48:49.482992430,100087,200,100006,198,100116,198,99986,195,100126,195,99985,195,100128,195,99916,100,100131,100,99902,100,100138,100,99893,100,100227,100,99890,100,100316,100,99875,100,100388,100,99868,100,100405,100,99856,100
2019-06-28 09:48:50.000000000,100087,272,100006,172,100116,172,99986,172,100126,172,99985,172,100128,172,99916,172,100131,100,99902,100,100138,100,99893,100,100227,100,99890,100,100316,100,99875,100,100388,100,99868,100,100405,100,99856,100
2019-06-28 09:49:00.000000000,100087,489,100006,389,100116,100,99986,100,100126,100,99985,100,100128,100,99916,100,100131,100,99902,100,100138,100,99893,100,100227,100,99890,100,100316,100,99875,100,100388,100,99868,100,100405,100,99856,100
2019-06-28 09:49:10.000000000,100087,489,100006,389,100116,100,99986,100,100126,100,99985,100,100128,100,99916,100,100131,100,99902,100,100138,100,99893,100,100227,100,99890,100,100316,100,99875,100,100388,100,99868,100,100405,100,99856,100
2019-06-28 09:49:10.386058658,100087,489,100018,100,100116,100,100006,389,100126,100,99986,100,100128,100,99985,100,100131,100,99916,100,100138,100,99902,100,100227,100,99893,100,100316,100,99890,100,100388,100,99875,100,100405,100,99868,100
2019-06-28 09:49:20.000000000,100087,489,100018,389,100116,100,100006,100,100126,100,99986,100,100128,100,99985,100,100131,100,99916,100,100138,100,99902,100,100227,100,99893,100,100316,100,99890,100,100388,100,99875,100,100405,100,99868,100
2019-06-28 09:49:24.516586683,100087,489,100018,289,100116,100,100006,100,100126,100,99986,100,100128,100,99985,100,100131,100,99916,100,100138,100,99902,100,100227,100,99893,100,100316,100,99890,100,100388,100,99875,100,100405,100,99868,100
2019-06-28 09:49:30.000000000,100087,489,100006,389,100116,100,99986,100,100126,100,99985,100,100128,100,99916,100,100131,100,99902,100,100138,100,99893,100,100227,100,99890,100,100316,100,99875,100,100388,100,99868,100,100405,100,99856,100
2019-06-28 09:49:40.000000000,100087,272,100006,172,100116,172,99986,172,100126,172,99985,172,100128,172,99916,172,100131,100,99902,100,100138,100,99893,100,100227,100,99890,100,100316,100,99875,100,100388,100,99868,100,100405,100,99856,100
2019-06-28 09:49:43.174773045,100087,272,100006,72,100116,172,99986,172,100126,172,99985,172,100128,172,99916,172,100131,100,99902,100,100138,100,99893,100,100227,100,99890,100,100388,100,99875,100,100405,100,99868,100,100508,100,99856,100
2019-06-28 09:49:50.000000000,100087,298,99986,198,100116,195,99985,195,100126,195,99916,195,100128,100,99902,100,100131,100,99893,100,100138,100,99890,100,100227,100,99875,100,100388,100,99868,100,100405,100,99856,100,100508,100,99809,100
2019-06-28 09:50:00.000000000,100087,489,99986,389,100116,100,99985,100,100126,100,99916,100,100128,100,99902,100,100131,100,99893,100,100138,100,99890,100,100227,100,99875,100,100388,100,99868,100,100405,100,99856,100,100508,100,99809,100
2019-06-28 09:50:10.000000000,100087,298,99986,198,100116,195,99985,195,100126,195,99916,195,100128,100,99902,100,100131,100,99893,100,100138,100,99890,100,100227,100,99875,100,100388,100,99868,100,100405,100,99856,100,100508,100,99809,100
2019-06-28 09:50:20.000000000,100087,298,99986,198,100116,195,99985,195,100126,195,99916,195,100128,100,99902,100,100131,100,99893,100,100138,100,99890,100,100227,100,99875,100,100388,100,99868,100,100405,100,99856,100,100508,100,99809,100
2019-06-28 09:50:30.000000000,100087,489,99986,389,100116,100,99985,100,100126,100,99916,100,100128,100,99902,100,100131,100,99893,100,100138,100,99890,100,100227,100,99875,100,100388,100,99868,100,100405,100,99856,100,100508,100,99809,100
2019-06-28 09:50:40.000000000,100087,298,99986,198,100116,195,99985,195,100126,195,99916,195,100128,100,99902,100,100131,100,99893,100,100138,100,99890,100,100227,100,99875,100,100388,100,99868,100,100405,100,99856,100,100508,100,99809,100
2019-06-28 09:50:50.000000000,100087,258,99986,158,100116,158,99985,158,100126,158,99916,158,100128,158,99902,158,100131,158,99893,158,100138,100,99890,100,100227,100,99875,100,100388,100,99868,100,100405,100,99856,100,100508,100,99809,100
2019-06-28 09:50:59.321335475,100087,258,99986,158,100116,158,99985,158,100126,158,99916,158,100128,158,99902,158,100131,158,99893,158,100138,100,99890,100,100227,100,99875,100,100388,100,99868,100,100405,100,99856,100,100508,100,99809,100
2019-06-28 09:51:00.000000000,100087,272,99986,172,100116,172,99985,172,100126,172,99916,172,100128,172,99902,172,100131,100,99893,100,100138,100,99890,100,100227,100,99875,100,100388,100,99868,100,100405,100,99856,100,100508,100,99809,100
2019-06-28 09:51:10.000000000,100087,344,99986,244,100116,244,99985,244,100126,100,99916,100,100128,100,99902,100,100131,100,99893,100,100138,100,99890,100,100227,100,99875,100,100388,100,99868,100,100405,100,99856,100,100508,100,99809,100
2019-06-28 09:51:20.000000000,100087,298,99986,198,100116,195,99985,195,100126,195,99916,195,100128,100,99902,100,100131,100,99893,100,100138,100,99890,100,100227,100,99875,100,100388,100,99868,100,100405,100,99856,100,100508,100,99809,100
2019-06-28 09:51:30.000000000,100087,258,99986,158,100116,158,99985,158,100126,158,99916,158,100128,158,99902,158,100131,158,99893,158,100138,100,99890,100,100227,100,99875,100,100388,100,99868,100,100405,100,99856,100,100508,100,99809,100
2019-06-28 09:51:40.000000000,100087,272,99986,172,100116,172,99985,172,100126,172,99916,172,100128,172,99902,172,100131,100,99893,100,100138,100,99890,100,100227,100,99875,100,100388,100,99868,100,100405,100,99856,100,100508,100,99809,100
2019-06-28 09:51:45.652113463,100018,100,99986,172,100087,272,99985,172,100116,172,99916,172,100126,172,99902,172,100128,172,99893,100,100131,100,99890,100,100138,100,99875,100,100227,100,99868,100,100388,100,99856,100,100405,100,99809,100
2019-06-28 09:51:50.000000000,100018,158,99986,158,100087,258,99985,158,100116,158,99916,158,100126,158,99902,158,100128,158,99893,158,100131,100,99890,100,100138,100,99875,100,100227,100,99868,100,100388,100,99856,100,100405,100,99809,100
2019-06-28 09:51:50.140796671,100018,158,99986,158,100087,258,99985,158,100116,158,99916,158,100126,158,99902,158,100128,158,99893,158,100131,100,99890,100,100138,100,99875,100,100227,100,99868,100,100388,100,99856,100,100405,100,99809,100
2019-06-28 09:52:00.000000000,100018,198,99986,198,100087,295,99985,195,100116,195,99916,195,100126,100,99902,100,100128,100,99893,100,100131,100,99890,100,100138,100,99875,100,100227,100,99868,100,100388,100,99856,100,100405,100,99809,100
2019-06-28 09:52:10.000000000,100018,389,99986,389,100087,200,99985,100,100116,100,99916,100,100126,100,99902,100,100128,100,99893,100,100131,100,99890,100,100138,100,99875,100,100227,100,99868,100,100388,100,99856,100,100405,100,99809,100
2019-06-28 09:52:20.000000000,100018,158,99986,158,100087,258,99985,158,100116,158,99916,158,100126,158,99902,158,100128,158,99893,158,100131,100,99890,100,100138,100,99875,100,100227,100,99868,100,100388,100,99856,100,100405,100,99809,100
2019-06-28 09:52:29.656171792,100018,158,99986,58,100087,258,99985,158,100116,158,99916,158,100126,158,99902,158,100128,158,99893,158,100131,100,99890,100,100138,100,99875,100,100227,100,99868,100,100388,100,99856,100,100405,100,99714,100
2019-06-28 09:52:30.000000000,100018,172,99985,172,100087,272,99916,172,100116,172,99902,172,100126,172,99893,172,100128,100,99890,100,100131,100,99875,100,100138,100,99868,100,100227,100,99856,100,100388,100,99714,100,100405,100,99704,100
2019-06-28 09:52:39.445272589,100018,172,99985,72,100087,272,99916,172,100116,172,99902,172,100126,172,99893,172,100128,100,99890,100,100131,100,99875,100,100138,100,99868,100,100227,100,99856,100,100388,100,99714,100,100405,100,99704,100
2019-06-28 09:52:40.000000000,100018,198,99916,198,100087,295,99902,195,100116,195,99893,195,100126,100,99890,100,100128,100,99875,100,100131,100,99868,100,100138,100,99856,100,100227,100,99714,100,100388,100,99704,100,100405,100,99701,100
2019-06-28 09:52:50.000000000,100018,389,99916,389,100087,200,99902,100,100116,100,99893,100,100126,100,99890,100,100128,100,99875,100,100131,100,99868,100,100138,100,99856,100,100227,100,99714,100,100388,100,99704,100,100405,100,99701,100
2019-06-28 09:53:00.000000000,100018,198,99916,198,100087,295,99902,195,100116,195,99893,195,100126,100,99890,100,100128,100,99875,100,100131,100,99868,100,100138,100,99856,100,100227,100,99714,100,100388,100,99704,100,100405,100,99701,100
2019-06-28 09:53:10.000000000,100018,172,99916,172,100087,272,99902,172,100116,172,99893,172,100126,172,99890,172,100128,100,99875,100,100131,100,99868,100,100138,100,99856,100,100227,100,99714,100,100388,100,99704,100,100405,100,99701,100
2019-06-28 09:53:20.000000000,100018,198,99916,198,100087,295,99902,195,100116,195,99893,195,100126,100,99890,100,100128,100,99875,100,100131,100,99868,100,100138,100,99856,100,100227,100,99714,100,100388,100,99704,100,100405,100,99701,100
2019-06-28 09:53:20.843855686,100018,198,99916,198,100087,295,99902,195,100116,195,99893,195,100126,100,99890,100,100128,100,99875,100,100131,100,99868,100,100138,100,99856,100,100227,100,99714,100,100388,100,99704,100,100405,100,99701,100
2019-06-28 09:53:30.000000000,100018,198,99916,198,100087,295,99902,195,100116,195,99893,195,100126,100,99890,100,100128,100,99875,100,100131,100,99868,100,100138,100,99856,100,100227,100,99714,100,100388,100,99704,100,100405,100,99701,100
2019-06-28 09:53:31.502688303,100018,198,99916,198,100087,295,99902,195,100116,195,99893,95,100126,100,99890,100,100128,100,99875,100,100131,100,99868,100,100138,100,99856,100,100227,100,99714,100,100388,100,99704,100,100405,100,99701,100
2019-06-28 09:53:40.000000000,100018,172,99916,172,100087,272,99902,172,100116,172,99890,172,100126,172,99875,172,100128,100,99868,100,100131,100,99856,100,100138,100,99714,100,100227,100,99704,100,100388,100,99701,100,100405,100,99694,100
2019-06-28 09:53:42.968296240,100018,172,99916,72,100087,272,99902,172,100116,172,99890,172,100126,172,99875,172,100128,100,99868,100,100131,100,99856,100,100138,100,99714,100,100227,100,99704,100,100388,100,99701,100,100405,100,99694,100
2019-06-28 09:53:47.340694348,100018,172,99916,72,100087,272,99902,172,100116,172,99890,172,100126,172,99875,172,100128,100,99868,100,100131,100,99856,100,100138,100,99714,100,100227,100,99704,100,100388,100,99701,100,100405,100,99694,100
2019-06-28 09:53:50.000000000,100018,244,99902,244,100087,344,99890,244,100116,100,99875,100,100126,100,99868,100,100128,100,99856,100,100131,100,99714,100,100138,100,99704,100,100227,100,99701,100,100388,100,99694,100,100405,100,97736,100
2019-06-28 09:54:00.000000000,100018,172,99902,172,100087,272,99890,172,100116,172,99875,172,100126,172,99868,172,100128,100,99856,100,100131,100,99714,100,100138,100,99704,100,100227,100,99701,100,100388,100,99694,100,100405,100,97736,100
2019-06-28 09:54:10.000000000,100018,389,99902,389,100087,200,99890,100,100116,100,99875,100,100126,100,99868,100,100128,100,99856,100,100131,100,99714,100,100138,100,99704,100,100227,100,99701,100,100388,100,99694,100,100405,100,97736,100
2019-06-28 09:54:20.000000000,100018,158,99902,158,100087,258,99890,158,100116,158,99875,158,100126,158,99868,158,100128,158,99856,158,100131,100,99714,100,100138,100,99704,100,100227,100,99701,100,100388,100,99694,100,100405,100,97736,100
2019-06-28 09:54:30.000000000,100018,172,99902,172,100087,272,99890,172,100116,172,99875,172,100126,172,99868,172,100128,100,99856,100,100131,100,99714,100,100138,100,99704,100,100227,100,99701,100,100388,100,99694,100,100405,100,97736,100
2019-06-28 09:54:40.000000000,100018,389,99902,389,100087,200,99890,100,100116,100,99875,100,100126,100,99868,100,100128,100,99856,100,100131,100,99714,100,100138,100,99704,100,100227,100,99701,100,100388,100,99694,100,100405,100,97736,100
2019-06-28 09:54:50.000000000,100018,172,99902,172,100087,272,99890,172,100116,172,99875,172,100126,172,99868,172,100128,100,99856,100,100131,100,99714,100,100138,100,99704,100,100227,100,99701,100,100388,100,99694,100,100405,100,97736,100
2019-06-28 09:54:51.816674047,100018,172,99902,172,100087,272,99890,172,100116,172,99875,172,100126,172,99868,172,100128,100,99856,100,100131,100,99714,100,100138,100,99704,100,100227,100,99701,100,100388,100,99694,100,100405,100,98133,100
2019-06-28 09:55:00.000000000,100018,172,99902,172,100087,272,99890,172,100116,172,99875,172,100126,172,99868,172,100128,100,99856,100,100131,100,99714,100,100138,100,99704,100,100227,100,99701,100,100388,100,99694,100,100405,100,98133,100
2019-06-28 09:55:04.237868290,100018,72,99902,172,100087,272,99890,172,100116,172,99875,172,100126,172,99868,172,100128,100,99856,100,100131,100,99714,100,100138,100,99704,100,100227,100,99701,100,100388,100,99694,100,100405,100,98133,100
2019-06-28 09:55:10.000000000,100087,489,99902,389,100116,100,99890,100,100126,100,99875,100,100128,100,99868,100,100131,100,99856,100,100138,100,99714,100,100227,100,99704,100,100388,100,99701,100,100405,100,99694,100,100508,100,98133,100
2019-06-28 09:55:20.000000000,100087,489,99902,389,100116,100,99890,100,100126,100,99875,100,100128,100,99868,100,100131,100,99856,100,100138,100,99714,100,100227,100,99704,100,100388,100,99701,100,100405,100,99694,100,100508,100,98133,100
2019-06-28 09:55:30.000000000,100087,344,99902,244,100116,244,99890,244,100126,100,99875,100,100128,100,99868,100,100131,100,99856,100,100138,100,99714,100,100227,100,99704,100,100388,100,99701,100,100405,100,99694,100,100508,100,98133,100
2019-06-28 09:55:40.000000000,100087,489,99902,389,100116,100,99890,100,100126,100,99875,100,100128,100,99868,100,100131,100,99856,100,100138,100,99714,100,100227,100,99704,100,100388,100,99701,100,100405,100,99694,100,100508,100,98133,100
2019-06-28 09:55:50.000000000,100087,489,99902,389,100116,100,99890,100,100126,100,99875,100,100128,100,99868,100,100131,100,99856,100,100138,100,99714,100,100227,100,99704,100,100388,100,99701,100,100405,100,99694,100,100508,100,98133,100
2019-06-28 09:56:00.000000000,100087,258,99902,158,100116,158,99890,158,100126,158,99875,158,100128,158,99868,158,100131,158,99856,158,100138,100,99714,100,100227,100,99704,100,100388,100,99701,100,100405,100,99694,100,100508,100,98133,100
2019-06-28 09:56:08.946939598,100087,258,99902,158,100116,158,99890,158,100126,158,99875,158,100128,158,99868,158,100131,158,99856,158,100138,100,99714,100,100227,100,99704,100,100388,100,99701,100,100405,100,99694,100,100508,100,98698,100
2019-06-28 09:56:10.000000000,100087,258,99902,158,100116,158,99890,158,100126,158,99875,158,100128,158,99868,158,100131,158,99856,158,100138,100,99714,100,100227,100,99704,100,100388,100,99701,100,100405,100,99694,100,100508,100,98698,100
2019-06-28 09:56:20.000000000,100087,298,99902,198,100116,195,99890,195,100126,195,99875,195,100128,100,99868,100,100131,100,99856,100,100138,100,99714,100,100227,100,99704,100,100388,100,99701,100,100405,100,99694,100,100508,100,98698,100
2019-06-28 09:56:27.922627416,100087,198,99902,198,100116,195,99890,195,100126,195,99875,195,100128,100,99868,100,100131,100,99856,100,100138,100,99714,100,100227,100,99704,100,100388,100,99701,100,100405,100,99694,100,100508,100,98698,100
2019-06-28 09:56:30.000000000,100087,389,99902,389,100116,100,99890,100,100126,100,99875,100,100128,100,99868,100,100131,100,99856,100,100138,100,99714,100,100227,100,99704,100,100388,100,99701,100,100405,100,99694,100,100508,100,98698,100
2019-06-28 09:56:40.000000000,100087,198,99902,198,100116,195,99890,195,100126,195,99875,195,100128,100,99868,100,100131,100,99856,100,100138,100,99714,100,100227,100,99704,100,100388,100,99701,100,100405,100,99694,100,100508,100,98698,100
2019-06-28 09:56:40.359045878,100087,198,99902,198,100116,195,99890,195,100126,195,99875,195,100128,100,99868,100,100131,100,99856,100,100138,100,99714,100,100246,100,99704,100,100388,100,99701,100,100405,100,99694,100,100508,100,98698,100
2019-06-28 09:56:49.902425149,100087,98,99902,198,100116,195,99890,195,100126,195,99875,195,100128,100,99868,100,100131,100,99856,100,100138,100,99714,100,100246,100,99704,100,100388,100,99701,100,100405,100,99694,100,100508,100,98698,100
2019-06-28 09:56:50.000000000,100116,244,99902,244,100126,244,99890,244,100128,100,99875,100,100131,100,99868,100,100138,100,99856,100,100246,100,99714,100,100388,100,99704,100,100405,100,99701,100,100508,100,99694,100,101161,100,98698,100
2019-06-28 09:56:57.671561875,100116,244,99902,244,100126,244,99890,244,100128,100,99875,100,100131,100,99868,100,100138,100,99856,100,100246,100,99714,100,100388,100,99704,100,100405,100,99701,100,100437,100,99694,100,100508,100,98133,100
2019-06-28 09:57:00.000000000,100116,172,99902,172,100126,172,99890,172,100128,172,99875,172,100131,172,99868,172,100138,100,99856,100,100246,100,99714,100,100388,100,99704,100,100405,100,99701,100,100437,100,99694,100,100508,100,98133,100
2019-06-28 09:57:06.439988527,100116,172,99902,172,100126,172,99890,172,100128,172,99875,172,100131,172,99868,172,100138,100,99856,100,100250,100,99714,100,100388,100,99704,100,100405,100,99701,100,100437,100,99694,100,100508,100,98133,100
2019-06-28 09:57:10.000000000,100116,198,99902,198,100126,195,99890,195,100128,195,99875,195,100131,100,99868,100,100138,100,99856,100,100250,100,99714,100,100388,100,99704,100,100405,100,99701,100,100437,100,99694,100,100508,100,98133,100
2019-06-28 09:57:15.201402806,100116,198,100089,100,100126,195,99902,198,100128,195,99890,195,100131,100,99875,195,100138,100,99868,100,100250,100,99856,100,100388,100,99714,100,100405,100,99704,100,100437,100,99701,100,100508,100,99694,100
2019-06-28 09:57:20.000000000,100116,389,100089,389,100126,100,99902,100,100128,100,99890,100,100131,100,99875,100,100138,100,99868,100,100250,100,99856,100,100388,100,99714,100,100405,100,99704,100,100437,100,99701,100,100508,100,99694,100
2019-06-28 09:57:29.010706107,100116,389,100089,389,100126,100,99902,100,100128,100,99890,100,100131,100,99875,100,100138,100,99868,100,100250,100,99856,100,100388,100,99714,100,100405,100,99704,100,100437,100,99701,100,100508,100,99694,100
2019-06-28 09:57:30.000000000,100116,172,100089,172,100126,172,99902,172,100128,172,99890,172,100131,172,99875,172,100138,100,99868,100,100250,100,99856,100,100388,100,99714,100,100405,100,99704,100,100437,100,99701,100,100508,100,99694,100
2019-06-28 09:57:40.000000000,100116,198,100089,198,100126,195,99902,195,100128,195,99890,195,100131,100,99875,100,100138,100,99868,100,100250,100,99856,100,100388,100,99714,100,100405,100,99704,100,100437,100,99701,100,100508,100,99694,100
2019-06-28 09:57:50.000000000,100116,158,100089,158,100126,158,99902,158,100128,158,99890,158,100131,158,99875,158,100138,158,99868,158,100250,100,99856,100,100388,100,99714,100,100405,100,99704,100,100437,100,99701,100,100508,100,99694,100
2019-06-28 09:57:53.615123229,100116,158,100089,158,100126,158,99902,158,100128,158,99890,158,100131,158,99875,158,100138,158,99868,158,100250,100,99856,100,100388,100,99714,100,100405,100,99704,100,100437,100,99701,100,100508,100,99694,100
2019-06-28 09:57:58.104922591,100116,158,100089,158,100126,158,99902,158,100128,158,99890,58,100131,158,99875,158,100138,158,99868,158,100250,100,99856,100,100388,100,99714,100,100405,100,99704,100,100437,100,99701,100,100488,100,99694,100
2019-06-28 09:58:00.000000000,100116,198,100089,198,100126,195,99902,195,100128,195,99875,195,100131,100,99868,100,100138,100,99856,100,100250,100,99714,100,100388,100,99704,100,100405,100,99701,100,100437,100,99694,100,100488,100,98133,100
2019-06-28 09:58:00.537887925,100116,98,100089,198,100126,195,99902,195,100128,195,99875,195,100131,100,99868,100,100138,100,99856,100,100250,100,99714,100,100388,100,99704,100,100405,100,99701,100,100437,100,99694,100,100488,100,98133,100
2019-06-28 09:58:09.422523460,100116,98,100089,198,100126,195,99902,195,100128,195,99875,195,100131,100,99868,100,100138,100,99856,100,100250,100,99714,100,100388,100,99704,100,100405,100,99701,100,100437,100,99694,100,100488,100,98133,100
2019-06-28 09:58:10.000000000,100126,389,100089,389,100128,100,99902,100,100131,100,99875,100,100138,100,99868,100,100250,100,99856,100,100388,100,99714,100,100405,100,99704,100,100437,100,99701,100,100488,100,99694,100,100508,100,98133,100
2019-06-28 09:58:11.699631845,100126,389,100089,389,100128,100,99902,100,100131,100,99875,100,100138,100,99868,100,100250,100,99856,100,100405,100,99714,100,100437,100,99704,100,100488,100,99701,100,100508,100,99694,100,100601,100,98133,100
2019-06-28 09:58:20.000000000,100126,172,100089,172,100128,172,99902,172,100131,172,99875,172,100138,172,99868,172,100250,100,99856,100,100405,100,99714,100,100437,100,99704,100,100488,100,99701,100,100508,100,99694,100,100601,100,98133,100
2019-06-28 09:58:24.524089745,100126,172,100090,100,100128,172,100089,172,100131,172,99902,172,100138,172,99875,172,100250,100,99868,172,100405,100,99856,100,100437,100,99714,100,100488,100,99704,100,100508,100,99701,100,100601,100,99694,100
2019-06-28 09:58:30.000000000,100126,198,100090,198,100128,195,100089,195,100131,195,99902,195,100138,100,99875,100,100250,100,99868,100,100405,100,99856,100,100437,100,99714,100,100488,100,99704,100,100508,100,99701,100,100601,100,99694,100
2019-06-28 09:58:40.000000000,100126,198,100090,198,100128,195,100089,195,100131,195,99902,195,100138,100,99875,100,100250,100,99868,100,100405,100,99856,100,100437,100,99714,100,100488,100,99704,100,100508,100,99701,100,100601,100,99694,100
2019-06-28 09:58:50.000000000,100126,172,100090,172,100128,172,100089,172,100131,172,99902,172,100138,172,99875,172,100250,100,99868,100,100405,100,99856,100,100437,100,99714,100,100488,100,99704,100,100508,100,99701,100,100601,100,99694,100
2019-06-28 09:58:52.774420011,100126,172,100090,172,100128,172,100089,172,100131,172,99902,172,100138,172,99875,172,100250,100,99868,100,100405,100,99856,100,100437,100,99714,100,100488,100,99704,100,100508,100,99701,100,100601,100,99694,100
2019-06-28 09:58:56.872550849,100126,172,100090,272,100128,172,100089,172,100131,172,99902,172,100138,172,99875,172,100250,100,99868,100,100405,100,99856,100,100437,100,99714,100,100488,100,99704,100,100508,100,99701,100,100601,100,99694,100
2019-06-28 09:59:00.000000000,100126,172,100090,272,100128,172,100089,172,100131,172,99902,172,100138,172,99875,172,100250,100,99868,100,100405,100,99856,100,100437,100,99714,100,100488,100,99704,100,100508,100,99701,100,100601,100,99694,100
2019-06-28 09:59:03.473100664,100125,100,100090,272,100126,172,100089,172,100128,172,99902,172,100131,172,99875,172,100138,172,99868,100,100250,100,99856,100,100405,100,99714,100,100437,100,99704,100,100488,100,99701,100,100508,100,99694,100
2019-06-28 09:59:07.044716249,100125,100,100090,272,100126,172,100089,172,100128,172,99902,172,100131,172,99875,172,100138,172,99868,100,100250,100,99856,100,100347,100,99704,100,100405,100,99701,100,100437,100,99694,100,100488,100,98133,100
2019-06-28 09:59:10.000000000,100125,198,100090,298,100126,195,100089,195,100128,195,99902,195,100131,100,99875,100,100138,100,99868,100,100250,100,99856,100,100347,100,99704,100,100405,100,99701,100,100437,100,99694,100,100488,100,98133,100
2019-06-28 09:59:15.798406989,100125,198,100090,298,100126,195,100089,195,100128,195,99902,195,100131,100,99875,100,100138,100,99868,100,100205,100,99856,100,100250,100,99704,100,100347,100,99701,100,100405,100,99694,100,100437,100,97736,100
2019-06-28 09:59:18.397073068,100125,98,100090,298,100126,195,100089,95,100128,195,99902,195,100131,100,99875,100,100138,100,99868,100,100205,100,99856,100,100250,100,99704,100,100347,100,99701,100,100405,100,99694,100,100437,100,97736,100
2019-06-28 09:59:20.000000000,100126,389,100090,489,100128,100,99902,100,100131,100,99875,100,100138,100,99868,100,100205,100,99856,100,100250,100,99704,100,100347,100,99701,100,100405,100,99694,100,100437,100,97736,100,100488,100,97472,100
2019-06-28 09:59:30.000000000,100126,172,100090,272,100128,172,99902,172,100131,172,99875,172,100138,172,99868,172,100205,100,99856,100,100250,100,99704,100,100347,100,99701,100,100405,100,99694,100,100437,100,97736,100,100488,100,97472,100
2019-06-28 09:59:40.000000000,100126,158,100090,258,100128,158,99902,158,100131,158,99875,158,100138,158,99868,158,100205,158,99856,158,100250,100,99704,100,100347,100,99701,100,100405,100,99694,100,100437,100,97736,100,100488,100,97472,100
2019-06-28 09:59:41.196104891,100126,158,100090,158,100128,158,99902,158,100131,158,99875,158,100138,158,99868,158,100205,158,99856,158,100250,100,99704,100,100347,100,99701,100,100437,100,99694,100,100488,100,97736,100,100508,100,97472,100
2019-06-28 09:59:49.305573188,100126,158,100090,58,100128,158,99902,158,100131,158,99875,158,100138,158,99868,158,100205,158,99856,158,100250,100,99704,100,100347,100,99701,100,100437,100,99694,100,100488,100,97736,100,100508,100,97472,100
2019-06-28 09:59:50.000000000,100126,158,99902,158,100128,158,99875,158,100131,158,99868,158,100138,158,99856,158,100205,158,99704,158,100250,100,99701,100,100347,100,99694,100,100437,100,97736,100,100488,100,97472,100,100508,100,97221,100
2019-06-28 09:59:50.493262326,100126,158,99902,158,100128,158,99875,158,100131,158,99868,58,100138,158,99856,158,100205,158,99722,100,100250,100,99704,158,100347,100,99701,100,100437,100,99694,100,100488,100,97736,100,100508,100,97472,100
2019-06-28 09:59:54.309363362,99985,100,99902,158,100126,158,99875,158,100128,158,99868,58,100131,158,99856,158,100138,158,99722,100,100205,158,99704,158,100250,100,99701,100,100347,100,99694,100,100437,100,97736,100,100488,100,97472,100
2019-06-28 09:59:56.936586344,99985,100,99902,158,100090,100,99875,158,100126,158,99868,58,100128,158,99856,158,100131,158,99722,100,100138,158,99704,158,100205,158,99701,100,100250,100,99694,100,100347,100,97736,100,100437,100,97472,100
2019-06-28 10:00:00.000000000,99985,158,99902,158,100090,158,99875,158,100126,158,99856,158,100128,158,99722,158,100131,158,99704,158,100138,100,99701,100,100205,100,99694,100,100250,100,97736,100,100347,100,97472,100,100437,100,97221,100
2019-06-28 10:00:03.305251313,99985,158,99902,158,100090,258,99875,158,100126,158,99856,158,100128,158,99722,158,100131,158,99704,158,100138,100,99701,100,100205,100,99694,100,100250,100,97736,100,100347,100,97472,100,100437,100,97221,100
2019-06-28 10:00:10.000000000,99985,198,99902,198,100090,295,99875,195,100126,195,99856,195,100128,100,99722,100,100131,100,99704,100,100138,100,99701,100,100205,100,99694,100,100250,100,97736,100,100347,100,97472,100,100437,100,97221,100
2019-06-28 10:00:20.000000000,99985,389,99902,389,100090,200,99875,100,100126,100,99856,100,100128,100,99722,100,100131,100,99704,100,100138,100,99701,100,100205,100,99694,100,100250,100,97736,100,100347,100,97472,100,100437,100,97221,100
2019-06-28 10:00:30.000000000,99985,172,99902,172,100090,272,99875,172,100126,172,99856,172,100128,172,99722,172,100131,100,99704,100,100138,100,99701,100,100205,100,99694,100,100250,100,97736,100,100347,100,97472,100,100437,100,97221,100
2019-06-28 10:00:33.009610977,99985,172,99902,172,100090,372,99875,172,100126,172,99856,172,100128,172,99722,172,100131,100,99704,100,100138,100,99701,100,100205,100,99694,100,100250,100,97736,100,100347,100,97472,100,100437,100,97221,100
2019-06-28 10:00:34.894956215,99985,172,99902,172,100090,372,99875,172,100126,172,99856,172,100128,172,99722,172,100131,100,99704,100,100138,100,99701,100,100205,100,99694,100,100250,100,97736,100,100286,100,97472,100,100347,100,97221,100
2019-06-28 10:00:35.079464589,99985,172,99902,172,100090,372,99884,100,100126,72,99875,172,100128,172,99856,172,100131,100,99722,172,100138,100,99704,100,100205,100,99701,100,100250,100,99694,100,100286,100,97736,100,100347,100,97472,100
2019-06-28 10:00:35.332692324,99985,172,99902,172,100090,372,99892,100,100126,72,99884,100,100128,172,99875,172,100131,100,99856,172,100138,100,99722,172,100205,100,99704,100,100250,100,99701,100,100286,100,99694,100,100347,100,97736,100
2019-06-28 10:00:40.000000000,99985,389,99902,389,100090,300,99892,100,100128,100,99884,100,100131,100,99875,100,100138,100,99856,100,100205,100,99722,100,100250,100,99704,100,100286,100,99701,100,100347,100,99694,100,100437,100,97736,100
2019-06-28 10:00:47.018371445,99985,389,99902,389,100090,400,99892,100,100128,100,99884,100,100131,100,99875,100,100138,100,99856,100,100205,100,99722,100,100250,100,99704,100,100286,100,99701,100,100347,100,99694,100,100437,100,97736,100
2019-06-28 10:00:50.000000000,99985,244,99902,244,100090,544,99892,244,100128,100,99884,100,100131,100,99875,100,100138,100,99856,100,100205,100,99722,100,100250,100,99704,100,100286,100,99701,100,100347,100,99694,100,100437,100,97736,100
2019-06-28 10:01:00.000000000,99985,389,99902,389,100090,400,99892,100,100128,100,99884,100,100131,100,99875,100,100138,100,99856,100,100205,100,99722,100,100250,100,99704,100,100286,100,99701,100,100347,100,99694,100,100437,100,97736,100
2019-06-28 10:01:10.000000000,99985,172,99902,172,100090,472,99892,172,100128,172,99884,172,100131,172,99875,172,100138,100,99856,100,100205,100,99722,100,100250,100,99704,100,100286,100,99701,100,100347,100,99694,100,100437,100,97736,100
2019-06-28 10:01:15.815815356,99985,72,99902,172,100090,472,99892,172,100128,172,99884,172,100131,172,99875,172,100138,100,99856,100,100205,100,99722,100,100250,100,99704,100,100286,100,99701,100,100347,100,99694,100,100437,100,97736,100
2019-06-28 10:01:20.000000000,100090,498,99902,198,100128,195,99892,195,100131,195,99884,195,100138,100,99875,100,100205,100,99856,100,100250,100,99722,100,100286,100,99704,100,100347,100,99701,100,100437,100,99694,100,100488,100,97736,100
2019-06-28 10:01:30.000000000,100090,472,99902,172,100128,172,99892,172,100131,172,99884,172,100138,172,99875,172,100205,100,99856,100,100250,100,99722,100,100286,100,99704,100,100347,100,99701,100,100437,100,99694,100,100488,100,97736,100
2019-06-28 10:01:40.000000000,100090,544,99902,244,100128,244,99892,244,100131,100,99884,100,100138,100,99875,100,100205,100,99856,100,100250,100,99722,100,100286,100,99704,100,100347,100,99701,100,100437,100,99694,100,100488,100,97736,100
2019-06-28 10:01:43.443052834,100090,544,99902,244,100127,100,99892,244,100128,244,99884,100,100131,100,99875,100,100138,100,99856,100,100205,100,99722,100,100250,100,99704,100,100286,100,99701,100,100347,100,99694,100,100437,100,97736,100
2019-06-28 10:01:50.000000000,100090,458,99902,158,100127,158,99892,158,100128,158,99884,158,100131,158,99875,158,100138,158,99856,158,100205,100,99722,100,100250,100,99704,100,100286,100,99701,100,100347,100,99694,100,100437,100,97736,100
2019-06-28 10:01:56.085928032,100041,100,99902,158,100090,458,99892,158,100127,158,99884,158,100128,158,99875,158,100131,158,99856,158,100138,158,99722,100,100205,100,99704,100,100286,100,99701,100,100347,100,99694,100,100437,100,97736,100
2019-06-28 10:02:00.000000000,100041,172,99902,172,100090,472,99892,172,100127,172,99884,172,100128,172,99875,172,100131,100,99856,100,100138,100,99722,100,100205,100,99704,100,100286,100,99701,100,100347,100,99694,100,100437,100,97736,100
2019-06-28 10:02:08.683286023,100041,172,99902,172,100090,472,99892,172,100127,172,99884,172,100128,72,99875,172,100131,100,99856,100,100138,100,99801,100,100205,100,99722,100,100286,100,99704,100,100347,100,99701,100,100437,100,99694,100
2019-06-28 10:02:10.000000000,100041,244,99902,244,100090,544,99892,244,100127,100,99884,100,100131,100,99875,100,100138,100,99856,100,100205,100,99801,100,100286,100,99722,100,100347,100,99704,100,100437,100,99701,100,100488,100,99694,100
2019-06-28 10:02:20.000000000,100041,158,99902,158,100090,458,99892,158,100127,158,99884,158,100131,158,99875,158,100138,158,99856,158,100205,100,99801,100,100286,100,99722,100,100347,100,99704,100,100437,100,99701,100,100488,100,99694,100
2019-06-28 10:02:25.983053373,100041,158,99902,58,100090,458,99892,158,100127,158,99884,158,100131,158,99875,158,100138,158,99856,158,100205,100,99801,100,100286,100,99722,100,100347,100,99704,100,100437,100,99701,100,100488,100,99694,100
2019-06-28 10:02:30.000000000,100041,198,99892,198,100090,495,99884,195,100127,195,99875,195,100131,100,99856,100,100138,100,99801,100,100205,100,99722,100,100286,100,99704,100,100347,100,99701,100,100437,100,99694,100,100488,100,97736,100
2019-06-28 10:02:39.039121517,100041,198,99892,198,100090,495,99884,195,100127,195,99875,195,100131,100,99856,100,100138,100,99801,100,100205,100,99728,100,100286,100,99722,100,100347,100,99704,100,100437,100,99701,100,100488,100,99694,100
2019-06-28 10:02:40.000000000,100041,389,99892,389,100090,400,99884,100,100127,100,99875,100,100131,100,99856,100,100138,100,99801,100,100205,100,99728,100,100286,100,99722,100,100347,100,99704,100,100437,100,99701,100,100488,100,99694,100
2019-06-28 10:02:50.000000000,100041,244,99892,244,100090,544,99884,244,100127,100,99875,100,100131,100,99856,100,100138,100,99801,100,100205,100,99728,100,100286,100,99722,100,100347,100,99704,100,100437,100,99701,100,100488,100,99694,100
2019-06-28 10:02:56.419530375,100041,244,99892,244,100090,544,99884,244,100127,100,99875,100,100131,100,99856,100,100138,100,99801,100,100286,200,99728,100,100347,100,99722,100,100437,100,99704,100,100488,100,99701,100,100508,100,99694,100
2019-06-28 10:03:00.000000000,100041,198,99892,198,100090,495,99884,195,100127,195,99875,195,100131,100,99856,100,100138,100,99801,100,100286,200,99728,100,100347,100,99722,100,100437,100,99704,100,100488,100,99701,100,100508,100,99694,100
2019-06-28 10:03:09.243865548,100041,198,99903,100,100090,395,99892,198,100127,195,99884,195,100131,100,99875,195,100138,100,99856,100,100286,200,99801,100,100347,100,99728,100,100437,100,99722,100,100488,100,99704,100,100508,100,99701,100
2019-06-28 10:03:10.000000000,100041,172,99903,172,100090,372,99892,172,100127,172,99884,172,100131,172,99875,172,100138,100,99856,100,100286,200,99801,100,100347,100,99728,100,100437,100,99722,100,100488,100,99704,100,100508,100,99701,100
2019-06-28 10:03:19.819758346,100041,172,99903,172,100090,372,99892,172,100127,172,99884,172,100131,172,99875,172,100138,100,99856,100,100286,200,99801,100,100308,100,99728,100,100347,100,99722,100,100437,100,99704,100,100488,100,99701,100
2019-06-28 10:03:20.000000000,100041,158,99903,158,100090,358,99892,158,100127,158,99884,158,100131,158,99875,158,100138,158,99856,158,100286,200,99801,100,100308,100,99728,100,100347,100,99722,100,100437,100,99704,100,100488,100,99701,100
2019-06-28 10:03:30.000000000,100041,198,99903,198,100090,395,99892,195,100127,195,99884,195,100131,100,99875,100,100138,100,99856,100,100286,200,99801,100,100308,100,99728,100,100347,100,99722,100,100437,100,99704,100,100488,100,99701,100
2019-06-28 10:03:40.000000000,100041,172,99903,172,100090,372,99892,172,100127,172,99884,172,100131,172,99875,172,100138,100,99856,100,100286,200,99801,100,100308,100,99728,100,100347,100,99722,100,100437,100,99704,100,100488,100,99701,100
2019-06-28 10:03:42.564273273,100041,72,99903,172,100090,372,99892,172,100127,172,99884,172,100131,172,99875,172,100138,100,99856,100,100286,200,99728,100,100308,100,99722,100,100347,100,99704,100,100437,100,99701,100,100488,100,99694,100
2019-06-28 10:03:43.601879951,100090,372,100041,28,100127,172,99903,172,100131,172,99892,172,100138,100,99884,172,100286,200,99875,172,100308,100,99856,100,100347,100,99728,100,100437,100,99722,100,100488,100,99704,100,100508,100,99701,100
2019-06-28 10:03:47.588554347,100090,372,100041,28,100127,172,99903,172,100131,172,99892,172,100138,100,99884,172,100286,200,99875,172,100308,100,99856,100,100347,100,99728,100,100364,100,99722,100,100437,100,99704,100,100488,100,99701,100
2019-06-28 10:03:50.000000000,100090,589,100041,317,100127,100,99903,100,100131,100,99892,100,100138,100,99884,100,100286,200,99875,100,100308,100,99856,100,100347,100,99728,100,100364,100,99722,100,100437,100,99704,100,100488,100,99701,100
2019-06-28 10:04:00.000000000,100090,358,100041,86,100127,158,99903,158,100131,158,99892,158,100138,158,99884,158,100286,258,99875,158,100308,100,99856,100,100347,100,99728,100,100364,100,99722,100,100437,100,99704,100,100488,100,99701,100
2019-06-28 10:04:10.000000000,100090,444,100041,172,100127,244,99903,244,100131,100,99892,100,100138,100,99884,100,100286,200,99875,100,100308,100,99856,100,100347,100,99728,100,100364,100,99722,100,100437,100,99704,100,100488,100,99701,100
2019-06-28 10:04:20.000000000,100090,398,100041,126,100127,195,99903,195,100131,195,99892,195,100138,100,99884,100,100286,200,99875,100,100308,100,99856,100,100347,100,99728,100,100364,100,99722,100,100437,100,99704,100,100488,100,99701,100
2019-06-28 10:04:26.411821442,100090,398,100041,26,100127,195,99903,195,100131,195,99892,195,100138,100,99884,100,100286,200,99875,100,100308,100,99856,100,100347,100,99728,100,100437,100,99722,100,100488,100,99704,100,100508,100,99701,100
2019-06-28 10:04:30.000000000,100090,444,99903,244,100127,244,99892,244,100131,100,99884,100,100138,100,99875,100,100286,200,99856,100,100308,100,99728,100,100347,100,99722,100,100437,100,99704,100,100488,100,99701,100,100508,100,99694,100
2019-06-28 10:04:30.157843194,100045,100,99903,244,100090,444,99892,244,100127,244,99884,100,100131,100,99875,100,100138,100,99856,100,100286,200,99728,100,100308,100,99722,100,100347,100,99704,100,100437,100,99701,100,100488,100,99694,100
2019-06-28 10:04:40.000000000,100045,172,99903,172,100090,372,99892,172,100127,172,99884,172,100131,172,99875,172,100138,100,99856,100,100286,200,99728,100,100308,100,99722,100,100347,100,99704,100,100437,100,99701,100,100488,100,99694,100
2019-06-28 10:04:42.892572608,100045,172,99903,172,100090,372,99892,172,100111,100,99884,172,100127,172,99875,172,100131,172,99856,100,100138,100,99728,100,100286,200,99722,100,100308,100,99704,100,100347,100,99701,100,100437,100,99694,100
2019-06-28 10:04:47.798917441,100045,172,99903,172,100090,372,99892,172,100111,100,99884,172,100127,172,99875,172,100131,172,99856,100,100138,100,99728,100,100282,100,99722,100,100286,200,99704,100,100308,100,99701,100,100347,100,99694,100
2019-06-28 10:04:50.000000000,100045,389,99903,389,100090,300,99892,100,100111,100,99884,100,100127,100,99875,100,100131,100,99856,100,100138,100,99728,100,100282,100,99722,100,100286,200,99704,100,100308,100,99701,100,100347,100,99694,100
2019-06-28 10:05:00.000000000,100045,158,99903,158,100090,358,99892,158,100111,158,99884,158,100127,158,99875,158,100131,158,99856,158,100138,100,99728,100,100282,100,99722,100,100286,200,99704,100,100308,100,99701,100,100347,100,99694,100
2019-06-28 10:05:01.720839670,100045,158,99999,100,100090,358,99903,158,100111,158,99892,158,100127,158,99884,158,100131,158,99875,158,100138,100,99856,158,100282,100,99728,100,100286,200,99722,100,100308,100,99704,100,100347,100,99701,100
2019-06-28 10:05:02.382137773,100045,158,99999,100,100090,358,99903,158,100111,158,99892,158,100120,100,99884,158,100127,158,99875,158,100131,158,99856,158,100138,100,99728,100,100282,100,99704,100,100286,200,99701,100,100308,100,99694,100
2019-06-28 10:05:03.859611971,100045,158,99999,100,100090,358,99903,158,100111,158,99892,158,100120,100,99884,158,100127,158,99875,158,100131,158,99856,158,100138,100,99728,100,100223,100,99704,100,100286,200,99701,100,100308,100,99694,100
2019-06-28 10:05:10.000000000,100045,198,99999,198,100090,395,99903,195,100111,195,99892,195,100120,100,99884,100,100127,100,99875,100,100131,100,99856,100,100138,100,99728,100,100223,100,99704,100,100286,200,99701,100,100308,100,99694,100
2019-06-28 10:05:10.447646026,100045,98,99999,198,100090,395,99903,195,100111,195,99892,195,100120,100,99884,100,100127,100,99875,100,100131,100,99856,100,100138,100,99728,100,100223,100,99704,100,100286,200,99701,100,100308,100,99694,100
2019-06-28 10:05:18.823061432,100045,98,99999,98,100090,395,99903,195,100111,195,99892,195,100120,100,99884,100,100127,100,99875,100,100131,100,99856,100,100138,100,99728,100,100223,100,99704,100,100286,200,99701,100,100308,100,99694,100
2019-06-28 10:05:18.990399915,100045,98,99999,98,100077,100,99903,195,100090,395,99892,195,100111,195,99884,100,100120,100,99875,100,100127,100,99856,100,100131,100,99728,100,100138,100,99704,100,100223,100,99701,100,100286,200,99694,100
2019-06-28 10:05:20.000000000,100077,244,99903,244,100090,444,99892,244,100111,100,99884,100,100120,100,99875,100,100127,100,99856,100,100131,100,99728,100,100138,100,99704,100,100223,100,99701,100,100286,200,99694,100,100308,100,97472,100
2019-06-28 10:05:30.000000000,100077,198,99903,198,100090,395,99892,195,100111,195,99884,195,100120,100,99875,100,100127,100,99856,100,100131,100,99728,100,100138,100,99704,100,100223,100,99701,100,100286,200,99694,100,100308,100,97472,100
2019-06-28 10:05:40.000000000,100077,172,99903,172,100090,372,99892,172,100111,172,99884,172,100120,172,99875,172,100127,100,99856,100,100131,100,99728,100,100138,100,99704,100,100223,100,99701,100,100286,200,99694,100,100308,100,97472,100
2019-06-28 10:05:50.000000000,100077,389,99903,389,100090,300,99892,100,100111,100,99884,100,100120,100,99875,100,100127,100,99856,100,100131,100,99728,100,100138,100,99704,100,100223,100,99701,100,100286,200,99694,100,100308,100,97472,100
2019-06-28 10:05:54.850190528,100077,389,99903,389,100090,300,99892,100,100111,100,99884,100,100120,100,99875,100,100127,100,99864,100,100138,100,99856,100,100223,100,99728,100,100286,200,99704,100,100308,100,99701,100,100319,100,99694,100
2019-06-28 10:06:00.000000000,100077,198,99903,198,100090,395,99892,195,100111,195,99884,195,100120,100,99875,100,100127,100,99864,100,100138,100,99856,100,100223,100,99728,100,100286,200,99704,100,100308,100,99701,100,100319,100,99694,100
2019-06-28 10:06:10.000000000,100077,198,99903,198,100090,395,99892,195,100111,195,99884,195,100120,100,99875,100,100127,100,99864,100,100138,100,99856,100,100223,100,99728,100,100286,200,99704,100,100308,100,99701,100,100319,100,99694,100
2019-06-28 10:06:10.914328441,100077,198,100042,100,100090,395,99903,198,100111,195,99892,195,100120,100,99884,195,100127,100,99875,100,100138,100,99864,100,100223,100,99856,100,100286,200,99728,100,100308,100,99704,100,100319,100,99701,100
2019-06-28 10:06:20.000000000,100077,198,100042,198,100090,395,99903,195,100111,195,99892,195,100120,100,99884,100,100127,100,99875,100,100138,100,99864,100,100223,100,99856,100,100286,200,99728,100,100308,100,99704,100,100319,100,99701,100
2019-06-28 10:06:26.544990396,100077,198,100042,298,100090,395,99903,195,100111,195,99892,195,100120,100,99884,100,100127,100,99875,100,100138,100,99864,100,100223,100,99856,100,100286,200,99728,100,100308,100,99704,100,100319,100,99701,100
2019-06-28 10:06:30.000000000,100077,158,100042,258,100090,358,99903,158,100111,158,99892,158,100120,158,99884,158,100127,158,99875,158,100138,100,99864,100,100223,100,99856,100,100286,200,99728,100,100308,100,99704,100,100319,100,99701,100
2019-06-28 10:06:33.616988166,100077,158,100042,258,100090,358,99903,158,100111,158,99892,58,100120,158,99884,158,100127,158,99875,158,100138,100,99864,100,100223,100,99856,100,100274,100,99728,100,100286,200,99704,100,100308,100,99701,100
2019-06-28 10:06:39.968597704,100077,158,100042,258,100090,358,99903,158,100111,158,99892,58,100120,158,99884,158,100127,158,99875,158,100138,100,99864,100,100223,100,99856,100,100262,100,99728,100,100274,100,99704,100,100286,200,99701,100
2019-06-28 10:06:40.000000000,100077,172,100042,272,100090,372,99903,172,100111,172,99884,172,100120,172,99875,172,100127,100,99864,100,100138,100,99856,100,100223,100,99728,100,100262,100,99704,100,100274,100,99701,100,100286,200,99694,100
2019-06-28 10:06:45.249734493,100077,172,100042,272,100090,372,99903,172,100111,172,99884,172,100120,172,99875,172,100127,100,99864,100,100138,100,99856,100,100223,100,99728,100,100262,100,99704,100,100274,100,99701,100,100286,200,99694,100
2019-06-28 10:06:50.000000000,100077,389,100042,489,100090,300,99903,100,100111,100,99884,100,100120,100,99875,100,100127,100,99864,100,100138,100,99856,100,100223,100,99728,100,100262,100,99704,100,100274,100,99701,100,100286,200,99694,100
2019-06-28 10:06:54.637512973,100077,389,100042,489,100090,300,99903,100,100111,100,99884,100,100120,100,99875,100,100127,100,99864,100,100138,100,99856,100,100223,100,99728,100,100262,100,99704,100,100274,100,99701,100,100286,200,99694,100
2019-06-28 10:07:00.000000000,100077,198,100042,298,100090,395,99903,195,100111,195,99884,195,100120,100,99875,100,100127,100,99864,100,100138,100,99856,100,100223,100,99728,100,100262,100,99704,100,100274,100,99701,100,100286,200,99694,100
