,ask_price_1,ask_size_1,bid_price_1,bid_size_1,ask_price_2,ask_size_2,bid_price_2,bid_size_2,ask_price_3,ask_size_3,bid_price_3,bid_size_3,ask_price_4,ask_size_4,bid_price_4,bid_size_4,ask_price_5,ask_size_5,bid_price_5,bid_size_5,ask_price_6,ask_size_6,bid_price_6,bid_size_6,ask_price_7,ask_size_7,bid_price_7,bid_size_7,ask_price_8,ask_size_8,bid_price_8,bid_size_8,ask_price_9,ask_size_9,bid_price_9,bid_size_9,ask_price_10,ask_size_10,bid_price_10,bid_size_10
2019-06-28 09:30:00.000000000,,,99994,100,,,,,,,,,,,,,,,,,,,,,,,,,,,,,,,,,,,,
2019-06-28 09:30:00.000000004,,,99994,100,,,99920,100,,,,,,,,,,,,,,,,,,,,,,,,,,,,,,,,
2019-06-28 09:30:00.000000005,,,99994,100,,,99920,100,,,99833,100,,,,,,,,,,,,,,,,,,,,,,,,,,,,
2019-06-28 09:30:00.000000007,100052,100,99994,100,,,99920,100,,,99863,100,,,99833,100,,,,,,,,,,,,,,,,,,,,,,,,
2019-06-28 09:30:00.000000009,100052,100,100048,100,,,99994,100,,,99920,100,,,99863,100,,,99833,100,,,,,,,,,,,,,,,,,,,,
2019-06-28 09:30:00.000000012,100052,100,99994,100,,,99920,100,,,99863,100,,,99833,100,,,,,,,,,,,,,,,,,,,,,,,,
2019-06-28 09:30:00.000000014,100052,100,99994,100,,,99920,100,,,99881,100,,,99863,100,,,99833,100,,,,,,,,,,,,,,,,,,,,
2019-06-28 09:30:00.000000015,100040,100,99994,100,100052,100,99920,100,,,99881,100,,,99863,100,,,99833,100,,,,,,,,,,,,,,,,,,,,
2019-06-28 09:30:00.000000018,100040,100,99994,100,100052,100,99920,100,,,99881,100,,,99863,100,,,99833,100,,,,,,,,,,,,,,,,,,,,
2019-06-28 09:30:00.000000019,100034,100,99994,100,100040,100,99920,100,100052,100,99881,100,100116,100,99863,100,,,99833,100,,,,,,,,,,,,,,,,,,,,
2019-06-28 09:30:00.000000022,100034,100,99994,100,100040,100,99920,100,100052,100,99890,100,100116,100,99881,100,100134,100,99863,100,,,99833,100,,,,,,,,,,,,,,,,
2019-06-28 09:30:00.000000023,100034,100,99994,100,100040,100,99920,100,100052,100,99890,100,100056,100,99881,100,100116,100,99863,100,100134,100,99833,100,,,,,,,,,,,,,,,,
2019-06-28 09:30:00.000000029,100034,100,100011,100,100040,100,99994,100,100052,100,99920,100,100056,100,99890,100,100116,100,99881,100,100134,100,99863,100,,,99833,100,,,,,,,,,,,,
2019-06-28 09:30:00.000000030,100034,100,99994,100,100040,100,99920,100,100052,100,99890,100,100056,100,99881,100,100116,100,99863,100,100134,100,99833,100,,,,,,,,,,,,,,,,
2019-06-28 09:30:00.000000031,100034,100,99994,100,100040,100,99920,100,100052,100,99890,100,100056,100,99881,100,100110,100,99863,100,100116,100,99833,100,100134,100,,,,,,,,,,,,,,
2019-06-28 09:30:00.000000032,100034,100,99941,100,100040,100,99920,100,100052,100,99890,100,100056,100,99881,100,100110,100,99863,100,100116,100,99833,100,100134,100,,,,,,,,,,,,,,
2019-06-28 09:30:00.000000033,100034,100,99994,100,100040,100,99941,100,100052,100,99920,100,100056,100,99890,100,100110,100,99881,100,100116,100,99863,100,100134,100,99833,100,,,,,,,,,,,,
2019-06-28 09:30:00.000000034,100034,100,99994,100,100040,100,99941,100,100052,100,99920,100,100056,100,99890,100,100110,100,99881,100,100116,100,99863,100,100134,100,99833,100,,,,,,,,,,,,
2019-06-28 09:30:00.000000036,100034,100,100021,100,100040,100,99994,100,100052,100,99941,100,100056,100,99920,100,100110,100,99890,100,100116,100,99881,100,100134,100,99863,100,,,99833,100,,,,,,,,
2019-06-28 09:30:00.000000040,100040,100,100021,100,100052,100,99994,100,100056,100,99941,100,100110,100,99920,100,100116,100,99890,100,100134,100,99881,100,,,99863,100,,,99833,100,,,,,,,,
2019-06-28 09:30:00.000000042,100040,100,100021,100,100052,100,99994,100,100056,100,99946,100,100110,100,99941,100,100116,100,99920,100,100134,100,99890,100,,,99881,100,,,99863,100,,,99833,100,,,,
2019-06-28 09:30:00.000000043,100040,100,100021,100,100052,100,99994,100,100056,100,99946,100,100110,100,99941,100,100116,100,99920,100,100134,100,99890,100,,,99881,100,,,99870,100,,,99863,100,,,99833,100
2019-06-28 09:30:00.000000045,100034,100,100021,100,100040,100,99994,100,100052,100,99946,100,100056,100,99941,100,100080,100,99920,100,100110,100,99890,100,100116,100,99881,100,100134,100,99870,100,,,99863,100,,,99833,100
2019-06-28 09:30:00.000000046,100034,100,100021,100,100040,100,99994,100,100052,100,99958,100,100056,100,99946,100,100080,100,99941,100,100110,100,99920,100,100116,100,99890,100,100134,100,99881,100,,,99870,100,,,99863,100
2019-06-28 09:30:00.000000047,100034,100,100021,100,100040,100,99994,100,100052,100,99958,100,100056,100,99946,100,100077,100,99941,100,100080,100,99920,100,100110,100,99890,100,100116,100,99881,100,100134,100,99870,100,,,99863,100
2019-06-28 09:30:00.000000048,100034,100,100021,100,100040,100,99995,100,100052,100,99994,100,100056,100,99958,100,100077,100,99946,100,100080,100,99941,100,100110,100,99920,100,100116,100,99890,100,100134,100,99881,100,,,99870,100
2019-06-28 09:30:00.000000053,100034,200,100021,100,100040,100,99995,100,100052,100,99994,100,100056,100,99958,100,100077,100,99946,100,100080,100,99941,100,100110,100,99920,100,100116,100,99890,100,100134,100,99881,100,,,99870,100
2019-06-28 09:30:00.000000055,100034,200,100021,100,100040,100,99998,100,100052,100,99995,100,100056,100,99994,100,100077,100,99958,100,100080,100,99946,100,100110,100,99941,100,100116,100,99920,100,100134,100,99890,100,,,99881,100
2019-06-28 09:30:00.000000056,100034,200,100021,100,100040,100,99998,100,100043,100,99995,100,100052,100,99994,100,100056,100,99958,100,100077,100,99946,100,100080,100,99941,100,100110,100,99920,100,100116,100,99890,100,100134,100,99881,100
2019-06-28 09:30:00.000000057,100034,200,100021,100,100040,100,99998,100,100043,100,99995,100,100052,100,99994,100,100056,100,99958,100,100059,100,99946,100,100077,100,99941,100,100080,100,99920,100,100110,100,99890,100,100116,100,99881,100
2019-06-28 09:30:00.000000058,100034,200,100021,100,100040,100,99998,100,100043,100,99995,200,100052,100,99994,100,100056,100,99958,100,100059,100,99946,100,100077,100,99941,100,100080,100,99920,100,100110,100,99890,100,100116,100,99881,100
2019-06-28 09:30:00.000000064,100034,200,100021,100,100040,100,99998,100,100043,100,99995,200,100052,100,99994,100,100056,100,99958,100,100059,100,99946,100,100077,100,99941,100,100080,100,99922,100,100110,100,99920,100,100116,100,99890,100
2019-06-28 09:30:00.000000065,100034,200,100021,100,100040,100,99998,100,100043,100,99995,200,100052,100,99994,100,100056,100,99958,100,100059,100,99946,100,100077,100,99941,100,100080,100,99922,100,100107,100,99920,100,100110,100,99890,100
2019-06-28 09:30:00.000000067,100034,200,99998,100,100040,100,99995,200,100043,100,99994,100,100052,100,99958,100,100056,100,99946,100,100059,100,99941,100,100077,100,99922,100,100080,100,99920,100,100107,100,99890,100,100110,100,99881,100
2019-06-28 09:30:00.000000070,100028,100,100021,100,100034,200,99998,100,100040,100,99995,200,100043,100,99994,100,100052,100,99958,100,100056,100,99946,100,100059,100,99941,100,100077,100,99922,100,100080,100,99920,100,100107,100,99890,100
2019-06-28 09:30:00.000000071,100028,100,100021,100,100034,200,99998,100,100040,100,99995,200,100043,100,99994,100,100052,100,99958,100,100056,100,99946,100,100059,100,99941,100,100070,100,99922,100,100077,100,99920,100,100080,100,99894,100
2019-06-28 09:30:00.000000073,100028,100,100021,100,100034,200,99998,100,100040,100,99995,200,100043,100,99994,100,100052,100,99958,100,100056,100,99946,100,100059,100,99941,100,100070,100,99922,100,100077,100,99920,100,100080,100,99894,100
2019-06-28 09:30:00.000000074,100028,100,99998,100,100034,200,99995,200,100040,100,99994,100,100043,100,99958,100,100052,100,99946,100,100056,100,99941,100,100059,100,99922,100,100070,100,99920,100,100077,100,99894,100,100080,100,99890,100
2019-06-28 09:30:00.000000075,100028,100,99995,200,100034,200,99994,100,100040,100,99958,100,100043,100,99946,100,100052,100,99941,100,100056,100,99922,100,100059,100,99920,100,100070,100,99894,100,100077,100,99890,100,100080,100,99881,100
2019-06-28 09:30:00.000000079,100013,100,99995,100,100028,100,99994,100,100034,200,99958,100,100040,100,99946,100,100043,100,99941,100,100052,100,99922,100,100056,100,99920,100,100059,100,99894,100,100070,100,99890,100,100077,100,99881,100
2019-06-28 09:30:00.000000085,99998,100,99995,100,100013,100,99994,100,100028,100,99958,100,100034,200,99946,100,100040,100,99941,100,100043,100,99922,100,100052,100,99920,100,100056,100,99894,100,100059,100,99890,100,100070,100,99881,100
2019-06-28 09:30:00.000000086,99998,100,99995,100,100013,100,99994,100,100028,100,99958,100,100034,200,99946,100,100040,100,99941,100,100043,100,99922,100,100052,200,99920,100,100056,100,99894,100,100059,100,99890,100,100070,100,99881,100
2019-06-28 09:30:00.000000088,99998,200,99995,100,100013,100,99994,100,100028,100,99958,100,100034,200,99946,100,100040,100,99941,100,100043,100,99922,100,100052,200,99920,100,100056,100,99894,100,100059,100,99890,100,100070,100,99881,100
2019-06-28 09:30:00.000000092,99998,200,99995,100,100013,100,99994,100,100028,100,99958,100,100034,200,99946,100,100040,100,99941,100,100043,100,99922,100,100052,200,99920,100,100056,100,99894,100,100059,100,99890,100,100070,100,99881,100
2019-06-28 09:30:00.000000095,99998,200,99994,100,100013,100,99958,100,100028,100,99946,100,100034,200,99943,100,100040,100,99941,100,100043,100,99922,100,100052,200,99920,100,100056,100,99894,100,100059,100,99890,100,100070,100,99881,100
2019-06-28 09:30:00.000000096,99998,200,99994,100,100013,100,99958,100,100028,100,99946,100,100034,200,99943,100,100040,100,99941,100,100043,100,99922,100,100052,200,99920,100,100056,100,99894,100,100059,100,99890,100,100070,100,99881,100
2019-06-28 09:30:10.000000000,99998,282,99994,182,100013,182,99958,182,100028,182,99946,182,100034,282,99943,182,100040,100,99941,100,100043,100,99922,100,100052,200,99920,100,100056,100,99894,100,100059,100,99890,100,100070,100,99881,100
2019-06-28 09:30:15.746680747,99998,282,99994,182,100013,182,99958,182,100022,100,99946,182,100028,182,99943,182,100034,282,99941,100,100040,100,99922,100,100043,100,99920,100,100052,200,99894,100,100056,100,99890,100,100059,100,99881,100
2019-06-28 09:30:20.000000000,99998,364,99994,264,100013,264,99958,264,100022,100,99946,100,100028,100,99943,100,100034,200,99941,100,100040,100,99922,100,100043,100,99920,100,100052,200,99894,100,100056,100,99890,100,100059,100,99881,100
2019-06-28 09:30:30.000000000,99998,364,99994,264,100013,264,99958,264,100022,100,99946,100,100028,100,99943,100,100034,200,99941,100,100040,100,99922,100,100043,100,99920,100,100052,200,99894,100,100056,100,99890,100,100059,100,99881,100
2019-06-28 09:30:30.674650077,99998,364,99994,264,100013,264,99958,164,100022,100,99946,100,100028,100,99943,100,100034,200,99941,100,100040,100,99922,100,100043,100,99920,100,100052,200,99894,100,100056,100,99890,100,100059,100,99881,100
2019-06-28 09:30:40.000000000,99998,312,99994,212,100013,208,99946,208,100022,208,99943,208,100028,100,99941,100,100034,200,99922,100,100040,100,99920,100,100043,100,99894,100,100052,200,99890,100,100056,100,99881,100,100059,100,99880,100
2019-06-28 09:30:50.000000000,99998,528,99994,428,100013,100,99946,100,100022,100,99943,100,100028,100,99941,100,100034,200,99922,100,100040,100,99920,100,100043,100,99894,100,100052,200,99890,100,100056,100,99881,100,100059,100,99880,100
2019-06-28 09:30:58.074671811,99998,528,99994,428,100013,100,99991,100,100022,100,99946,100,100028,100,99943,100,100034,200,99941,100,100040,100,99922,100,100043,100,99920,100,100052,200,99894,100,100056,100,99890,100,100059,100,99881,100
2019-06-28 09:31:00.000000000,99998,282,99994,182,100013,182,99991,182,100022,182,99946,182,100028,182,99943,182,100034,200,99941,100,100040,100,99922,100,100043,100,99920,100,100052,200,99894,100,100056,100,99890,100,100059,100,99881,100
2019-06-28 09:31:04.809033190,99998,282,99994,182,100013,182,99991,182,100022,182,99946,182,100028,182,99943,182,100034,100,99941,100,100040,100,99922,100,100043,100,99920,100,100052,200,99894,100,100056,100,99890,100,100059,100,99881,100
2019-06-28 09:31:10.000000000,99998,282,99994,182,100013,182,99991,182,100022,182,99946,182,100028,182,99943,182,100034,100,99941,100,100040,100,99922,100,100043,100,99920,100,100052,200,99894,100,100056,100,99890,100,100059,100,99881,100
2019-06-28 09:31:19.016132071,99998,282,99994,82,100013,182,99991,182,100022,82,99946,182,100028,182,99943,182,100034,100,99941,100,100040,100,99922,100,100043,100,99920,100,100052,200,99894,100,100056,100,99890,100,100059,100,99881,100
2019-06-28 09:31:20.000000000,99998,312,99991,212,100013,208,99946,208,100028,208,99943,208,100034,100,99941,100,100040,100,99922,100,100043,100,99920,100,100052,200,99894,100,100056,100,99890,100,100059,100,99881,100,100070,100,99880,100
2019-06-28 09:31:30.000000000,99998,282,99991,182,100013,182,99946,182,100028,182,99943,182,100034,182,99941,182,100040,100,99922,100,100043,100,99920,100,100052,200,99894,100,100056,100,99890,100,100059,100,99881,100,100070,100,99880,100
2019-06-28 09:31:33.285346617,99998,282,99991,182,100013,182,99946,182,100028,182,99943,182,100034,182,99941,182,100040,100,99922,100,100043,100,99920,100,100052,200,99894,100,100059,100,99890,100,100070,100,99881,100,100077,100,99880,100
2019-06-28 09:31:40.000000000,99998,282,99991,182,100013,182,99946,182,100028,182,99943,182,100034,182,99941,182,100040,100,99922,100,100043,100,99920,100,100052,200,99894,100,100059,100,99890,100,100070,100,99881,100,100077,100,99880,100
2019-06-28 09:31:46.641445267,99995,100,99991,182,99998,282,99946,182,100013,182,99943,182,100028,182,99941,182,100034,182,99922,100,100043,100,99920,100,100052,200,99894,100,100059,100,99890,100,100070,100,99881,100,100077,100,99880,100
2019-06-28 09:31:50.000000000,99995,428,99991,428,99998,200,99946,100,100013,100,99943,100,100028,100,99941,100,100034,100,99922,100,100043,100,99920,100,100052,200,99894,100,100059,100,99890,100,100070,100,99881,100,100077,100,99880,100
2019-06-28 09:31:55.402148544,99995,428,99991,328,99998,200,99946,100,100013,100,99943,100,100028,100,99941,100,100034,100,99922,100,100043,100,99920,100,100052,200,99894,100,100059,100,99890,100,100070,100,99881,100,100077,100,99880,100
2019-06-28 09:32:00.000000000,99995,212,99946,212,99998,308,99943,208,100013,208,99941,208,100028,100,99922,100,100034,100,99920,100,100043,100,99894,100,100052,200,99890,100,100059,100,99881,100,100070,100,99880,100,100077,100,99870,100
2019-06-28 09:32:04.566081891,99995,212,99946,212,99998,308,99943,208,100013,208,99941,208,100028,100,99922,100,100034,100,99920,100,100043,100,99894,100,100052,200,99890,100,100059,100,99881,100,100070,100,99880,100,100077,100,99870,100
2019-06-28 09:32:10.000000000,99995,428,99946,428,99998,200,99943,100,100013,100,99941,100,100028,100,99922,100,100034,100,99920,100,100043,100,99894,100,100052,200,99890,100,100059,100,99881,100,100070,100,99880,100,100077,100,99870,100
2019-06-28 09:32:20.000000000,99995,264,99946,264,99998,364,99943,264,100013,100,99941,100,100028,100,99922,100,100034,100,99920,100,100043,100,99894,100,100052,200,99890,100,100059,100,99881,100,100070,100,99880,100,100077,100,99870,100
2019-06-28 09:32:20.239115588,99995,264,99946,264,99998,364,99943,264,100013,100,99941,100,100028,100,99922,100,100034,100,99920,100,100043,100,99894,100,100052,200,99890,100,100059,100,99881,100,100070,100,99880,100,100077,100,99870,100
2019-06-28 09:32:21.638098741,99995,264,99946,264,99998,364,99943,264,100028,100,99941,100,100034,100,99922,100,100043,100,99920,100,100052,200,99894,100,100059,100,99890,100,100070,100,99881,100,100077,100,99880,100,100080,100,99870,100
2019-06-28 09:32:22.393022199,99971,100,99946,264,99995,264,99943,264,99998,364,99941,100,100028,100,99922,100,100034,100,99920,100,100043,100,99894,100,100052,200,99890,100,100059,100,99881,100,100070,100,99880,100,100077,100,99870,100
2019-06-28 09:32:30.000000000,99971,264,99946,264,99995,264,99943,264,99998,200,99941,100,100028,100,99922,100,100034,100,99920,100,100043,100,99894,100,100052,200,99890,100,100059,100,99881,100,100070,100,99880,100,100077,100,99870,100
2019-06-28 09:32:32.047999717,99966,100,99946,264,99971,264,99943,264,99995,264,99941,100,99998,200,99922,100,100028,100,99920,100,100034,100,99894,100,100043,100,99890,100,100052,200,99881,100,100059,100,99880,100,100070,100,99870,100
2019-06-28 09:32:40.000000000,99966,166,99946,166,99971,166,99943,166,99995,166,99941,166,99998,266,99922,166,100028,166,99920,166,100034,100,99894,100,100043,100,99890,100,100052,200,99881,100,100059,100,99880,100,100070,100,99870,100
2019-06-28 09:32:50.000000000,99966,212,99946,212,99971,208,99943,208,99995,208,99941,208,99998,200,99922,100,100028,100,99920,100,100034,100,99894,100,100043,100,99890,100,100052,200,99881,100,100059,100,99880,100,100070,100,99870,100
2019-06-28 09:33:00.000000000,99966,428,99946,428,99971,100,99943,100,99995,100,99941,100,99998,200,99922,100,100028,100,99920,100,100034,100,99894,100,100043,100,99890,100,100052,200,99881,100,100059,100,99880,100,100070,100,99870,100
2019-06-28 09:33:10.000000000,99966,428,99946,428,99971,100,99943,100,99995,100,99941,100,99998,200,99922,100,100028,100,99920,100,100034,100,99894,100,100043,100,99890,100,100052,200,99881,100,100059,100,99880,100,100070,100,99870,100
2019-06-28 09:33:18.446366437,99966,428,99946,328,99971,100,99943,100,99995,100,99941,100,99998,200,99922,100,100028,100,99920,100,100034,100,99894,100,100043,100,99890,100,100052,200,99881,100,100059,100,99880,100,100070,100,99870,100
2019-06-28 09:33:20.000000000,99966,428,99943,428,99971,100,99941,100,99995,100,99922,100,99998,200,99920,100,100028,100,99894,100,100034,100,99890,100,100043,100,99881,100,100052,200,99880,100,100059,100,99870,100,100070,100,99863,100
2019-06-28 09:33:30.000000000,99966,166,99943,166,99971,166,99941,166,99995,166,99922,166,99998,266,99920,166,100028,166,99894,166,100034,100,99890,100,100043,100,99881,100,100052,200,99880,100,100059,100,99870,100,100070,100,99863,100
2019-06-28 09:33:40.000000000,99966,182,99943,182,99971,182,99941,182,99995,182,99922,182,99998,282,99920,182,100028,100,99894,100,100034,100,99890,100,100043,100,99881,100,100052,200,99880,100,100059,100,99870,100,100070,100,99863,100
2019-06-28 09:33:44.889794133,99966,182,99943,82,99971,182,99941,182,99995,182,99922,182,99998,282,99920,182,100034,100,99894,100,100043,100,99890,100,100052,200,99881,100,100059,100,99880,100,100070,100,99870,100,100077,100,99863,100
2019-06-28 09:33:50.000000000,99966,166,99941,166,99971,166,99922,166,99995,166,99920,166,99998,266,99894,166,100034,166,99890,166,100043,100,99881,100,100052,200,99880,100,100059,100,99870,100,100070,100,99863,100,100077,100,99833,100
2019-06-28 09:33:58.846825853,99966,166,99941,66,99971,166,99922,166,99995,166,99920,166,99998,266,99894,166,100034,166,99890,166,100043,100,99881,100,100052,200,99880,100,100059,100,99870,100,100070,100,99863,100,100077,100,99833,100
2019-06-28 09:34:00.000000000,99966,166,99922,166,99971,166,99920,166,99995,166,99894,166,99998,266,99890,166,100034,166,99881,166,100043,100,99880,100,100052,200,99870,100,100059,100,99863,100,100070,100,99833,100,100077,100,99794,100
2019-06-28 09:34:10.000000000,99966,182,99922,182,99971,182,99920,182,99995,182,99894,182,99998,282,99890,182,100034,100,99881,100,100043,100,99880,100,100052,200,99870,100,100059,100,99863,100,100070,100,99833,100,100077,100,99794,100
2019-06-28 09:34:20.000000000,99966,212,99922,212,99971,208,99920,208,99995,208,99894,208,99998,200,99890,100,100034,100,99881,100,100043,100,99880,100,100052,200,99870,100,100059,100,99863,100,100070,100,99833,100,100077,100,99794,100
2019-06-28 09:34:23.201707509,99966,212,99922,212,99971,208,99920,208,99995,208,99894,208,99998,200,99890,100,100034,100,99881,100,100043,100,99880,100,100052,200,99870,100,100070,100,99863,100,100077,100,99833,100,100096,100,99794,100
2019-06-28 09:34:30.000000000,99966,212,99922,212,99971,208,99920,208,99995,208,99894,208,99998,200,99890,100,100034,100,99881,100,100043,100,99880,100,100052,200,99870,100,100070,100,99863,100,100077,100,99833,100,100096,100,99794,100
2019-06-28 09:34:37.532023642,99966,212,99922,112,99971,208,99920,208,99995,208,99894,208,99998,200,99890,100,100034,100,99880,100,100043,100,99870,100,100052,200,99863,100,100070,100,99833,100,100077,100,99794,100,100096,100,99726,100
2019-06-28 09:34:40.000000000,99966,212,99920,212,99971,208,99894,208,99995,208,99890,208,99998,200,99880,100,100034,100,99870,100,100043,100,99863,100,100052,200,99833,100,100070,100,99794,100,100077,100,99726,100,100096,100,99645,100
2019-06-28 09:34:41.341839887,99966,212,99920,112,99971,208,99894,208,99995,208,99890,208,99998,200,99880,100,100034,100,99870,100,100043,100,99863,100,100052,200,99833,100,100070,100,99794,100,100077,100,99726,100,100096,100,99645,100
2019-06-28 09:34:50.000000000,99966,166,99894,166,99971,166,99890,166,99995,166,99880,166,99998,266,99870,166,100034,166,99863,166,100043,100,99833,100,100052,200,99794,100,100070,100,99726,100,100077,100,99645,100,100096,100,99621,100
2019-06-28 09:35:00.000000000,99966,428,99894,428,99971,100,99890,100,99995,100,99880,100,99998,200,99870,100,100034,100,99863,100,100043,100,99833,100,100052,200,99794,100,100070,100,99726,100,100077,100,99645,100,100096,100,99621,100
2019-06-28 09:35:10.000000000,99966,182,99894,182,99971,182,99890,182,99995,182,99880,182,99998,282,99870,182,100034,100,99863,100,100043,100,99833,100,100052,200,99794,100,100070,100,99726,100,100077,100,99645,100,100096,100,99621,100
2019-06-28 09:35:20.000000000,99966,212,99894,212,99971,208,99890,208,99995,208,99880,208,99998,200,99870,100,100034,100,99863,100,100043,100,99833,100,100052,200,99794,100,100070,100,99726,100,100077,100,99645,100,100096,100,99621,100
2019-06-28 09:35:30.000000000,99966,166,99894,166,99971,166,99890,166,99995,166,99880,166,99998,266,99870,166,100034,166,99863,166,100043,100,99833,100,100052,200,99794,100,100070,100,99726,100,100077,100,99645,100,100096,100,99621,100
2019-06-28 09:35:40.000000000,99966,166,99894,166,99971,166,99890,166,99995,166,99880,166,99998,266,99870,166,100034,166,99863,166,100043,100,99833,100,100052,200,99794,100,100070,100,99726,100,100077,100,99645,100,100096,100,99621,100
2019-06-28 09:35:50.000000000,99966,264,99894,264,99971,264,99890,264,99995,100,99880,100,99998,200,99870,100,100034,100,99863,100,100043,100,99833,100,100052,200,99794,100,100070,100,99726,100,100077,100,99645,100,100096,100,99621,100
2019-06-28 09:36:00.000000000,99966,264,99894,264,99971,264,99890,264,99995,100,99880,100,99998,200,99870,100,100034,100,99863,100,100043,100,99833,100,100052,200,99794,100,100070,100,99726,100,100077,100,99645,100,100096,100,99621,100
2019-06-28 09:36:01.453462403,99966,264,99923,100,99971,264,99894,264,99995,100,99890,264,99998,200,99880,100,100034,100,99870,100,100043,100,99863,100,100052,200,99833,100,100070,100,99794,100,100077,100,99726,100,100096,100,99645,100
2019-06-28 09:36:02.271142537,99966,264,99923,100,99971,264,99894,264,99995,100,99890,264,99998,200,99880,100,100034,100,99870,100,100043,100,99863,100,100052,200,99833,100,100070,100,99794,100,100077,100,99645,100,100096,100,99621,100
2019-06-28 09:36:10.000000000,99966,428,99923,428,99971,100,99894,100,99995,100,99890,100,99998,200,99880,100,100034,100,99870,100,100043,100,99863,100,100052,200,99833,100,100070,100,99794,100,100077,100,99645,100,100096,100,99621,100
2019-06-28 09:36:11.338475868,99966,428,99923,428,99971,100,99894,100,99995,100,99890,100,99998,200,99880,100,100034,100,99870,100,100043,100,99863,100,100052,200,99833,100,100070,100,99794,100,100077,100,99645,100,100096,100,99621,100
2019-06-28 09:36:20.000000000,99966,264,99923,264,99971,264,99894,264,99995,100,99890,100,99998,200,99880,100,100034,100,99870,100,100043,100,99863,100,100052,200,99833,100,100070,100,99794,100,100077,100,99645,100,100096,100,99621,100
2019-06-28 09:36:28.906467533,99966,264,99923,264,99971,264,99894,264,99995,100,99890,100,99998,200,99880,100,100034,100,99870,100,100043,100,99863,100,100052,200,99833,100,100070,100,99794,100,100077,100,99645,100,100096,100,99621,100
2019-06-28 09:36:30.000000000,99966,428,99923,428,99971,100,99894,100,99995,100,99890,100,99998,200,99880,100,100034,100,99870,100,100043,100,99863,100,100052,200,99833,100,100070,100,99794,100,100077,100,99645,100,100096,100,99621,100
2019-06-28 09:36:34.727832173,99966,328,99923,428,99971,100,99894,100,99995,100,99890,100,99998,200,99880,100,100034,100,99870,100,100043,100,99863,100,100052,200,99833,100,100070,100,99794,100,100077,100,99645,100,100096,100,99621,100
2019-06-28 09:36:40.000000000,99971,212,99923,212,99995,208,99894,208,99998,308,99890,208,100034,100,99880,100,100043,100,99870,100,100052,200,99863,100,100070,100,99833,100,100077,100,99794,100,100096,100,99645,100,100107,100,99621,100
2019-06-28 09:36:47.360593762,99971,212,99923,212,99995,208,99894,208,99998,308,99890,208,100034,100,99880,100,100043,100,99870,100,100052,200,99863,100,100070,100,99833,100,100077,100,99794,100,100096,100,99645,100,100107,100,99621,100
2019-06-28 09:36:50.000000000,99971,212,99923,212,99995,208,99894,208,99998,308,99890,208,100034,100,99880,100,100043,100,99870,100,100052,200,99863,100,100070,100,99833,100,100077,100,99794,100,100096,100,99645,100,100107,100,99621,100
2019-06-28 09:36:55.564690357,99971,212,99923,212,99995,208,99894,208,99998,308,99890,208,100034,100,99880,100,100043,100,99870,100,100052,200,99863,100,100070,100,99833,100,100077,100,99794,100,100096,100,99621,100,100107,100,99196,100
2019-06-28 09:36:58.432497582,99971,212,99923,212,99995,208,99894,208,99998,308,99890,208,100034,100,99880,100,100043,100,99870,100,100052,200,99863,100,100070,100,99833,100,100077,100,99794,100,100096,100,99621,100,100107,100,99196,100
2019-06-28 09:37:00.000000000,99971,166,99923,166,99995,166,99894,166,99998,266,99890,166,100034,166,99880,166,100043,166,99870,166,100052,200,99863,100,100070,100,99833,100,100077,100,99794,100,100096,100,99621,100,100107,100,99196,100
2019-06-28 09:37:04.683043114,99971,166,99923,166,99995,166,99894,166,99998,266,99890,166,100034,166,99880,66,100043,166,99870,166,100052,200,99863,100,100070,100,99833,100,100077,100,99794,100,100096,100,99789,100,100107,100,99621,100
2019-06-28 09:37:07.237231134,99971,166,99961,100,99995,166,99923,166,99998,266,99894,166,100034,166,99890,166,100043,166,99880,66,100052,200,99870,166,100070,100,99863,100,100077,100,99833,100,100096,100,99794,100,100107,100,99789,100
2019-06-28 09:37:10.000000000,99971,264,99961,264,99995,264,99923,264,99998,200,99894,100,100034,100,99890,100,100043,100,99870,100,100052,200,99863,100,100070,100,99833,100,100077,100,99794,100,100096,100,99789,100,100107,100,99621,100
2019-06-28 09:37:16.638799925,99971,264,99961,264,99995,264,99923,264,99998,200,99894,100,99999,100,99890,100,100034,100,99870,100,100043,100,99863,100,100052,200,99833,100,100070,100,99794,100,100077,100,99789,100,100096,100,99621,100
2019-06-28 09:37:20.000000000,99971,212,99961,212,99995,208,99923,208,99998,308,99894,208,99999,100,99890,100,100034,100,99870,100,100043,100,99863,100,100052,200,99833,100,100070,100,99794,100,100077,100,99789,100,100096,100,99621,100
2019-06-28 09:37:30.000000000,99971,264,99961,264,99995,264,99923,264,99998,200,99894,100,99999,100,99890,100,100034,100,99870,100,100043,100,99863,100,100052,200,99833,100,100070,100,99794,100,100077,100,99789,100,100096,100,99621,100
2019-06-28 09:37:40.000000000,99971,428,99961,428,99995,100,99923,100,99998,200,99894,100,99999,100,99890,100,100034,100,99870,100,100043,100,99863,100,100052,200,99833,100,100070,100,99794,100,100077,100,99789,100,100096,100,99621,100
2019-06-28 09:37:50.000000000,99971,166,99961,166,99995,166,99923,166,99998,266,99894,166,99999,166,99890,166,100034,166,99870,166,100043,100,99863,100,100052,200,99833,100,100070,100,99794,100,100077,100,99789,100,100096,100,99621,100
2019-06-28 09:37:51.870723402,99965,100,99961,166,99971,166,99923,166,99995,166,99894,166,99998,266,99890,166,99999,166,99870,166,100034,166,99863,100,100043,100,99833,100,100052,200,99794,100,100070,100,99789,100,100077,100,99621,100
2019-06-28 09:38:00.000000000,99965,212,99961,212,99971,208,99923,208,99995,208,99894,208,99998,200,99890,100,99999,100,99870,100,100034,100,99863,100,100043,100,99833,100,100052,200,99794,100,100070,100,99789,100,100077,100,99621,100
2019-06-28 09:38:10.000000000,99965,166,99961,166,99971,166,99923,166,99995,166,99894,166,99998,266,99890,166,99999,166,99870,166,100034,100,99863,100,100043,100,99833,100,100052,200,99794,100,100070,100,99789,100,100077,100,99621,100
2019-06-28 09:38:20.000000000,99965,182,99961,182,99971,182,99923,182,99995,182,99894,182,99998,282,99890,182,99999,100,99870,100,100034,100,99863,100,100043,100,99833,100,100052,200,99794,100,100070,100,99789,100,100077,100,99621,100
2019-06-28 09:38:30.000000000,99965,212,99961,212,99971,208,99923,208,99995,208,99894,208,99998,200,99890,100,99999,100,99870,100,100034,100,99863,100,100043,100,99833,100,100052,200,99794,100,100070,100,99789,100,100077,100,99621,100
2019-06-28 09:38:40.000000000,99965,212,99961,212,99971,208,99923,208,99995,208,99894,208,99998,200,99890,100,99999,100,99870,100,100034,100,99863,100,100043,100,99833,100,100052,200,99794,100,100070,100,99789,100,100077,100,99621,100
2019-06-28 09:38:49.983642979,99965,212,99961,112,99971,208,99923,208,99995,208,99894,208,99998,200,99890,100,99999,100,99870,100,100034,100,99863,100,100043,100,99833,100,100052,100,99794,100,100070,100,99789,100,100077,100,99621,100
2019-06-28 09:38:50.000000000,99965,428,99923,428,99971,100,99894,100,99995,100,99890,100,99998,200,99870,100,99999,100,99863,100,100034,100,99833,100,100043,100,99794,100,100052,100,99789,100,100070,100,99621,100,100077,100,99196,100
2019-06-28 09:38:53.666384000,99965,428,99923,328,99971,100,99894,100,99995,100,99890,100,99998,200,99870,100,99999,100,99863,100,100034,100,99833,100,100043,100,99794,100,100052,100,99789,100,100070,100,99621,100,100077,100,99196,100
2019-06-28 09:38:54.004167424,99965,428,99923,328,99971,100,99894,100,99995,100,99890,100,99998,200,99870,100,99999,100,99863,100,100034,100,99833,100,100043,100,99794,100,100052,100,99789,100,100070,100,99621,100,100077,100,99357,100
2019-06-28 09:38:54.199270964,99961,100,99923,328,99965,428,99894,100,99971,100,99890,100,99995,100,99870,100,99998,200,99863,100,99999,100,99833,100,100034,100,99794,100,100043,100,99789,100,100052,100,99621,100,100070,100,99357,100
2019-06-28 09:39:00.000000000,99961,212,99894,212,99965,208,99890,208,99971,208,99870,208,99995,100,99863,100,99998,200,99833,100,99999,100,99794,100,100034,100,99789,100,100043,100,99621,100,100052,100,99357,100,100070,100,99196,100
2019-06-28 09:39:10.000000000,99961,182,99894,182,99965,182,99890,182,99971,182,99870,182,99995,182,99863,182,99998,200,99833,100,99999,100,99794,100,100034,100,99789,100,100043,100,99621,100,100052,100,99357,100,100070,100,99196,100
2019-06-28 09:39:20.000000000,99961,428,99894,428,99965,100,99890,100,99971,100,99870,100,99995,100,99863,100,99998,200,99833,100,99999,100,99794,100,100034,100,99789,100,100043,100,99621,100,100052,100,99357,100,100070,100,99196,100
2019-06-28 09:39:29.307601783,99961,428,99894,428,99971,100,99890,100,99995,100,99870,100,99998,200,99863,100,99999,100,99833,100,100034,100,99794,100,100043,100,99789,100,100052,100,99621,100,100070,100,99357,100,100077,100,99196,100
2019-06-28 09:39:29.561744356,99961,428,99894,428,99971,100,99890,100,99995,100,99870,100,99998,200,99833,100,99999,100,99794,100,100034,100,99789,100,100043,100,99621,100,100052,100,99357,100,100070,100,99196,100,100077,100,,
2019-06-28 09:39:30.000000000,99961,212,99894,212,99971,208,99890,208,99995,208,99870,208,99998,200,99833,100,99999,100,99794,100,100034,100,99789,100,100043,100,99621,100,100052,100,99357,100,100070,100,99196,100,100077,100,,
2019-06-28 09:39:40.000000000,99961,212,99894,212,99971,208,99890,208,99995,208,99870,208,99998,200,99833,100,99999,100,99794,100,100034,100,99789,100,100043,100,99621,100,100052,100,99357,100,100070,100,99196,100,100077,100,,
2019-06-28 09:39:50.000000000,99961,264,99894,264,99971,264,99890,264,99995,100,99870,100,99998,200,99833,100,99999,100,99794,100,100034,100,99789,100,100043,100,99621,100,100052,100,99357,100,100070,100,99196,100,100077,100,,
2019-06-28 09:40:00.000000000,99961,166,99894,166,99971,166,99890,166,99995,166,99870,166,99998,266,99833,166,99999,166,99794,166,100034,100,99789,100,100043,100,99621,100,100052,100,99357,100,100070,100,99196,100,100077,100,,
2019-06-28 09:40:10.000000000,99961,166,99894,166,99971,166,99890,166,99995,166,99870,166,99998,266,99833,166,99999,166,99794,166,100034,100,99789,100,100043,100,99621,100,100052,100,99357,100,100070,100,99196,100,100077,100,,
2019-06-28 09:40:20.000000000,99961,182,99894,182,99971,182,99890,182,99995,182,99870,182,99998,282,99833,182,99999,100,99794,100,100034,100,99789,100,100043,100,99621,100,100052,100,99357,100,100070,100,99196,100,100077,100,,
2019-06-28 09:40:20.358191714,99961,182,99894,182,99971,182,99890,182,99995,182,99870,182,99998,282,99833,182,99999,100,99794,100,100034,100,99789,100,100043,100,99621,100,100052,100,99357,100,100070,100,99196,100,100077,100,,
2019-06-28 09:40:30.000000000,99961,166,99894,166,99971,166,99890,166,99995,166,99870,166,99998,266,99833,166,99999,166,99794,166,100034,100,99789,100,100043,100,99621,100,100052,100,99357,100,100070,100,99196,100,100077,100,,
2019-06-28 09:40:33.575901759,99961,66,99894,166,99971,166,99890,166,99995,166,99870,166,99998,266,99833,166,99999,166,99794,166,100034,100,99789,100,100043,100,99621,100,100052,100,99357,100,100070,100,99196,100,100077,100,,
2019-06-28 09:40:39.521888437,99971,166,99961,34,99995,166,99894,166,99998,266,99890,166,99999,166,99870,166,100034,100,99833,166,100043,100,99794,166,100052,100,99789,100,100070,100,99621,100,100077,100,99357,100,100096,100,99196,100
2019-06-28 09:40:40.000000000,99971,212,99961,146,99995,208,99894,208,99998,308,99890,208,99999,100,99870,100,100034,100,99833,100,100043,100,99794,100,100052,100,99789,100,100070,100,99621,100,100077,100,99357,100,100096,100,99196,100
2019-06-28 09:40:42.416730245,99971,212,99961,146,99995,208,99894,108,99998,308,99890,208,99999,100,99870,100,100034,100,99833,100,100043,100,99794,100,100052,100,99789,100,100070,100,99621,100,100077,100,99357,100,100096,100,99196,100
2019-06-28 09:40:50.000000000,99971,428,99961,362,99995,100,99890,100,99998,200,99870,100,99999,100,99833,100,100034,100,99794,100,100043,100,99789,100,100052,100,99621,100,100070,100,99357,100,100077,100,99196,100,100096,100,,
2019-06-28 09:40:55.201923956,99971,328,99961,362,99995,100,99890,100,99998,200,99870,100,99999,100,99833,100,100034,100,99794,100,100043,100,99789,100,100052,100,99621,100,100070,100,99357,100,100077,100,99196,100,100096,100,,
2019-06-28 09:41:00.000000000,99995,264,99961,198,99998,364,99890,264,99999,100,99870,100,100034,100,99833,100,100043,100,99794,100,100052,100,99789,100,100070,100,99621,100,100077,100,99357,100,100096,100,99196,100,100110,100,,
2019-06-28 09:41:10.000000000,99995,428,99961,362,99998,200,99890,100,99999,100,99870,100,100034,100,99833,100,100043,100,99794,100,100052,100,99789,100,100070,100,99621,100,100077,100,99357,100,100096,100,99196,100,100110,100,,
2019-06-28 09:41:19.512325026,99995,428,99961,362,99998,200,99890,100,99999,100,99870,100,100034,100,99833,100,100043,100,99794,100,100052,100,99789,100,100070,100,99621,100,100077,100,99357,100,100080,100,99196,100,100096,100,,
2019-06-28 09:41:20.000000000,99995,166,99961,100,99998,266,99890,166,99999,166,99870,166,100034,166,99833,166,100043,166,99794,166,100052,100,99789,100,100070,100,99621,100,100077,100,99357,100,100080,100,99196,100,100096,100,,
2019-06-28 09:41:27.670338438,99995,166,99961,100,99998,266,99890,166,99999,166,99887,100,100034,166,99870,166,100043,66,99833,166,100052,100,99794,166,100070,100,99789,100,100077,100,99621,100,100080,100,99357,100,100096,100,99196,100
2019-06-28 09:41:29.130371811,99995,166,99962,100,99998,266,99961,100,99999,166,99890,166,100034,166,99887,100,100043,66,99870,166,100052,100,99833,166,100070,100,99794,166,100077,100,99789,100,100080,100,99621,100,100096,100,99357,100
2019-06-28 09:41:30.000000000,99995,182,99962,182,99998,282,99961,116,99999,182,99890,182,100034,182,99887,182,100052,100,99870,100,100070,100,99833,100,100077,100,99794,100,100080,100,99789,100,100096,100,99621,100,100110,100,99357,100
2019-06-28 09:41:40.000000000,99995,212,99962,212,99998,308,99961,142,99999,208,99890,208,100034,100,99887,100,100052,100,99870,100,100070,100,99833,100,100077,100,99794,100,100080,100,99789,100,100096,100,99621,100,100110,100,99357,100
2019-06-28 09:41:50.000000000,99995,182,99962,182,99998,282,99961,116,99999,182,99890,182,100034,182,99887,182,100052,100,99870,100,100070,100,99833,100,100077,100,99794,100,100080,100,99789,100,100096,100,99621,100,100110,100,99357,100
2019-06-28 09:42:00.000000000,99995,182,99962,182,99998,282,99961,116,99999,182,99890,182,100034,182,99887,182,100052,100,99870,100,100070,100,99833,100,100077,100,99794,100,100080,100,99789,100,100096,100,99621,100,100110,100,99357,100
2019-06-28 09:42:05.231426658,99995,182,99962,182,99998,282,99961,116,99999,182,99890,182,100034,182,99887,182,100052,100,99870,100,100070,100,99833,100,100077,100,99794,100,100080,100,99789,100,100096,100,99736,100,100110,100,99621,100
2019-06-28 09:42:10.000000000,99995,166,99962,166,99998,266,99961,100,99999,166,99890,166,100034,166,99887,166,100052,166,99870,166,100070,100,99833,100,100077,100,99794,100,100080,100,99789,100,100096,100,99736,100,100110,100,99621,100
2019-06-28 09:42:10.141614590,99995,166,99962,266,99998,266,99961,100,99999,166,99890,166,100034,166,99887,166,100052,166,99870,166,100070,100,99833,100,100077,100,99794,100,100080,100,99789,100,100096,100,99736,100,100110,100,99621,100
2019-06-28 09:42:13.376931909,99995,166,99962,266,99998,266,99961,66,99999,166,99890,166,100034,166,99887,166,100052,166,99870,166,100070,100,99833,100,100077,100,99794,100,100080,100,99789,100,100096,100,99736,100,100110,100,99621,100
2019-06-28 09:42:20.000000000,99995,428,99962,528,99998,200,99890,100,99999,100,99887,100,100034,100,99870,100,100052,100,99833,100,100070,100,99794,100,100077,100,99789,100,100080,100,99736,100,100096,100,99621,100,100110,100,99357,100
2019-06-28 09:42:27.220551964,99995,428,99962,528,99998,200,99890,100,99999,100,99887,100,100034,100,99870,100,100052,100,99833,100,100070,100,99794,100,100077,100,99789,100,100096,100,99736,100,100110,100,99621,100,100112,100,99498,100
2019-06-28 09:42:28.923216368,99970,100,99962,528,99995,428,99890,100,99998,200,99887,100,99999,100,99870,100,100034,100,99833,100,100052,100,99794,100,100070,100,99789,100,100077,100,99736,100,100096,100,99621,100,100110,100,99498,100
2019-06-28 09:42:30.000000000,99970,428,99962,528,99995,100,99890,100,99998,200,99887,100,99999,100,99870,100,100034,100,99833,100,100052,100,99794,100,100070,100,99789,100,100077,100,99736,100,100096,100,99621,100,100110,100,99498,100
2019-06-28 09:42:36.277713780,99970,428,99962,528,99995,100,99890,100,99998,200,99887,100,99999,100,99870,100,100034,100,99833,100,100052,100,99794,100,100070,100,99789,100,100077,100,99621,100,100096,100,99557,100,100110,100,99498,100
2019-06-28 09:42:38.099705403,99970,428,99962,428,99995,100,99890,100,99998,200,99887,100,99999,100,99870,100,100034,100,99833,100,100052,100,99794,100,100070,100,99789,100,100077,100,99621,100,100096,100,99557,100,100110,100,99498,100
2019-06-28 09:42:38.703282696,99970,428,99962,428,99995,100,99890,100,99998,200,99887,100,99999,100,99870,100,100034,100,99833,100,100052,100,99794,100,100077,100,99789,100,100096,100,99621,100,100110,100,99557,100,100207,100,99503,100
2019-06-28 09:42:40.000000000,99970,182,99962,182,99995,182,99890,182,99998,282,99887,182,99999,182,99870,182,100034,100,99833,100,100052,100,99794,100,100077,100,99789,100,100096,100,99621,100,100110,100,99557,100,100207,100,99503,100
2019-06-28 09:42:47.704393002,99969,100,99962,182,99970,82,99890,182,99995,182,99887,182,99998,282,99870,182,99999,182,99833,100,100034,100,99794,100,100052,100,99789,100,100077,100,99621,100,100096,100,99557,100,100110,100,99503,100
2019-06-28 09:42:50.000000000,99969,264,99962,264,99995,264,99890,264,99998,200,99887,100,99999,100,99870,100,100034,100,99833,100,100052,100,99794,100,100077,100,99789,100,100096,100,99621,100,100110,100,99557,100,100207,100,99503,100
2019-06-28 09:42:50.726111044,99969,264,99962,264,99995,264,99890,264,99998,200,99887,100,99999,100,99870,100,100034,100,99833,100,100052,100,99794,100,100077,100,99789,100,100096,100,99621,100,100110,100,99557,100,100207,100,99503,100
2019-06-28 09:42:54.332713992,99969,364,99962,264,99995,264,99890,264,99998,200,99887,100,99999,100,99870,100,100034,100,99833,100,100052,100,99794,100,100077,100,99789,100,100096,100,99621,100,100110,100,99557,100,100207,100,99503,100
2019-06-28 09:43:00.000000000,99969,266,99962,166,99995,166,99890,166,99998,266,99887,166,99999,166,99870,166,100034,166,99833,166,100052,100,99794,100,100077,100,99789,100,100096,100,99621,100,100110,100,99557,100,100207,100,99503,100
2019-06-28 09:43:08.844043802,99969,266,99962,66,99995,166,99890,166,99998,266,99887,166,99999,166,99870,166,100034,166,99833,166,100052,100,99794,100,100077,100,99789,100,100096,100,99621,100,100110,100,99557,100,100207,100,99503,100
2019-06-28 09:43:10.000000000,99969,528,99890,428,99995,100,99887,100,99998,200,99870,100,99999,100,99833,100,100034,100,99794,100,100052,100,99789,100,100077,100,99621,100,100096,100,99557,100,100110,100,99503,100,100207,100,99498,100
2019-06-28 09:43:19.345183640,99962,100,99890,428,99969,428,99887,100,99995,100,99870,100,99998,200,99833,100,99999,100,99794,100,100034,100,99789,100,100052,100,99621,100,100077,100,99557,100,100096,100,99503,100,100110,100,99498,100
2019-06-28 09:43:20.000000000,99962,212,99890,212,99969,208,99887,208,99995,208,99870,208,99998,200,99833,100,99999,100,99794,100,100034,100,99789,100,100052,100,99621,100,100077,100,99557,100,100096,100,99503,100,100110,100,99498,100
2019-06-28 09:43:30.000000000,99962,264,99890,264,99969,264,99887,264,99995,100,99870,100,99998,200,99833,100,99999,100,99794,100,100034,100,99789,100,100052,100,99621,100,100077,100,99557,100,100096,100,99503,100,100110,100,99498,100
2019-06-28 09:43:40.000000000,99962,264,99890,264,99969,264,99887,264,99995,100,99870,100,99998,200,99833,100,99999,100,99794,100,100034,100,99789,100,100052,100,99621,100,100077,100,99557,100,100096,100,99503,100,100110,100,99498,100
2019-06-28 09:43:50.000000000,99962,264,99890,264,99969,264,99887,264,99995,100,99870,100,99998,200,99833,100,99999,100,99794,100,100034,100,99789,100,100052,100,99621,100,100077,100,99557,100,100096,100,99503,100,100110,100,99498,100
2019-06-28 09:44:00.000000000,99962,182,99890,182,99969,182,99887,182,99995,182,99870,182,99998,282,99833,182,99999,100,99794,100,100034,100,99789,100,100052,100,99621,100,100077,100,99557,100,100096,100,99503,100,100110,100,99498,100
2019-06-28 09:44:01.179601967,99962,182,99890,82,99969,182,99887,182,99995,182,99870,182,99998,282,99833,182,99999,100,99794,100,100034,100,99789,100,100052,100,99621,100,100077,100,99557,100,100096,100,99503,100,100110,100,99498,100
2019-06-28 09:44:10.000000000,99962,428,99887,428,99969,100,99870,100,99995,100,99833,100,99998,200,99794,100,99999,100,99789,100,100034,100,99621,100,100052,100,99557,100,100077,100,99503,100,100096,100,99498,100,100110,100,99446,100
2019-06-28 09:44:20.000000000,99962,212,99887,212,99969,208,99870,208,99995,208,99833,208,99998,200,99794,100,99999,100,99789,100,100034,100,99621,100,100052,100,99557,100,100077,100,99503,100,100096,100,99498,100,100110,100,99446,100
2019-06-28 09:44:20.496484738,99962,212,99887,212,99969,208,99870,208,99995,208,99833,208,99998,200,99794,100,99999,100,99789,100,100034,100,99621,100,100077,100,99557,100,100096,100,99503,100,100110,100,99498,100,100207,100,99446,100
2019-06-28 09:44:29.812091951,99962,212,99887,212,99969,208,99870,208,99995,208,99833,208,99998,200,99794,100,99999,100,99789,100,100034,100,99621,100,100077,100,99557,100,100096,100,99503,100,100110,100,99498,100,100207,100,99357,100
2019-06-28 09:44:30.000000000,99962,264,99887,264,99969,264,99870,264,99995,100,99833,100,99998,200,99794,100,99999,100,99789,100,100034,100,99621,100,100077,100,99557,100,100096,100,99503,100,100110,100,99498,100,100207,100,99357,100
2019-06-28 09:44:40.000000000,99962,166,99887,166,99969,166,99870,166,99995,166,99833,166,99998,266,99794,166,99999,166,99789,166,100034,100,99621,100,100077,100,99557,100,100096,100,99503,100,100110,100,99498,100,100207,100,99357,100
2019-06-28 09:44:50.000000000,99962,212,99887,212,99969,208,99870,208,99995,208,99833,208,99998,200,99794,100,99999,100,99789,100,100034,100,99621,100,100077,100,99557,100,100096,100,99503,100,100110,100,99498,100,100207,100,99357,100
2019-06-28 09:45:00.000000000,99962,182,99887,182,99969,182,99870,182,99995,182,99833,182,99998,282,99794,182,99999,100,99789,100,100034,100,99621,100,100077,100,99557,100,100096,100,99503,100,100110,100,99498,100,100207,100,99357,100
2019-06-28 09:45:10.000000000,99962,428,99887,428,99969,100,99870,100,99995,100,99833,100,99998,200,99794,100,99999,100,99789,100,100034,100,99621,100,100077,100,99557,100,100096,100,99503,100,100110,100,99498,100,100207,100,99357,100
2019-06-28 09:45:16.538325205,99962,428,99887,428,99995,100,99870,100,99998,200,99833,100,99999,100,99794,100,100034,100,99789,100,100077,100,99621,100,100096,100,99557,100,100110,100,99503,100,100207,100,99498,100,100310,100,99357,100
2019-06-28 09:45:20.000000000,99962,264,99887,264,99995,264,99870,264,99998,200,99833,100,99999,100,99794,100,100034,100,99789,100,100077,100,99621,100,100096,100,99557,100,100110,100,99503,100,100207,100,99498,100,100310,100,99357,100
2019-06-28 09:45:25.318250323,99962,264,99887,264,99995,264,99870,264,99998,200,99833,100,99999,100,99794,100,100077,100,99789,100,100096,100,99621,100,100110,100,99557,100,100207,100,99508,100,100310,100,99503,100,100538,100,99498,100
2019-06-28 09:45:30.000000000,99962,212,99887,212,99995,208,99870,208,99998,308,99833,208,99999,100,99794,100,100077,100,99789,100,100096,100,99621,100,100110,100,99557,100,100207,100,99508,100,100310,100,99503,100,100538,100,99498,100
2019-06-28 09:45:33.482054252,99962,212,99887,212,99995,208,99870,208,99998,308,99833,208,99999,100,99794,100,100077,100,99789,100,100096,100,99621,100,100110,100,99557,100,100207,100,99508,100,100310,100,99503,100,100538,100,99498,100
2019-06-28 09:45:40.000000000,99962,166,99887,166,99995,166,99870,166,99998,266,99833,166,99999,166,99794,166,100077,166,99789,166,100096,100,99621,100,100110,100,99557,100,100207,100,99508,100,100310,100,99503,100,100538,100,99498,100
2019-06-28 09:45:42.189281631,99962,166,99887,166,99995,166,99870,166,99998,266,99833,166,99999,166,99794,166,100077,166,99789,166,100096,100,99621,100,100110,100,99557,100,100207,100,99508,100,100310,100,99503,100,100538,100,99498,100
2019-06-28 09:45:44.557737709,99961,100,99887,166,99962,166,99870,166,99995,166,99833,166,99998,266,99794,166,99999,166,99789,166,100077,166,99621,100,100096,100,99557,100,100110,100,99508,100,100207,100,99503,100,100310,100,99498,100
2019-06-28 09:45:50.000000000,99961,182,99887,182,99962,182,99870,182,99995,182,99833,182,99998,282,99794,182,99999,100,99789,100,100077,100,99621,100,100096,100,99557,100,100110,100,99508,100,100207,100,99503,100,100310,100,99498,100
2019-06-28 09:46:00.000000000,99961,212,99887,212,99962,208,99870,208,99995,208,99833,208,99998,200,99794,100,99999,100,99789,100,100077,100,99621,100,100096,100,99557,100,100110,100,99508,100,100207,100,99503,100,100310,100,99498,100
2019-06-28 09:46:10.000000000,99961,428,99887,428,99962,100,99870,100,99995,100,99833,100,99998,200,99794,100,99999,100,99789,100,100077,100,99621,100,100096,100,99557,100,100110,100,99508,100,100207,100,99503,100,100310,100,99498,100
2019-06-28 09:46:20.000000000,99961,166,99887,166,99962,166,99870,166,99995,166,99833,166,99998,266,99794,166,99999,166,99789,166,100077,100,99621,100,100096,100,99557,100,100110,100,99508,100,100207,100,99503,100,100310,100,99498,100
2019-06-28 09:46:30.000000000,99961,428,99887,428,99962,100,99870,100,99995,100,99833,100,99998,200,99794,100,99999,100,99789,100,100077,100,99621,100,100096,100,99557,100,100110,100,99508,100,100207,100,99503,100,100310,100,99498,100
2019-06-28 09:46:31.649676831,99961,528,99887,428,99962,100,99870,100,99995,100,99833,100,99998,200,99794,100,99999,100,99789,100,100077,100,99621,100,100096,100,99557,100,100110,100,99508,100,100207,100,99503,100,100310,100,99498,100
2019-06-28 09:46:36.886831013,99961,528,99887,328,99962,100,99870,100,99995,100,99833,100,99998,200,99794,100,99999,100,99789,100,100077,100,99621,100,100096,100,99557,100,100110,100,99508,100,100207,100,99503,100,100310,100,99498,100
2019-06-28 09:46:40.000000000,99961,312,99870,212,99962,208,99833,208,99995,208,99794,208,99998,200,99789,100,99999,100,99621,100,100077,100,99557,100,100096,100,99508,100,100110,100,99503,100,100207,100,99498,100,100310,100,99377,100
2019-06-28 09:46:50.000000000,99961,266,99870,166,99962,166,99833,166,99995,166,99794,166,99998,266,99789,166,99999,166,99621,166,100077,100,99557,100,100096,100,99508,100,100110,100,99503,100,100207,100,99498,100,100310,100,99377,100
2019-06-28 09:46:55.142315813,99890,100,99870,166,99961,266,99833,166,99962,166,99794,166,99995,166,99789,166,99998,266,99621,166,99999,166,99557,100,100077,100,99508,100,100096,100,99503,100,100110,100,99498,100,100207,100,99377,100
2019-06-28 09:46:59.608413779,99890,100,99870,66,99961,266,99833,166,99962,166,99794,166,99995,166,99789,166,99998,266,99648,100,99999,166,99621,166,100077,100,99557,100,100096,100,99508,100,100110,100,99503,100,100207,100,99498,100
2019-06-28 09:47:00.000000000,99890,428,99833,428,99961,200,99794,100,99962,100,99789,100,99995,100,99648,100,99998,200,99621,100,99999,100,99557,100,100077,100,99508,100,100096,100,99503,100,100110,100,99498,100,100207,100,99377,100
2019-06-28 09:47:10.000000000,99890,182,99833,182,99961,282,99794,182,99962,182,99789,182,99995,182,99648,182,99998,200,99621,100,99999,100,99557,100,100077,100,99508,100,100096,100,99503,100,100110,100,99498,100,100207,100,99377,100
2019-06-28 09:47:20.000000000,99890,212,99833,212,99961,308,99794,208,99962,208,99789,208,99995,100,99648,100,99998,200,99621,100,99999,100,99557,100,100077,100,99508,100,100096,100,99503,100,100110,100,99498,100,100207,100,99377,100
2019-06-28 09:47:21.565673066,99890,312,99833,212,99961,308,99794,208,99962,208,99789,208,99995,100,99648,100,99998,200,99621,100,99999,100,99557,100,100077,100,99508,100,100096,100,99503,100,100110,100,99498,100,100207,100,99377,100
2019-06-28 09:47:23.982069191,99890,312,99833,112,99961,308,99794,208,99962,208,99789,208,99995,100,99648,100,99998,200,99621,100,99999,100,99557,100,100077,100,99508,100,100096,100,99503,100,100110,100,99498,100,100207,100,99377,100
2019-06-28 09:47:30.000000000,99890,266,99794,166,99961,266,99789,166,99962,166,99648,166,99995,166,99621,166,99998,266,99557,166,99999,100,99508,100,100077,100,99503,100,100096,100,99498,100,100110,100,99377,100,100207,100,99357,100
2019-06-28 09:47:40.000000000,99890,282,99794,182,99961,282,99789,182,99962,182,99648,182,99995,182,99621,182,99998,200,99557,100,99999,100,99508,100,100077,100,99503,100,100096,100,99498,100,100110,100,99377,100,100207,100,99357,100
2019-06-28 09:47:50.000000000,99890,364,99794,264,99961,364,99789,264,99962,100,99648,100,99995,100,99621,100,99998,200,99557,100,99999,100,99508,100,100077,100,99503,100,100096,100,99498,100,100110,100,99377,100,100207,100,99357,100
2019-06-28 09:47:57.496018385,99890,364,99794,264,99961,364,99789,264,99962,100,99648,100,99995,100,99621,100,99998,200,99557,100,99999,100,99508,100,100077,100,99503,100,100096,100,99498,100,100110,100,99377,100,100207,100,99357,100
2019-06-28 09:48:00.000000000,99890,528,99794,428,99961,200,99789,100,99962,100,99648,100,99995,100,99621,100,99998,200,99557,100,99999,100,99508,100,100077,100,99503,100,100096,100,99498,100,100110,100,99377,100,100207,100,99357,100
2019-06-28 09:48:10.000000000,99890,364,99794,264,99961,364,99789,264,99962,100,99648,100,99995,100,99621,100,99998,200,99557,100,99999,100,99508,100,100077,100,99503,100,100096,100,99498,100,100110,100,99377,100,100207,100,99357,100
2019-06-28 09:48:20.000000000,99890,528,99794,428,99961,200,99789,100,99962,100,99648,100,99995,100,99621,100,99998,200,99557,100,99999,100,99508,100,100077,100,99503,100,100096,100,99498,100,100110,100,99377,100,100207,100,99357,100
2019-06-28 09:48:30.000000000,99890,528,99794,428,99961,200,99789,100,99962,100,99648,100,99995,100,99621,100,99998,200,99557,100,99999,100,99508,100,100077,100,99503,100,100096,100,99498,100,100110,100,99377,100,100207,100,99357,100
2019-06-28 09:48:40.000000000,99890,312,99794,212,99961,308,99789,208,99962,208,99648,208,99995,100,99621,100,99998,200,99557,100,99999,100,99508,100,100077,100,99503,100,100096,100,99498,100,100110,100,99377,100,100207,100,99357,100
2019-06-28 09:48:50.000000000,99890,364,99794,264,99961,364,99789,264,99962,100,99648,100,99995,100,99621,100,99998,200,99557,100,99999,100,99508,100,100077,100,99503,100,100096,100,99498,100,100110,100,99377,100,100207,100,99357,100
2019-06-28 09:49:00.000000000,99890,364,99794,264,99961,364,99789,264,99962,100,99648,100,99995,100,99621,100,99998,200,99557,100,99999,100,99508,100,100077,100,99503,100,100096,100,99498,100,100110,100,99377,100,100207,100,99357,100
2019-06-28 09:49:00.976992675,99890,264,99794,264,99961,364,99789,264,99962,100,99621,100,99995,100,99557,100,99998,200,99508,100,99999,100,99503,100,100077,100,99498,100,100096,100,99377,100,100110,100,99357,100,100207,100,99285,100
2019-06-28 09:49:08.978720815,99890,164,99794,264,99961,364,99789,264,99962,100,99621,100,99995,100,99557,100,99998,200,99508,100,99999,100,99503,100,100077,100,99498,100,100096,100,99377,100,100110,100,99357,100,100207,100,99285,100
2019-06-28 09:49:10.000000000,99961,266,99794,166,99962,166,99789,166,99995,166,99621,166,99998,266,99557,166,99999,166,99508,166,100077,100,99503,100,100096,100,99498,100,100110,100,99377,100,100207,100,99357,100,100278,100,99285,100
2019-06-28 09:49:16.410401292,99961,266,99794,166,99962,166,99789,166,99995,166,99621,166,99998,166,99557,166,99999,166,99508,166,100077,100,99503,100,100096,100,99498,100,100110,100,99377,100,100207,100,99357,100,100278,100,99285,100
2019-06-28 09:49:20.000000000,99961,282,99794,182,99962,182,99789,182,99995,182,99621,182,99998,182,99557,182,99999,100,99508,100,100077,100,99503,100,100096,100,99498,100,100110,100,99377,100,100207,100,99357,100,100278,100,99285,100
2019-06-28 09:49:30.000000000,99961,364,99794,264,99962,264,99789,264,99995,100,99621,100,99998,100,99557,100,99999,100,99508,100,100077,100,99503,100,100096,100,99498,100,100110,100,99377,100,100207,100,99357,100,100278,100,99285,100
2019-06-28 09:49:40.000000000,99961,364,99794,264,99962,264,99789,264,99995,100,99621,100,99998,100,99557,100,99999,100,99508,100,100077,100,99503,100,100096,100,99498,100,100110,100,99377,100,100207,100,99357,100,100278,100,99285,100
2019-06-28 09:49:50.000000000,99961,282,99794,182,99962,182,99789,182,99995,182,99621,182,99998,182,99557,182,99999,100,99508,100,100077,100,99503,100,100096,100,99498,100,100110,100,99377,100,100207,100,99357,100,100278,100,99285,100
2019-06-28 09:49:55.143111229,99961,282,99794,182,99962,182,99789,182,99995,82,99621,182,99998,182,99557,182,99999,100,99508,100,100077,100,99503,100,100096,100,99498,100,100110,100,99377,100,100207,100,99357,100,100278,100,99285,100
2019-06-28 09:50:00.000000000,99961,312,99794,212,99962,208,99789,208,99998,208,99621,208,99999,100,99557,100,100077,100,99508,100,100096,100,99503,100,100110,100,99498,100,100207,100,99377,100,100278,100,99357,100,100310,100,99285,100
2019-06-28 09:50:10.000000000,99961,528,99794,428,99962,100,99789,100,99998,100,99621,100,99999,100,99557,100,100077,100,99508,100,100096,100,99503,100,100110,100,99498,100,100207,100,99377,100,100278,100,99357,100,100310,100,99285,100
2019-06-28 09:50:20.000000000,99961,266,99794,166,99962,166,99789,166,99998,166,99621,166,99999,166,99557,166,100077,166,99508,166,100096,100,99503,100,100110,100,99498,100,100207,100,99377,100,100278,100,99357,100,100310,100,99285,100
2019-06-28 09:50:30.000000000,99961,312,99794,212,99962,208,99789,208,99998,208,99621,208,99999,100,99557,100,100077,100,99508,100,100096,100,99503,100,100110,100,99498,100,100207,100,99377,100,100278,100,99357,100,100310,100,99285,100
2019-06-28 09:50:40.000000000,99961,312,99794,212,99962,208,99789,208,99998,208,99621,208,99999,100,99557,100,100077,100,99508,100,100096,100,99503,100,100110,100,99498,100,100207,100,99377,100,100278,100,99357,100,100310,100,99285,100
2019-06-28 09:50:50.000000000,99961,312,99794,212,99962,208,99789,208,99998,208,99621,208,99999,100,99557,100,100077,100,99508,100,100096,100,99503,100,100110,100,99498,100,100207,100,99377,100,100278,100,99357,100,100310,100,99285,100
2019-06-28 09:50:54.770821425,99961,212,99794,212,99962,208,99789,208,99998,208,99621,208,99999,100,99557,100,100077,100,99508,100,100096,100,99503,100,100110,100,99498,100,100207,100,99377,100,100278,100,99357,100,100310,100,99285,100
2019-06-28 09:51:00.000000000,99961,428,99794,428,99962,100,99789,100,99998,100,99621,100,99999,100,99557,100,100077,100,99508,100,100096,100,99503,100,100110,100,99498,100,100207,100,99377,100,100278,100,99357,100,100310,100,99285,100
2019-06-28 09:51:10.000000000,99961,166,99794,166,99962,166,99789,166,99998,166,99621,166,99999,166,99557,166,100077,166,99508,166,100096,100,99503,100,100110,100,99498,100,100207,100,99377,100,100278,100,99357,100,100310,100,99285,100
2019-06-28 09:51:15.332444715,99961,166,99794,166,99962,166,99789,166,99998,166,99621,166,99999,166,99557,166,100077,166,99508,166,100096,100,99503,100,100110,100,99498,100,100207,100,99377,100,100278,100,99357,100,100310,100,99285,100
2019-06-28 09:51:20.000000000,99961,212,99794,212,99962,208,99789,208,99998,208,99621,208,99999,100,99557,100,100077,100,99508,100,100096,100,99503,100,100110,100,99498,100,100207,100,99377,100,100278,100,99357,100,100310,100,99285,100
2019-06-28 09:51:30.000000000,99961,166,99794,166,99962,166,99789,166,99998,166,99621,166,99999,166,99557,166,100077,166,99508,166,100096,100,99503,100,100110,100,99498,100,100207,100,99377,100,100278,100,99357,100,100310,100,99285,100
2019-06-28 09:51:33.837011547,99961,166,99794,166,99962,166,99789,166,99998,166,99621,166,99999,166,99557,166,100077,166,99508,166,100110,100,99503,100,100207,100,99498,100,100274,100,99377,100,100278,100,99357,100,100310,100,99285,100
2019-06-28 09:51:40.000000000,99961,264,99794,264,99962,264,99789,264,99998,100,99621,100,99999,100,99557,100,100077,100,99508,100,100110,100,99503,100,100207,100,99498,100,100274,100,99377,100,100278,100,99357,100,100310,100,99285,100
2019-06-28 09:51:50.000000000,99961,182,99794,182,99962,182,99789,182,99998,182,99621,182,99999,182,99557,182,100077,100,99508,100,100110,100,99503,100,100207,100,99498,100,100274,100,99377,100,100278,100,99357,100,100310,100,99285,100
2019-06-28 09:52:00.000000000,99961,182,99794,182,99962,182,99789,182,99998,182,99621,182,99999,182,99557,182,100077,100,99508,100,100110,100,99503,100,100207,100,99498,100,100274,100,99377,100,100278,100,99357,100,100310,100,99285,100
2019-06-28 09:52:09.748894861,99961,182,99890,100,99962,182,99794,182,99998,182,99789,182,99999,182,99621,182,100077,100,99557,182,100110,100,99508,100,100207,100,99503,100,100274,100,99498,100,100278,100,99377,100,100310,100,99357,100
2019-06-28 09:52:10.000000000,99961,182,99890,182,99962,182,99794,182,99998,182,99789,182,99999,182,99621,182,100077,100,99557,100,100110,100,99508,100,100207,100,99503,100,100274,100,99498,100,100278,100,99377,100,100310,100,99357,100
2019-06-28 09:52:12.523423600,99961,82,99890,182,99962,182,99794,182,99998,182,99789,182,99999,182,99621,182,100077,100,99557,100,100207,100,99508,100,100274,100,99503,100,100278,100,99498,100,100310,100,99377,100,100425,100,99357,100
2019-06-28 09:52:20.000000000,99962,428,99890,428,99998,100,99794,100,99999,100,99789,100,100077,100,99621,100,100207,100,99557,100,100274,100,99508,100,100278,100,99503,100,100310,100,99498,100,100425,100,99377,100,100538,100,99357,100
2019-06-28 09:52:30.000000000,99962,264,99890,264,99998,264,99794,264,99999,100,99789,100,100077,100,99621,100,100207,100,99557,100,100274,100,99508,100,100278,100,99503,100,100310,100,99498,100,100425,100,99377,100,100538,100,99357,100
2019-06-28 09:52:40.000000000,99962,166,99890,166,99998,166,99794,166,99999,166,99789,166,100077,166,99621,166,100207,166,99557,166,100274,100,99508,100,100278,100,99503,100,100310,100,99498,100,100425,100,99377,100,100538,100,99357,100
2019-06-28 09:52:50.000000000,99962,212,99890,212,99998,208,99794,208,99999,208,99789,208,100077,100,99621,100,100207,100,99557,100,100274,100,99508,100,100278,100,99503,100,100310,100,99498,100,100425,100,99377,100,100538,100,99357,100
2019-06-28 09:52:52.116546289,99962,212,99890,212,99998,208,99886,100,99999,208,99794,208,100077,100,99789,208,100207,100,99621,100,100274,100,99557,100,100278,100,99508,100,100310,100,99503,100,100425,100,99498,100,100538,100,99377,100
2019-06-28 09:53:00.000000000,99962,428,99890,428,99998,100,99886,100,99999,100,99794,100,100077,100,99789,100,100207,100,99621,100,100274,100,99557,100,100278,100,99508,100,100310,100,99503,100,100425,100,99498,100,100538,100,99377,100
2019-06-28 09:53:05.939344644,99962,428,99890,328,99998,100,99886,100,99999,100,99794,100,100077,100,99789,100,100207,100,99621,100,100274,100,99557,100,100278,100,99508,100,100310,100,99503,100,100425,100,99498,100,100538,100,99377,100
2019-06-28 09:53:10.000000000,99962,264,99886,264,99998,264,99794,264,99999,100,99789,100,100077,100,99621,100,100207,100,99557,100,100274,100,99508,100,100278,100,99503,100,100310,100,99498,100,100425,100,99377,100,100538,100,99357,100
2019-06-28 09:53:10.667266324,99962,164,99886,264,99998,264,99794,264,99999,100,99789,100,100207,100,99621,100,100274,100,99557,100,100278,100,99508,100,100310,100,99503,100,100425,100,99498,100,100538,100,99377,100,100545,100,99357,100
2019-06-28 09:53:20.000000000,99998,212,99886,212,99999,208,99794,208,100207,208,99789,208,100274,100,99621,100,100278,100,99557,100,100310,100,99508,100,100425,100,99503,100,100538,100,99498,100,100545,100,99377,100,100546,100,99357,100
2019-06-28 09:53:30.000000000,99998,182,99886,182,99999,182,99794,182,100207,182,99789,182,100274,182,99621,182,100278,100,99557,100,100310,100,99508,100,100425,100,99503,100,100538,100,99498,100,100545,100,99377,100,100546,100,99357,100
2019-06-28 09:53:35.572078609,99998,182,99886,182,99999,182,99794,182,100162,100,99789,182,100207,182,99621,182,100274,82,99557,100,100278,100,99508,100,100310,100,99503,100,100425,100,99498,100,100538,100,99377,100,100545,100,99357,100
2019-06-28 09:53:40.000000000,99998,182,99886,182,99999,182,99794,182,100162,182,99789,182,100207,182,99621,182,100278,100,99557,100,100310,100,99508,100,100425,100,99503,100,100538,100,99498,100,100545,100,99377,100,100546,100,99357,100
2019-06-28 09:53:50.000000000,99998,212,99886,212,99999,208,99794,208,100162,208,99789,208,100207,100,99621,100,100278,100,99557,100,100310,100,99508,100,100425,100,99503,100,100538,100,99498,100,100545,100,99377,100,100546,100,99357,100
2019-06-28 09:53:54.105298657,99998,112,99886,212,99999,208,99794,208,100162,208,99789,208,100207,100,99621,100,100278,100,99557,100,100310,100,99508,100,100425,100,99503,100,100538,100,99498,100,100545,100,99377,100,100546,100,99357,100
2019-06-28 09:54:00.000000000,99999,166,99886,166,100162,166,99794,166,100207,166,99789,166,100278,166,99621,166,100310,166,99557,166,100425,100,99508,100,100538,100,99503,100,100545,100,99498,100,100546,100,99377,100,100718,100,99357,100
2019-06-28 09:54:06.473943999,99999,166,99886,166,100162,166,99794,166,100207,166,99789,166,100278,166,99621,166,100285,100,99557,166,100310,166,99508,100,100425,100,99503,100,100538,100,99498,100,100546,100,99377,100,100718,100,99357,100
2019-06-28 09:54:10.000000000,99999,212,99886,212,100162,208,99794,208,100207,208,99789,208,100278,100,99621,100,100285,100,99557,100,100310,100,99508,100,100425,100,99503,100,100538,100,99498,100,100546,100,99377,100,100718,100,99357,100
2019-06-28 09:54:11.085481510,99999,112,99886,212,100162,208,99794,208,100207,208,99789,208,100278,100,99621,100,100285,100,99557,100,100310,100,99508,100,100425,100,99503,100,100538,100,99498,100,100546,100,99377,100,100718,100,99357,100
2019-06-28 09:54:15.281564260,99999,112,99886,212,100162,208,99794,208,100207,208,99789,208,100278,100,99621,100,100285,100,99557,100,100310,100,99508,100,100425,100,99503,100,100450,100,99498,100,100538,100,99377,100,100546,100,99357,100
2019-06-28 09:54:15.587577703,99999,112,99998,100,100162,208,99886,212,100207,208,99794,208,100278,100,99789,208,100285,100,99621,100,100310,100,99557,100,100425,100,99508,100,100450,100,99503,100,100538,100,99498,100,100546,100,99377,100
2019-06-28 09:54:20.000000000,100162,166,99998,166,100207,166,99886,166,100278,166,99794,166,100285,166,99789,166,100310,166,99621,166,100425,100,99557,100,100450,100,99508,100,100538,100,99503,100,100546,100,99498,100,100718,100,99377,100
2019-06-28 09:54:21.789461459,100162,166,99998,166,100207,166,99886,166,100278,166,99794,166,100285,166,99789,166,100310,166,99621,166,100450,100,99557,100,100496,100,99508,100,100538,100,99503,100,100546,100,99498,100,100718,100,99377,100
2019-06-28 09:54:23.758363099,100162,66,99998,166,100207,166,99886,166,100278,166,99794,166,100285,166,99789,166,100310,166,99621,166,100450,100,99557,100,100496,100,99508,100,100538,100,99503,100,100546,100,99498,100,100718,100,99377,100
2019-06-28 09:54:30.000000000,100207,212,99998,212,100278,208,99886,208,100285,208,99794,208,100310,100,99789,100,100450,100,99621,100,100496,100,99557,100,100538,100,99508,100,100546,100,99503,100,100718,100,99498,100,100846,100,99377,100
2019-06-28 09:54:40.000000000,100207,182,99998,182,100278,182,99886,182,100285,182,99794,182,100310,182,99789,182,100450,100,99621,100,100496,100,99557,100,100538,100,99508,100,100546,100,99503,100,100718,100,99498,100,100846,100,99377,100
2019-06-28 09:54:40.960926485,100207,82,99998,182,100278,182,99886,182,100285,182,99794,182,100310,182,99789,182,100496,100,99621,100,100538,100,99557,100,100546,100,99508,100,100718,100,99503,100,100846,100,99498,100,101004,100,99377,100
2019-06-28 09:54:50.000000000,100278,212,99998,212,100285,208,99886,208,100310,208,99794,208,100496,100,99789,100,100538,100,99621,100,100546,100,99557,100,100718,100,99508,100,100846,100,99503,100,101004,100,99498,100,,,99377,100
2019-06-28 09:54:54.206393255,100278,112,99998,212,100285,208,99886,208,100310,208,99794,208,100496,100,99789,100,100538,100,99621,100,100546,100,99557,100,100718,100,99508,100,100846,100,99503,100,101004,100,99498,100,,,99377,100
2019-06-28 09:55:00.000000000,100285,428,99998,428,100310,100,99886,100,100496,100,99794,100,100538,100,99789,100,100546,100,99621,100,100718,100,99557,100,100846,100,99508,100,101004,100,99503,100,,,99498,100,,,99377,100
2019-06-28 09:55:10.000000000,100285,212,99998,212,100310,208,99886,208,100496,208,99794,208,100538,100,99789,100,100546,100,99621,100,100718,100,99557,100,100846,100,99508,100,101004,100,99503,100,,,99498,100,,,99377,100
2019-06-28 09:55:20.000000000,100285,182,99998,182,100310,182,99886,182,100496,182,99794,182,100538,182,99789,182,100546,100,99621,100,100718,100,99557,100,100846,100,99508,100,101004,100,99503,100,,,99498,100,,,99377,100
2019-06-28 09:55:29.628091185,100285,182,100207,100,100310,182,99998,182,100496,182,99886,182,100538,182,99794,182,100546,100,99789,182,100718,100,99621,100,100846,100,99557,100,101004,100,99508,100,,,99503,100,,,99498,100
2019-06-28 09:55:30.000000000,100285,166,100207,166,100310,166,99998,166,100496,166,99886,166,100538,166,99794,166,100546,166,99789,166,100718,100,99621,100,100846,100,99557,100,101004,100,99508,100,,,99503,100,,,99498,100
2019-06-28 09:55:33.258961993,100285,66,100207,166,100310,166,99998,166,100496,166,99886,166,100538,166,99794,166,100546,166,99789,166,100718,100,99621,100,100846,100,99557,100,101004,100,99508,100,,,99503,100,,,99498,100
2019-06-28 09:55:40.000000000,100310,182,100207,182,100496,182,99998,182,100538,182,99886,182,100546,182,99794,182,100718,100,99789,100,100846,100,99621,100,101004,100,99557,100,,,99508,100,,,99503,100,,,99498,100
2019-06-28 09:55:48.594971494,100310,182,100207,182,100496,182,99998,182,100538,182,99886,182,100546,182,99794,182,100718,100,99789,100,100846,100,99621,100,100852,100,99557,100,101004,100,99508,100,,,99503,100,,,99498,100
2019-06-28 09:55:50.000000000,100310,182,100207,182,100496,182,99998,182,100538,182,99886,182,100546,182,99794,182,100718,100,99789,100,100846,100,99621,100,100852,100,99557,100,101004,100,99508,100,,,99503,100,,,99498,100
2019-06-28 09:56:00.000000000,100310,182,100207,182,100496,182,99998,182,100538,182,99886,182,100546,182,99794,182,100718,100,99789,100,100846,100,99621,100,100852,100,99557,100,101004,100,99508,100,,,99503,100,,,99498,100
2019-06-28 09:56:01.949945461,100310,82,100207,182,100496,182,99998,182,100538,182,99886,182,100546,182,99794,182,100718,100,99789,100,100846,100,99621,100,100852,100,99557,100,101004,100,99508,100,,,99503,100,,,99498,100
2019-06-28 09:56:10.000000000,100496,166,100207,166,100538,166,99998,166,100546,166,99886,166,100718,166,99794,166,100846,166,99789,166,100852,100,99621,100,101004,100,99557,100,,,99508,100,,,99503,100,,,99498,100
2019-06-28 09:56:15.281326496,100496,166,100471,100,100538,166,100207,166,100546,166,99998,166,100718,166,99886,166,100846,166,99794,166,100852,100,99789,166,101004,100,99621,100,,,99557,100,,,99508,100,,,99503,100
2019-06-28 09:56:18.785748530,100496,166,100471,100,100538,166,100207,166,100546,66,99998,166,100578,100,99886,166,100718,166,99794,166,100846,166,99789,166,100852,100,99621,100,101004,100,99557,100,,,99508,100,,,99503,100
2019-06-28 09:56:20.000000000,100496,182,100471,182,100538,182,100207,182,100578,182,99998,182,100718,182,99886,182,100846,100,99794,100,100852,100,99789,100,101004,100,99621,100,,,99557,100,,,99508,100,,,99503,100
2019-06-28 09:56:30.000000000,100496,182,100471,182,100538,182,100207,182,100578,182,99998,182,100718,182,99886,182,100846,100,99794,100,100852,100,99789,100,101004,100,99621,100,,,99557,100,,,99508,100,,,99503,100
2019-06-28 09:56:40.000000000,100496,212,100471,212,100538,208,100207,208,100578,208,99998,208,100718,100,99886,100,100846,100,99794,100,100852,100,99789,100,101004,100,99621,100,,,99557,100,,,99508,100,,,99503,100
2019-06-28 09:56:46.695480012,100496,212,100471,112,100538,208,100207,208,100578,208,99998,208,100718,100,99886,100,100846,100,99794,100,100852,100,99789,100,101004,100,99621,100,,,99557,100,,,99508,100,,,99503,100
2019-06-28 09:56:50.000000000,100496,166,100207,166,100538,166,99998,166,100578,166,99886,166,100718,166,99794,166,100846,166,99789,166,100852,100,99621,100,101004,100,99557,100,,,99508,100,,,99503,100,,,99498,100
2019-06-28 09:57:00.000000000,100496,428,100207,428,100538,100,99998,100,100578,100,99886,100,100718,100,99794,100,100846,100,99789,100,100852,100,99621,100,101004,100,99557,100,,,99508,100,,,99503,100,,,99498,100
2019-06-28 09:57:09.521781293,100496,428,100207,328,100538,100,99998,100,100578,100,99886,100,100718,100,99794,100,100846,100,99789,100,100852,100,99621,100,101004,100,99557,100,,,99508,100,,,99503,100,,,99498,100
2019-06-28 09:57:10.000000000,100496,212,99998,212,100538,208,99886,208,100578,208,99794,208,100718,100,99789,100,100846,100,99621,100,100852,100,99557,100,101004,100,99508,100,,,99503,100,,,99498,100,,,99377,100
2019-06-28 09:57:14.562042383,100496,212,99998,212,100538,208,99922,100,100578,208,99886,208,100718,100,99794,208,100846,100,99789,100,100852,100,99621,100,101004,100,99557,100,,,99508,100,,,99503,100,,,99498,100
2019-06-28 09:57:15.516463219,100471,100,99998,212,100496,212,99922,100,100538,208,99886,208,100578,208,99794,208,100718,100,99789,100,100846,100,99621,100,100852,100,99557,100,101004,100,99508,100,,,99503,100,,,99498,100
2019-06-28 09:57:19.155139713,100471,200,99998,212,100496,212,99922,100,100538,208,99886,208,100578,208,99794,208,100718,100,99789,100,100846,100,99621,100,100852,100,99557,100,101004,100,99508,100,,,99503,100,,,99498,100
2019-06-28 09:57:20.000000000,100471,364,99998,264,100496,264,99922,264,100538,100,99886,100,100578,100,99794,100,100718,100,99789,100,100846,100,99621,100,100852,100,99557,100,101004,100,99508,100,,,99503,100,,,99498,100
2019-06-28 09:57:20.425407834,100471,364,99998,164,100496,264,99922,264,100538,100,99886,100,100578,100,99794,100,100718,100,99789,100,100846,100,99621,100,100852,100,99508,100,101004,100,99503,100,,,99498,100,,,99377,100
2019-06-28 09:57:21.080250488,100471,364,100208,100,100496,264,99998,164,100538,100,99922,264,100578,100,99886,100,100718,100,99794,100,100846,100,99789,100,100852,100,99621,100,101004,100,99508,100,,,99503,100,,,99498,100
2019-06-28 09:57:30.000000000,100471,528,100208,428,100496,100,99922,100,100538,100,99886,100,100578,100,99794,100,100718,100,99789,100,100846,100,99621,100,100852,100,99508,100,101004,100,99503,100,,,99498,100,,,99377,100
2019-06-28 09:57:40.000000000,100471,282,100208,182,100496,182,99922,182,100538,182,99886,182,100578,182,99794,182,100718,100,99789,100,100846,100,99621,100,100852,100,99508,100,101004,100,99503,100,,,99498,100,,,99377,100
2019-06-28 09:57:50.000000000,100471,266,100208,166,100496,166,99922,166,100538,166,99886,166,100578,166,99794,166,100718,166,99789,166,100846,100,99621,100,100852,100,99508,100,101004,100,99503,100,,,99498,100,,,99377,100
2019-06-28 09:57:55.815052463,100471,266,100208,66,100496,166,99922,166,100538,166,99886,166,100578,166,99794,166,100718,166,99789,166,100846,100,99621,100,100852,100,99508,100,101004,100,99503,100,,,99498,100,,,99377,100
2019-06-28 09:58:00.000000000,100471,528,99922,428,100496,100,99886,100,100538,100,99794,100,100578,100,99789,100,100718,100,99621,100,100846,100,99508,100,100852,100,99503,100,101004,100,99498,100,,,99377,100,,,99357,100
2019-06-28 09:58:04.323194758,100471,528,99922,428,100496,100,99886,100,100538,100,99794,100,100578,100,99789,100,100718,100,99621,100,100846,100,99508,100,100852,100,99503,100,101004,100,99498,100,,,99474,100,,,99377,100
2019-06-28 09:58:04.429360701,100471,528,99922,328,100538,100,99886,100,100578,100,99794,100,100718,100,99789,100,100846,100,99621,100,100852,100,99508,100,101004,100,99503,100,,,99498,100,,,99474,100,,,99377,100
2019-06-28 09:58:10.000000000,100471,528,99886,428,100538,100,99794,100,100578,100,99789,100,100718,100,99621,100,100846,100,99508,100,100852,100,99503,100,101004,100,99498,100,,,99474,100,,,99377,100,,,99357,100
2019-06-28 09:58:19.021238012,100471,528,99886,428,100538,100,99794,100,100578,100,99789,100,100718,100,99621,100,100846,100,99583,100,100852,100,99508,100,101004,100,99503,100,,,99498,100,,,99474,100,,,99377,100
2019-06-28 09:58:20.000000000,100471,312,99886,212,100538,208,99794,208,100578,208,99789,208,100718,100,99621,100,100846,100,99583,100,100852,100,99508,100,101004,100,99503,100,,,99498,100,,,99474,100,,,99377,100
2019-06-28 09:58:22.621129022,100471,312,99886,212,100538,208,99794,208,100578,208,99789,208,100846,100,99621,100,100852,100,99583,100,101004,100,99536,100,,,99508,100,,,99503,100,,,99498,100,,,99474,100
2019-06-28 09:58:30.000000000,100471,266,99886,166,100538,166,99794,166,100578,166,99789,166,100846,166,99621,166,100852,166,99583,166,101004,100,99536,100,,,99508,100,,,99503,100,,,99498,100,,,99474,100
2019-06-28 09:58:40.000000000,100471,266,99886,166,100538,166,99794,166,100578,166,99789,166,100846,166,99621,166,100852,166,99583,166,101004,100,99536,100,,,99508,100,,,99503,100,,,99498,100,,,99474,100
2019-06-28 09:58:42.164046852,100471,266,99886,166,100538,166,99794,166,100578,166,99789,166,100846,166,99672,100,100852,166,99621,166,101004,100,99583,166,,,99536,100,,,99508,100,,,99503,100,,,99498,100
2019-06-28 09:58:47.902803443,100471,266,99886,166,100538,166,99794,166,100578,166,99789,166,100846,166,99672,100,100852,166,99621,266,101004,100,99583,166,,,99536,100,,,99508,100,,,99503,100,,,99498,100
2019-06-28 09:58:50.000000000,100471,282,99886,182,100538,182,99794,182,100578,182,99789,182,100846,182,99672,182,100852,100,99621,200,101004,100,99583,100,,,99536,100,,,99508,100,,,99503,100,,,99498,100
2019-06-28 09:58:54.939213532,100471,282,99886,182,100538,182,99852,100,100578,182,99794,182,100846,182,99789,182,100852,100,99672,182,101004,100,99621,200,,,99583,100,,,99536,100,,,99508,100,,,99503,100
2019-06-28 09:58:55.032577786,100471,282,99886,182,100538,182,99852,100,100578,182,99794,182,100846,182,99789,182,100852,100,99672,182,101004,100,99621,300,,,99583,100,,,99536,100,,,99508,100,,,99503,100
2019-06-28 09:59:00.000000000,100471,312,99886,212,100538,208,99852,208,100578,208,99794,208,100846,100,99789,100,100852,100,99672,100,101004,100,99621,300,,,99583,100,,,99536,100,,,99508,100,,,99503,100
2019-06-28 09:59:09.801734966,100471,312,99886,112,100538,208,99852,208,100578,208,99794,208,100846,100,99789,100,100852,100,99672,100,101004,100,99621,300,,,99583,100,,,99536,100,,,99508,100,,,99503,100
2019-06-28 09:59:10.000000000,100471,266,99852,166,100538,166,99794,166,100578,166,99789,166,100846,166,99672,166,100852,166,99621,366,101004,100,99583,100,,,99536,100,,,99508,100,,,99503,100,,,99498,100
2019-06-28 09:59:18.088332287,100471,266,99852,166,100538,166,99794,166,100578,166,99789,166,100846,166,99712,100,100852,166,99672,166,101004,100,99621,366,,,99583,100,,,99536,100,,,99508,100,,,99503,100
2019-06-28 09:59:20.000000000,100471,266,99852,166,100538,166,99794,166,100578,166,99789,166,100846,166,99712,166,100852,166,99672,166,101004,100,99621,300,,,99583,100,,,99536,100,,,99508,100,,,99503,100
2019-06-28 09:59:30.000000000,100471,528,99852,428,100538,100,99794,100,100578,100,99789,100,100846,100,99712,100,100852,100,99672,100,101004,100,99621,300,,,99583,100,,,99536,100,,,99508,100,,,99503,100
2019-06-28 09:59:34.329792918,100471,528,99852,328,100538,100,99794,100,100578,100,99789,100,100846,100,99712,100,100852,100,99672,100,101004,100,99621,300,,,99583,100,,,99536,100,,,99508,100,,,99503,100
2019-06-28 09:59:40.000000000,100471,282,99794,182,100538,182,99789,182,100578,182,99712,182,100846,182,99672,182,100852,100,99621,300,101004,100,99583,100,,,99536,100,,,99508,100,,,99503,100,,,99498,100
2019-06-28 09:59:48.754709303,100074,100,99794,182,100471,282,99789,182,100538,182,99712,182,100578,182,99672,182,100846,182,99621,300,100852,100,99583,100,101004,100,99536,100,,,99508,100,,,99503,100,,,99498,100
2019-06-28 09:59:50.000000000,100074,166,99794,166,100471,266,99789,166,100538,166,99712,166,100578,166,99672,166,100846,166,99621,366,100852,100,99583,100,101004,100,99536,100,,,99508,100,,,99503,100,,,99498,100
2019-06-28 09:59:57.756909798,99963,100,99794,166,100074,166,99789,166,100471,266,99712,166,100538,166,99672,166,100578,166,99621,366,100846,166,99583,100,100852,100,99536,100,101004,100,99508,100,,,99503,100,,,99498,100
2019-06-28 10:00:00.000000000,99963,212,99794,212,100074,208,99789,208,100471,308,99712,208,100538,100,99672,100,100578,100,99621,300,100846,100,99583,100,100852,100,99536,100,101004,100,99508,100,,,99503,100,,,99498,100
2019-06-28 10:00:10.000000000,99963,166,99794,166,100074,166,99789,166,100471,266,99712,166,100538,166,99672,166,100578,166,99621,366,100846,100,99583,100,100852,100,99536,100,101004,100,99508,100,,,99503,100,,,99498,100
2019-06-28 10:00:14.620307781,99874,100,99794,166,99963,166,99789,166,100074,166,99712,166,100471,266,99672,166,100538,166,99621,366,100578,166,99583,100,100846,100,99536,100,100852,100,99503,100,101004,100,99498,100,,,99377,100
2019-06-28 10:00:20.000000000,99874,212,99794,212,99963,208,99789,208,100074,208,99712,208,100471,200,99672,100,100538,100,99621,300,100578,100,99583,100,100846,100,99536,100,100852,100,99503,100,101004,100,99498,100,,,99377,100
2019-06-28 10:00:26.690184073,99874,212,99853,100,99963,208,99794,212,100074,208,99789,208,100471,200,99712,208,100538,100,99672,100,100578,100,99621,300,100846,100,99583,100,100852,100,99536,100,101004,100,99503,100,,,99498,100
2019-06-28 10:00:30.000000000,99874,166,99853,166,99963,166,99794,166,100074,166,99789,166,100471,266,99712,166,100538,166,99672,166,100578,100,99621,300,100846,100,99583,100,100852,100,99536,100,101004,100,99503,100,,,99498,100
2019-06-28 10:00:34.308325056,99874,166,99853,166,99963,166,99794,166,100074,166,99789,166,100310,100,99712,166,100471,266,99672,166,100538,166,99621,300,100578,100,99583,100,100846,100,99536,100,100852,100,99503,100,101004,100,99498,100
2019-06-28 10:00:37.719080576,99874,166,99853,166,99963,166,99830,100,100074,166,99794,166,100310,100,99789,166,100471,266,99712,166,100538,166,99672,166,100578,100,99621,300,100846,100,99536,100,100852,100,99503,100,101004,100,99498,100
2019-06-28 10:00:40.000000000,99874,212,99853,212,99963,208,99830,208,100074,208,99794,208,100310,100,99789,100,100471,200,99712,100,100538,100,99672,100,100578,100,99621,300,100846,100,99536,100,100852,100,99503,100,101004,100,99498,100
2019-06-28 10:00:48.383874735,99874,212,99853,212,99963,208,99830,208,100074,208,99794,208,100157,100,99789,100,100310,100,99712,100,100471,200,99672,100,100538,100,99621,300,100578,100,99536,100,100846,100,99503,100,100852,100,99498,100
2019-06-28 10:00:50.000000000,99874,182,99853,182,99963,182,99830,182,100074,182,99794,182,100157,182,99789,182,100310,100,99712,100,100471,200,99672,100,100538,100,99621,300,100578,100,99536,100,100846,100,99503,100,100852,100,99498,100
2019-06-28 10:00:54.317157292,99874,182,99853,82,99963,82,99830,182,100074,182,99794,182,100157,182,99789,182,100310,100,99712,100,100471,200,99672,100,100538,100,99621,300,100578,100,99536,100,100846,100,99503,100,100852,100,99498,100
2019-06-28 10:01:00.000000000,99874,428,99830,428,100074,100,99794,100,100157,100,99789,100,100310,100,99712,100,100471,200,99672,100,100538,100,99621,300,100578,100,99536,100,100846,100,99503,100,100852,100,99498,100,101004,100,99377,100
2019-06-28 10:01:00.359259115,99874,328,99830,428,100074,100,99794,100,100157,100,99789,100,100310,100,99712,100,100471,200,99672,100,100538,100,99621,300,100578,100,99536,100,100846,100,99503,100,100852,100,99498,100,101004,100,99377,100
2019-06-28 10:01:08.275179489,99874,328,99830,428,100074,100,99794,100,100157,100,99789,100,100310,100,99767,100,100471,200,99712,100,100538,100,99672,100,100578,100,99621,300,100846,100,99536,100,100852,100,99503,100,101004,100,99498,100
2019-06-28 10:01:10.000000000,100074,182,99830,182,100157,182,99794,182,100310,182,99789,182,100471,282,99767,182,100538,100,99712,100,100578,100,99672,100,100846,100,99621,300,100852,100,99536,100,101004,100,99503,100,,,99498,100
2019-06-28 10:01:20.000000000,100074,182,99830,182,100157,182,99794,182,100310,182,99789,182,100471,282,99767,182,100538,100,99712,100,100578,100,99672,100,100846,100,99621,300,100852,100,99536,100,101004,100,99503,100,,,99498,100
2019-06-28 10:01:23.578117258,100074,182,99853,100,100157,182,99830,182,100310,182,99794,182,100471,282,99789,182,100538,100,99767,182,100578,100,99712,100,100852,100,99672,100,101004,100,99621,300,,,99536,100,,,99503,100
2019-06-28 10:01:30.000000000,100074,264,99853,264,100157,264,99830,264,100310,100,99794,100,100471,200,99789,100,100538,100,99767,100,100578,100,99712,100,100852,100,99672,100,101004,100,99621,300,,,99536,100,,,99503,100
2019-06-28 10:01:30.433275857,100010,100,99853,264,100074,264,99830,264,100157,264,99794,100,100310,100,99789,100,100471,200,99767,100,100538,100,99712,100,100578,100,99672,100,100852,100,99621,300,101004,100,99536,100,,,99503,100
2019-06-28 10:01:32.360106589,100010,100,99893,100,100074,264,99853,264,100157,264,99830,264,100310,100,99794,100,100471,200,99789,100,100538,100,99767,100,100578,100,99712,100,100852,100,99672,100,101004,100,99621,300,,,99536,100
2019-06-28 10:01:40.000000000,100010,264,99893,264,100074,264,99853,264,100157,100,99830,100,100310,100,99794,100,100471,200,99789,100,100538,100,99767,100,100578,100,99712,100,100852,100,99672,100,101004,100,99621,300,,,99536,100
2019-06-28 10:01:42.697317194,99922,100,99893,264,100010,264,99853,264,100074,264,99830,100,100157,100,99794,100,100310,100,99789,100,100471,200,99767,100,100538,100,99712,100,100578,100,99672,100,100852,100,99621,300,101004,100,99536,100
2019-06-28 10:01:50.000000000,99922,212,99893,212,100010,208,99853,208,100074,208,99830,208,100157,100,99794,100,100310,100,99789,100,100471,200,99767,100,100538,100,99712,100,100578,100,99672,100,100852,100,99621,300,101004,100,99536,100
2019-06-28 10:01:51.153665662,99922,212,99893,212,100010,208,99853,208,100074,208,99830,208,100157,100,99824,100,100310,100,99794,100,100471,200,99789,100,100538,100,99712,100,100578,100,99672,100,100852,100,99621,300,101004,100,99536,100
2019-06-28 10:02:00.000000000,99922,264,99893,264,100010,264,99853,264,100074,100,99830,100,100157,100,99824,100,100310,100,99794,100,100471,200,99789,100,100538,100,99712,100,100578,100,99672,100,100852,100,99621,300,101004,100,99536,100
2019-06-28 10:02:10.000000000,99922,428,99893,428,100010,100,99853,100,100074,100,99830,100,100157,100,99824,100,100310,100,99794,100,100471,200,99789,100,100538,100,99712,100,100578,100,99672,100,100852,100,99621,300,101004,100,99536,100
2019-06-28 10:02:20.000000000,99922,264,99893,264,100010,264,99853,264,100074,100,99830,100,100157,100,99824,100,100310,100,99794,100,100471,200,99789,100,100538,100,99712,100,100578,100,99672,100,100852,100,99621,300,101004,100,99536,100
2019-06-28 10:02:30.000000000,99922,264,99893,264,100010,264,99853,264,100074,100,99830,100,100157,100,99824,100,100310,100,99794,100,100471,200,99789,100,100538,100,99712,100,100578,100,99672,100,100852,100,99621,300,101004,100,99536,100
2019-06-28 10:02:40.000000000,99922,182,99893,182,100010,182,99853,182,100074,182,99830,182,100157,182,99824,182,100310,100,99794,100,100471,200,99789,100,100538,100,99712,100,100578,100,99672,100,100852,100,99621,300,101004,100,99536,100
2019-06-28 10:02:50.000000000,99922,212,99893,212,100010,208,99853,208,100074,208,99830,208,100157,100,99824,100,100310,100,99794,100,100471,200,99789,100,100538,100,99712,100,100578,100,99672,100,100852,100,99621,300,101004,100,99536,100
2019-06-28 10:02:54.247169809,99922,212,99893,112,100010,208,99853,208,100074,208,99830,208,100157,100,99824,100,100310,100,99794,100,100471,200,99789,100,100538,100,99712,100,100578,100,99672,100,100852,100,99621,300,101004,100,99536,100
2019-06-28 10:03:00.000000000,99922,264,99853,264,100010,264,99830,264,100074,100,99824,100,100157,100,99794,100,100310,100,99789,100,100471,200,99712,100,100538,100,99672,100,100578,100,99621,300,100852,100,99536,100,101004,100,99503,100
2019-06-28 10:03:10.000000000,99922,264,99853,264,100010,264,99830,264,100074,100,99824,100,100157,100,99794,100,100310,100,99789,100,100471,200,99712,100,100538,100,99672,100,100578,100,99621,300,100852,100,99536,100,101004,100,99503,100
2019-06-28 10:03:20.000000000,99922,182,99853,182,100010,182,99830,182,100074,182,99824,182,100157,182,99794,182,100310,100,99789,100,100471,200,99712,100,100538,100,99672,100,100578,100,99621,300,100852,100,99536,100,101004,100,99503,100
2019-06-28 10:03:22.746173685,99922,182,99853,82,100010,182,99830,182,100074,182,99824,182,100157,182,99794,182,100310,100,99789,100,100471,200,99712,100,100538,100,99672,100,100578,100,99621,300,100852,100,99536,100,101004,100,99503,100
2019-06-28 10:03:30.000000000,99922,166,99830,166,100010,166,99824,166,100074,166,99794,166,100157,166,99789,166,100310,166,99712,166,100471,200,99672,100,100538,100,99621,300,100578,100,99536,100,100852,100,99503,100,101004,100,99377,100
2019-06-28 10:03:35.374001582,99922,166,99830,66,100010,166,99824,166,100074,166,99794,166,100157,166,99789,166,100310,166,99712,166,100471,200,99672,100,100538,100,99621,300,100578,100,99536,100,100852,100,99503,100,,,99377,100
2019-06-28 10:03:40.000000000,99922,212,99824,212,100010,208,99794,208,100074,208,99789,208,100157,100,99712,100,100310,100,99672,100,100471,200,99621,300,100538,100,99536,100,100578,100,99503,100,100852,100,99377,100,,,99357,100
2019-06-28 10:03:50.000000000,99922,212,99824,212,100010,208,99794,208,100074,208,99789,208,100157,100,99712,100,100310,100,99672,100,100471,200,99621,300,100538,100,99536,100,100578,100,99503,100,100852,100,99377,100,,,99357,100
2019-06-28 10:03:56.081600669,99922,212,99824,212,100010,208,99794,208,100074,208,99789,208,100157,100,99712,100,100310,100,99672,100,100471,200,99621,300,100538,100,99536,100,100578,100,99503,100,100852,100,99377,100,,,99357,100
2019-06-28 10:03:56.217942313,99922,212,99824,212,100010,208,99794,208,100074,208,99789,208,100157,100,99712,100,100310,100,99672,100,100471,100,99621,300,100538,100,99536,100,100578,100,99503,100,100852,100,99377,100,,,99357,100
2019-06-28 10:03:56.918902306,99922,212,99824,212,100010,208,99794,208,100074,208,99789,208,100157,100,99712,100,100310,100,99672,100,100471,100,99621,300,100538,100,99536,100,100578,100,99503,100,100852,100,99377,100,,,99357,100
2019-06-28 10:04:00.000000000,99922,182,99824,182,100010,182,99794,182,100074,182,99789,182,100157,182,99712,182,100310,100,99672,100,100471,100,99621,300,100538,100,99536,100,100578,100,99503,100,100852,100,99377,100,,,99357,100
2019-06-28 10:04:10.000000000,99922,166,99824,166,100010,166,99794,166,100074,166,99789,166,100157,166,99712,166,100310,166,99672,166,100471,100,99621,300,100538,100,99536,100,100578,100,99503,100,100852,100,99377,100,,,99357,100
2019-06-28 10:04:13.722197788,99922,166,99824,166,100010,166,99794,166,100074,166,99789,166,100157,166,99712,166,100310,166,99672,66,100471,100,99621,300,100538,100,99536,100,100578,100,99503,100,100852,100,99377,100,,,99357,100
2019-06-28 10:04:20.000000000,99922,166,99824,166,100010,166,99794,166,100074,166,99789,166,100157,166,99712,166,100310,166,99621,366,100471,100,99536,100,100538,100,99503,100,100578,100,99377,100,100852,100,99357,100,,,99285,100
2019-06-28 10:04:26.103818253,99922,166,99824,66,100010,166,99794,166,100074,166,99789,166,100157,166,99712,166,100310,166,99621,366,100471,100,99536,100,100538,100,99503,100,100578,100,99377,100,100852,100,99357,100,,,99285,100
2019-06-28 10:04:29.035940991,99922,166,99824,66,100010,166,99794,166,100074,166,99789,166,100157,166,99712,166,100310,166,99621,366,100471,100,99536,100,100538,100,99503,100,100578,100,99377,100,100852,100,99357,100,,,99285,100
2019-06-28 10:04:30.000000000,99922,166,99794,166,100010,166,99789,166,100074,166,99712,166,100157,166,99621,366,100310,166,99536,166,100471,100,99503,100,100538,100,99377,100,100578,100,99357,100,100852,100,99285,100,,,98995,100
2019-06-28 10:04:40.000000000,99922,264,99794,264,100010,264,99789,264,100074,100,99712,100,100157,100,99621,300,100310,100,99536,100,100471,100,99503,100,100538,100,99377,100,100578,100,99357,100,100852,100,99285,100,,,98995,100
2019-06-28 10:04:48.958933979,99922,264,99794,164,100010,264,99789,264,100074,100,99712,100,100157,100,99621,200,100310,100,99536,100,100471,100,99503,100,100538,100,99377,100,100578,100,99357,100,100852,100,99285,100,,,98995,100
2019-06-28 10:04:50.000000000,99922,428,99789,428,100010,100,99712,100,100074,100,99621,200,100157,100,99536,100,100310,100,99503,100,100471,100,99377,100,100538,100,99357,100,100578,100,99285,100,100852,100,98995,100,,,98957,100
2019-06-28 10:05:00.000000000,99922,182,99789,182,100010,182,99712,182,100074,182,99621,282,100157,182,99536,182,100310,100,99503,100,100471,100,99377,100,100538,100,99357,100,100578,100,99285,100,100852,100,98995,100,,,98957,100
2019-06-28 10:05:01.071858107,99922,182,99789,82,100010,182,99712,182,100074,182,99621,282,100157,182,99536,182,100310,100,99377,100,100471,100,99357,100,100538,100,99285,100,100578,100,98995,100,100852,100,98957,100,,,98955,100
2019-06-28 10:05:07.374899816,99794,100,99789,82,99922,182,99712,182,100010,182,99621,282,100074,182,99536,182,100157,182,99377,100,100310,100,99357,100,100471,100,99285,100,100538,100,98995,100,100578,100,98957,100,100852,100,98955,100
2019-06-28 10:05:10.000000000,99794,182,99712,182,99922,182,99621,282,100010,182,99536,182,100074,182,99377,182,100157,100,99357,100,100310,100,99285,100,100471,100,98995,100,100538,100,98957,100,100578,100,98955,100,100852,100,98930,100
2019-06-28 10:05:20.000000000,99794,166,99712,166,99922,166,99621,266,100010,166,99536,166,100074,166,99377,166,100157,166,99357,166,100310,100,99285,100,100471,100,98995,100,100538,100,98957,100,100578,100,98955,100,100852,100,98930,100
2019-06-28 10:05:29.992407559,99794,266,99712,166,99922,166,99621,266,100010,166,99536,166,100074,166,99377,166,100157,166,99357,166,100310,100,99285,100,100471,100,98995,100,100538,100,98957,100,100578,100,98955,100,100852,100,98930,100
2019-06-28 10:05:30.000000000,99794,282,99712,182,99922,182,99621,282,100010,182,99536,182,100074,182,99377,182,100157,100,99357,100,100310,100,99285,100,100471,100,98995,100,100538,100,98957,100,100578,100,98955,100,100852,100,98930,100
2019-06-28 10:05:37.635949327,99794,282,99712,182,99922,182,99621,282,100010,182,99536,182,100074,182,99377,182,100157,100,99357,100,100310,100,99285,100,100471,100,98957,100,100538,100,98955,100,100578,100,98930,100,100852,100,98882,100
2019-06-28 10:05:40.000000000,99794,528,99712,428,99922,100,99621,200,100010,100,99536,100,100074,100,99377,100,100157,100,99357,100,100310,100,99285,100,100471,100,98957,100,100538,100,98955,100,100578,100,98930,100,100852,100,98882,100
2019-06-28 10:05:45.390669613,99794,528,99712,428,99922,100,99621,200,100010,100,99536,100,100074,100,99377,100,100157,100,99357,100,100310,100,99285,100,100471,100,98957,100,100538,100,98955,100,100578,100,98930,100,100852,100,98882,100
2019-06-28 10:05:45.781545046,99794,528,99712,328,99922,100,99621,200,100074,100,99536,100,100157,100,99377,100,100310,100,99357,100,100471,100,99285,100,100538,100,98957,100,100578,100,98955,100,100852,100,98930,100,,,98882,100
2019-06-28 10:05:50.000000000,99794,528,99621,528,99922,100,99536,100,100074,100,99377,100,100157,100,99357,100,100310,100,99285,100,100471,100,98957,100,100538,100,98955,100,100578,100,98930,100,100852,100,98882,100,,,98798,100
2019-06-28 10:05:56.945564235,99794,528,99621,428,99922,100,99536,100,100074,100,99377,100,100157,100,99357,100,100310,100,99285,100,100471,100,98957,100,100538,100,98955,100,100578,100,98930,100,100852,100,98882,100,,,98798,100
2019-06-28 10:05:57.339790663,99794,528,99621,428,99922,100,99536,100,100074,100,99377,100,100157,100,99357,100,100310,100,99285,100,100471,100,98957,100,100538,100,98955,100,100578,100,98931,100,100852,100,98930,100,,,98882,100
2019-06-28 10:06:00.000000000,99794,266,99621,166,99922,166,99536,166,100074,166,99377,166,100157,166,99357,166,100310,166,99285,166,100471,100,98957,100,100538,100,98955,100,100578,100,98931,100,100852,100,98930,100,,,98882,100
2019-06-28 10:06:05.357569300,99794,266,99621,166,99922,166,99536,166,100074,166,99377,166,100157,166,99357,166,100310,166,99285,166,100471,100,99152,100,100538,100,98957,100,100578,100,98955,100,100852,100,98931,100,,,98930,100
2019-06-28 10:06:10.000000000,99794,312,99621,212,99922,208,99536,208,100074,208,99377,208,100157,100,99357,100,100310,100,99285,100,100471,100,99152,100,100538,100,98957,100,100578,100,98955,100,100852,100,98931,100,,,98930,100
2019-06-28 10:06:20.000000000,99794,312,99621,212,99922,208,99536,208,100074,208,99377,208,100157,100,99357,100,100310,100,99285,100,100471,100,99152,100,100538,100,98957,100,100578,100,98955,100,100852,100,98931,100,,,98930,100
2019-06-28 10:06:23.531730421,99794,312,99621,212,99922,208,99536,208,100074,208,99377,208,100157,100,99357,100,100310,100,99285,100,100471,100,99152,100,100538,100,99037,100,100578,100,98957,100,100852,100,98955,100,,,98931,100
2019-06-28 10:06:23.876053201,99794,312,99621,112,99922,208,99536,208,100074,208,99377,208,100157,100,99357,100,100310,100,99285,100,100471,100,99152,100,100538,100,99037,100,100578,100,98957,100,100852,100,98955,100,,,98931,100
2019-06-28 10:06:30.000000000,99794,266,99536,166,99922,166,99377,166,100074,166,99357,166,100157,166,99285,166,100310,166,99152,166,100471,100,99037,100,100538,100,98957,100,100578,100,98955,100,100852,100,98931,100,,,98930,100
2019-06-28 10:06:32.108892193,99794,266,99536,166,99922,166,99377,166,100074,166,99357,166,100157,166,99285,166,100310,166,99152,166,100471,100,99037,100,100538,100,98957,100,100578,100,98955,100,100852,100,98931,100,,,98930,100
2019-06-28 10:06:40.000000000,99794,266,99536,166,99922,166,99377,166,100074,166,99357,166,100157,166,99285,166,100310,166,99152,166,100471,100,99037,100,100538,100,98957,100,100578,100,98955,100,100852,100,98931,100,,,98930,100
2019-06-28 10:06:40.230604623,99794,266,99536,166,99922,166,99377,166,100074,166,99357,166,100157,166,99285,166,100310,166,99152,166,100471,100,99037,100,100538,100,98957,100,100578,100,98955,100,100852,100,98931,100,,,98930,100
2019-06-28 10:06:50.000000000,99794,312,99536,212,99922,208,99377,208,100074,208,99357,208,100157,100,99285,100,100310,100,99152,100,100471,100,99037,100,100538,100,98957,100,100578,100,98955,100,100852,100,98931,100,,,98930,100
2019-06-28 10:07:00.000000000,99794,266,99536,166,99922,166,99377,166,100074,166,99357,166,100157,166,99285,166,100310,166,99152,166,100471,100,99037,100,100538,100,98957,100,100578,100,98955,100,100852,100,98931,100,,,98930,100
2019-06-28 10:07:05.385900472,99621,100,99536,166,99794,266,99377,166,99922,166,99357,166,100074,166,99285,166,100157,166,99152,166,100310,166,99037,100,100471,100,98957,100,100538,100,98955,100,100578,100,98931,100,100852,100,98930,100
2019-06-28 10:07:10.000000000,99621,428,99536,428,99794,200,99377,100,99922,100,99357,100,100074,100,99285,100,100157,100,99152,100,100310,100,99037,100,100471,100,98957,100,100538,100,98955,100,100578,100,98931,100,100852,100,98930,100
2019-06-28 10:07:16.441802334,99621,428,99536,328,99794,200,99377,100,99922,100,99357,100,100074,100,99285,100,100157,100,99152,100,100310,100,99037,100,100471,100,98957,100,100578,100,98955,100,100852,100,98931,100,,,98930,100
2019-06-28 10:07:20.000000000,99621,264,99377,264,99794,364,99357,264,99922,100,99285,100,100074,100,99152,100,100157,100,99037,100,100310,100,98957,100,100471,100,98955,100,100578,100,98931,100,100852,100,98930,100,,,98920,100
2019-06-28 10:07:21.751273764,99621,264,99377,264,99794,364,99357,264,99922,100,99285,100,100074,100,99233,100,100157,100,99152,100,100310,100,99037,100,100471,100,98957,100,100578,100,98955,100,100852,100,98931,100,,,98930,100
2019-06-28 10:07:30.000000000,99621,182,99377,182,99794,282,99357,182,99922,182,99285,182,100074,182,99233,182,100157,100,99152,100,100310,100,99037,100,100471,100,98957,100,100578,100,98955,100,100852,100,98931,100,,,98930,100
2019-06-28 10:07:39.825033425,99621,182,99377,82,99794,282,99357,182,99922,182,99285,182,100074,182,99233,182,100157,100,99152,100,100310,100,99037,100,100471,100,98957,100,100578,100,98955,100,100852,100,98931,100,,,98930,100
2019-06-28 10:07:40.000000000,99621,182,99357,182,99794,282,99285,182,99922,182,99233,182,100074,182,99152,182,100157,100,99037,100,100310,100,98957,100,100471,100,98955,100,100578,100,98931,100,100852,100,98930,100,,,98920,100
2019-06-28 10:07:47.528669445,99621,182,99357,82,99794,282,99285,182,99922,182,99233,182,100074,182,99152,182,100157,100,99037,100,100310,100,98957,100,100471,100,98955,100,100578,100,98931,100,100852,100,98930,100,,,98920,100
2019-06-28 10:07:50.000000000,99621,182,99285,182,99794,282,99233,182,99922,182,99152,182,100074,182,99037,182,100157,100,98957,100,100310,100,98955,100,100471,100,98931,100,100578,100,98930,100,100852,100,98920,100,,,98882,100
