,ask_price_1,ask_size_1,bid_price_1,bid_size_1,ask_price_2,ask_size_2,bid_price_2,bid_size_2,ask_price_3,ask_size_3,bid_price_3,bid_size_3,ask_price_4,ask_size_4,bid_price_4,bid_size_4,ask_price_5,ask_size_5,bid_price_5,bid_size_5,ask_price_6,ask_size_6,bid_price_6,bid_size_6,ask_price_7,ask_size_7,bid_price_7,bid_size_7,ask_price_8,ask_size_8,bid_price_8,bid_size_8,ask_price_9,ask_size_9,bid_price_9,bid_size_9,ask_price_10,ask_size_10,bid_price_10,bid_size_10
2019-06-28 09:30:00.000000000,,,100024,100,,,,,,,,,,,,,,,,,,,,,,,,,,,,,,,,,,,,
2019-06-28 09:30:00.000000003,,,,,,,,,,,,,,,,,,,,,,,,,,,,,,,,,,,,,,,,
2019-06-28 09:30:00.000000004,,,99814,100,,,,,,,,,,,,,,,,,,,,,,,,,,,,,,,,,,,,
2019-06-28 09:30:00.000000005,,,100059,100,,,99921,100,,,99814,100,,,,,,,,,,,,,,,,,,,,,,,,,,,,
2019-06-28 09:30:00.000000006,,,100059,100,,,99921,100,,,99908,100,,,99814,100,,,,,,,,,,,,,,,,,,,,,,,,
2019-06-28 09:30:00.000000007,,,99921,100,,,99908,100,,,99814,100,,,,,,,,,,,,,,,,,,,,,,,,,,,,
2019-06-28 09:30:00.000000009,100059,100,99921,100,,,99908,100,,,99814,100,,,,,,,,,,,,,,,,,,,,,,,,,,,,
2019-06-28 09:30:00.000000011,100059,200,99921,100,,,99908,100,,,99814,100,,,,,,,,,,,,,,,,,,,,,,,,,,,,
2019-06-28 09:30:00.000000014,100059,200,99921,100,100218,100,99908,100,,,99814,100,,,,,,,,,,,,,,,,,,,,,,,,,,,,
2019-06-28 09:30:00.000000015,100059,200,99921,100,100125,100,99908,100,100218,100,99814,100,,,,,,,,,,,,,,,,,,,,,,,,,,,,
2019-06-28 09:30:00.000000016,100033,100,99921,100,100059,200,99908,100,100125,100,99814,100,100218,100,,,,,,,,,,,,,,,,,,,,,,,,,,
2019-06-28 09:30:00.000000017,100033,100,99943,100,100059,200,99921,100,100125,100,99908,100,100218,100,99814,100,,,,,,,,,,,,,,,,,,,,,,,,
2019-06-28 09:30:00.000000018,99997,100,99943,100,100033,100,99921,100,100059,200,99908,100,100085,100,99814,100,100125,100,99729,100,100218,100,,,,,,,,,,,,,,,,,,
2019-06-28 09:30:00.000000020,100033,100,99943,100,100059,200,99921,100,100085,100,99908,100,100125,100,99814,100,100218,100,99729,100,,,,,,,,,,,,,,,,,,,,
2019-06-28 09:30:00.000000021,100033,100,99943,100,100058,100,99921,100,100059,200,99908,100,100085,100,99814,100,100125,100,99729,100,100218,100,,,,,,,,,,,,,,,,,,
2019-06-28 09:30:00.000000026,100031,100,99943,100,100033,100,99921,100,100058,100,99908,100,100059,200,99814,100,100085,100,99729,100,100125,100,,,100218,100,,,,,,,,,,,,,,
2019-06-28 09:30:00.000000027,100031,100,99943,100,100033,100,99930,100,100058,100,99921,100,100059,200,99908,100,100085,100,99814,100,100125,100,99729,100,100218,100,,,,,,,,,,,,,,
2019-06-28 09:30:00.000000035,100031,100,99997,100,100033,100,99943,100,100034,100,99930,100,100058,100,99921,100,100059,200,99908,100,100085,100,99814,100,100125,100,99729,100,100218,100,,,,,,,,,,
2019-06-28 09:30:00.000000042,100031,100,99997,100,100032,100,99943,100,100033,100,99930,100,100034,100,99921,100,100058,100,99908,100,100059,200,99814,100,100085,100,99729,100,100125,100,,,100218,100,,,,,,
2019-06-28 09:30:00.000000045,100031,100,99997,100,100032,100,99943,100,100033,100,99930,100,100034,100,99921,100,100058,100,99908,100,100059,200,99814,100,100085,100,99729,100,100125,100,,,100151,100,,,100218,100,,
2019-06-28 09:30:00.000000047,100031,100,99997,100,100032,100,99943,100,100033,100,99930,100,100034,100,99921,100,100047,100,99908,100,100058,100,99814,100,100059,200,99729,100,100085,100,,,100125,100,,,100151,100,,
2019-06-28 09:30:00.000000048,100031,100,99997,100,100032,100,99943,100,100033,100,99930,100,100034,100,99921,100,100047,100,99908,100,100058,100,99814,100,100059,200,99729,100,100085,100,,,100125,100,,,100145,100,,
2019-06-28 09:30:00.000000049,100017,100,99997,100,100031,100,99943,100,100032,100,99930,100,100033,100,99921,100,100034,100,99908,100,100047,100,99872,100,100058,100,99814,100,100059,200,99729,100,100085,100,,,100125,100,,
2019-06-28 09:30:00.000000050,100017,100,99997,100,100031,100,99943,100,100032,100,99930,100,100033,100,99921,100,100034,100,99908,100,100047,100,99872,100,100058,100,99814,100,100059,200,99729,100,100085,100,,,100113,100,,
2019-06-28 09:30:00.000000051,100017,100,99997,100,100031,100,99943,100,100032,100,99930,100,100033,100,99921,100,100034,100,99908,100,100047,100,99872,100,100058,100,99814,100,100059,200,99729,100,100085,100,,,100095,100,,
2019-06-28 09:30:00.000000052,100017,100,99997,100,100031,100,99981,100,100032,100,99943,100,100033,100,99930,100,100034,100,99921,100,100047,100,99908,100,100058,100,99872,100,100059,200,99814,100,100085,100,99729,100,100095,100,,
2019-06-28 09:30:00.000000053,100017,100,99997,100,100031,100,99981,100,100032,100,99943,100,100033,100,99930,100,100034,100,99921,200,100047,100,99908,100,100058,100,99872,100,100059,200,99814,100,100085,100,99729,100,100095,100,,
2019-06-28 09:30:00.000000059,100017,100,99997,100,100031,100,99981,100,100032,100,99943,100,100033,100,99930,100,100034,100,99921,200,100047,100,99908,100,100058,100,99872,100,100059,200,99814,100,100085,100,99729,100,100095,100,,
2019-06-28 09:30:00.000000060,100017,100,99997,100,100031,100,99981,100,100032,100,99943,100,100033,100,99930,100,100034,100,99921,200,100047,100,99908,100,100058,100,99890,100,100059,200,99872,100,100085,100,99814,100,100095,100,99729,100
2019-06-28 09:30:00.000000061,100017,100,99981,100,100031,100,99943,100,100032,100,99930,100,100033,100,99921,200,100034,100,99908,100,100047,100,99890,100,100058,100,99872,100,100059,200,99814,100,100085,100,99729,100,100095,100,,
2019-06-28 09:30:00.000000063,100017,100,99981,100,100031,100,99943,100,100032,100,99930,100,100033,100,99921,200,100034,100,99908,100,100047,100,99890,100,100058,100,99872,100,100059,200,99814,100,100085,100,99729,100,100095,100,,
2019-06-28 09:30:00.000000064,100017,100,99981,100,100031,100,99943,100,100032,100,99930,100,100033,100,99921,200,100034,100,99908,100,100036,100,99890,100,100047,100,99872,100,100058,100,99814,100,100059,200,99729,100,100085,100,,
2019-06-28 09:30:00.000000065,100017,100,99981,100,100031,100,99943,100,100032,100,99930,100,100033,100,99921,200,100034,100,99908,100,100036,100,99890,100,100047,100,99872,100,100058,100,99814,100,100059,200,99729,100,100079,100,,
2019-06-28 09:30:00.000000067,100017,100,99981,100,100031,100,99943,100,100032,100,99930,100,100033,100,99922,100,100034,100,99921,200,100036,100,99908,100,100047,100,99890,100,100058,100,99872,100,100059,200,99814,100,100079,100,99729,100
2019-06-28 09:30:00.000000068,100017,100,99981,100,100031,100,99967,100,100032,100,99943,100,100033,100,99930,100,100034,100,99922,100,100036,100,99921,200,100047,100,99908,100,100058,100,99890,100,100059,200,99872,100,100079,100,99814,100
2019-06-28 09:30:00.000000069,100017,100,99981,100,100031,100,99967,100,100032,100,99943,100,100033,100,99930,100,100034,100,99922,100,100036,100,99921,200,100047,100,99908,100,100058,100,99890,100,100059,200,99873,100,100079,100,99872,100
2019-06-28 09:30:00.000000070,100017,100,99978,100,100031,100,99967,100,100032,100,99943,100,100033,100,99930,100,100034,100,99922,100,100036,100,99921,200,100047,100,99908,100,100058,100,99890,100,100059,200,99873,100,100079,100,99872,100
2019-06-28 09:30:00.000000071,99997,100,99978,100,100017,100,99967,100,100031,100,99943,100,100032,100,99930,100,100033,100,99922,100,100034,100,99921,200,100036,100,99908,100,100047,100,99890,100,100058,100,99873,100,100059,200,99872,100
2019-06-28 09:30:00.000000075,99997,100,99981,100,100017,100,99978,100,100031,100,99967,100,100032,100,99943,100,100033,100,99930,100,100034,100,99922,100,100036,100,99921,200,100047,100,99908,100,100058,100,99890,100,100059,200,99873,100
2019-06-28 09:30:00.000000076,99997,100,99981,200,100017,100,99978,100,100031,100,99967,100,100032,100,99943,100,100033,100,99930,100,100034,100,99922,100,100036,100,99921,200,100047,100,99908,100,100058,100,99890,100,100059,200,99873,100
2019-06-28 09:30:00.000000080,99997,100,99981,200,100017,100,99978,100,100031,100,99967,100,100032,100,99943,100,100033,100,99930,100,100034,100,99922,100,100036,100,99921,200,100047,100,99908,100,100058,100,99890,100,100059,200,99878,100
2019-06-28 09:30:00.000000081,99997,100,99981,200,100017,100,99978,100,100031,100,99967,100,100032,100,99943,100,100033,100,99930,100,100034,100,99922,100,100036,100,99921,200,100047,100,99919,100,100058,100,99908,100,100059,200,99890,100
2019-06-28 09:30:00.000000082,99997,100,99981,200,100017,100,99978,100,100031,100,99967,100,100032,100,99943,100,100033,100,99930,100,100034,100,99922,100,100036,100,99921,200,100047,100,99919,100,100058,100,99908,100,100059,200,99890,100
2019-06-28 09:30:00.000000083,99997,100,99981,300,100017,100,99978,100,100031,100,99967,100,100032,100,99943,100,100033,100,99930,100,100034,100,99922,100,100036,100,99921,200,100047,100,99919,100,100058,100,99908,100,100059,200,99890,100
2019-06-28 09:30:00.000000084,99997,100,99986,100,100017,100,99981,400,100031,100,99978,100,100032,100,99967,100,100033,100,99943,100,100034,100,99930,100,100036,100,99922,100,100047,100,99921,200,100058,100,99919,100,100059,200,99908,100
2019-06-28 09:30:00.000000085,100017,100,99986,100,100031,100,99981,400,100032,100,99978,100,100033,100,99967,100,100034,100,99943,100,100036,100,99930,100,100047,100,99922,100,100058,100,99921,200,100059,200,99919,100,100079,100,99908,100
2019-06-28 09:30:00.000000086,100017,100,99986,100,100031,100,99981,400,100032,100,99978,100,100033,100,99967,100,100034,100,99943,100,100036,100,99930,100,100047,100,99922,100,100058,100,99921,200,100059,200,99919,100,100079,100,99908,100
2019-06-28 09:30:00.000000088,100017,100,99986,100,100031,100,99981,400,100032,100,99978,100,100033,100,99967,100,100034,100,99943,100,100036,100,99931,100,100047,100,99930,100,100058,100,99922,100,100059,200,99921,200,100079,100,99919,100
2019-06-28 09:30:00.000000094,100031,100,99986,100,100032,100,99981,400,100033,100,99978,100,100034,100,99967,100,100036,100,99943,100,100047,100,99931,100,100058,100,99930,100,100059,200,99922,100,100079,100,99921,200,100080,100,99919,100
2019-06-28 09:30:00.000000095,100031,100,99986,100,100032,100,99981,400,100033,100,99978,100,100034,100,99967,100,100036,100,99943,100,100047,100,99941,100,100058,100,99931,100,100059,200,99930,100,100079,100,99922,100,100080,100,99921,200
2019-06-28 09:30:00.000000099,100031,100,100020,100,100032,100,99986,100,100033,100,99981,400,100034,100,99978,100,100036,100,99967,100,100047,100,99943,100,100058,100,99941,100,100059,200,99931,100,100079,100,99930,100,100080,100,99922,100
2019-06-28 09:30:01.820626717,100031,100,99986,100,100032,100,99981,400,100033,100,99978,100,100034,100,99967,100,100036,100,99943,100,100047,100,99941,100,100058,100,99931,100,100059,200,99930,100,100079,100,99922,100,100080,100,99921,200
2019-06-28 09:30:10.000000000,100031,214,99986,214,100032,214,99981,514,100033,214,99978,214,100034,214,99967,214,100036,100,99943,100,100047,100,99941,100,100058,100,99931,100,100059,200,99930,100,100079,100,99922,100,100080,100,99921,200
2019-06-28 09:30:20.000000000,100031,256,99986,256,100032,251,99981,551,100033,251,99978,251,100034,100,99967,100,100036,100,99943,100,100047,100,99941,100,100058,100,99931,100,100059,200,99930,100,100079,100,99922,100,100080,100,99921,200
2019-06-28 09:30:30.000000000,100031,329,99986,329,100032,329,99981,629,100033,100,99978,100,100034,100,99967,100,100036,100,99943,100,100047,100,99941,100,100058,100,99931,100,100059,200,99930,100,100079,100,99922,100,100080,100,99921,200
2019-06-28 09:30:34.693940586,100031,329,99986,229,100032,329,99981,629,100033,100,99978,100,100034,100,99967,100,100036,100,99943,100,100047,100,99941,100,100058,100,99931,100,100059,200,99930,100,100079,100,99922,100,100085,100,99921,200
2019-06-28 09:30:36.833579227,100031,329,99986,129,100032,329,99981,629,100034,100,99978,100,100036,100,99967,100,100047,100,99943,100,100058,100,99941,100,100059,200,99931,100,100079,100,99930,100,100085,100,99922,100,100095,100,99921,200
2019-06-28 09:30:40.000000000,100031,329,99981,629,100032,329,99978,329,100034,100,99967,100,100036,100,99943,100,100047,100,99941,100,100058,100,99931,100,100059,200,99930,100,100079,100,99922,100,100085,100,99921,200,100095,100,99919,100
2019-06-28 09:30:50.000000000,100031,214,99981,514,100032,214,99978,214,100034,214,99967,214,100036,214,99943,214,100047,100,99941,100,100058,100,99931,100,100059,200,99930,100,100079,100,99922,100,100085,100,99921,200,100095,100,99919,100
2019-06-28 09:30:55.025676268,100031,214,99981,514,100032,214,99978,214,100034,214,99967,214,100036,214,99943,214,100047,100,99931,100,100058,100,99930,100,100059,200,99922,100,100079,100,99921,200,100085,100,99919,100,100095,100,99908,100
2019-06-28 09:30:55.149671371,100031,214,99981,414,100032,214,99978,214,100034,214,99967,214,100036,214,99943,214,100047,100,99931,100,100058,100,99930,100,100059,200,99922,100,100079,100,99921,200,100085,100,99919,100,100095,100,99908,100
2019-06-28 09:31:00.000000000,100031,192,99981,392,100032,192,99978,192,100034,192,99967,192,100036,192,99943,192,100047,192,99931,192,100058,100,99930,100,100059,200,99922,100,100079,100,99921,200,100085,100,99919,100,100095,100,99908,100
2019-06-28 09:31:00.221501572,100031,192,99981,392,100032,192,99978,192,100034,192,99967,192,100036,192,99943,192,100047,192,99931,192,100058,100,99930,100,100059,200,99922,100,100079,100,99921,200,100085,100,99919,100,100095,100,99908,100
2019-06-28 09:31:09.312012464,100031,192,99981,392,100032,192,99978,192,100034,192,99967,192,100036,192,99943,192,100047,192,99931,192,100058,100,99930,100,100059,200,99922,100,100079,100,99921,200,100085,100,99919,100,100095,100,99908,100
2019-06-28 09:31:10.000000000,100031,214,99981,414,100032,214,99978,214,100034,214,99967,214,100036,214,99943,214,100047,100,99931,100,100058,100,99930,100,100059,200,99922,100,100079,100,99921,200,100085,100,99919,100,100095,100,99908,100
2019-06-28 09:31:20.000000000,100031,256,99981,456,100032,251,99978,251,100034,251,99967,251,100036,100,99943,100,100047,100,99931,100,100058,100,99930,100,100059,200,99922,100,100079,100,99921,200,100085,100,99919,100,100095,100,99908,100
2019-06-28 09:31:30.000000000,100031,192,99981,392,100032,192,99978,192,100034,192,99967,192,100036,192,99943,192,100047,192,99931,192,100058,100,99930,100,100059,200,99922,100,100079,100,99921,200,100085,100,99919,100,100095,100,99908,100
2019-06-28 09:31:40.000000000,100031,329,99981,529,100032,329,99978,329,100034,100,99967,100,100036,100,99943,100,100047,100,99931,100,100058,100,99930,100,100059,200,99922,100,100079,100,99921,200,100085,100,99919,100,100095,100,99908,100
2019-06-28 09:31:50.000000000,100031,558,99981,758,100032,100,99978,100,100034,100,99967,100,100036,100,99943,100,100047,100,99931,100,100058,100,99930,100,100059,200,99922,100,100079,100,99921,200,100085,100,99919,100,100095,100,99908,100
2019-06-28 09:31:54.792786653,99986,100,99981,758,100031,558,99978,100,100032,100,99967,100,100034,100,99943,100,100036,100,99931,100,100047,100,99930,100,100058,100,99922,100,100059,200,99921,200,100079,100,99919,100,100085,100,99908,100
2019-06-28 09:32:00.000000000,99986,192,99981,392,100031,192,99978,192,100032,192,99967,192,100034,192,99943,192,100036,192,99931,192,100047,100,99930,100,100058,100,99922,100,100059,200,99921,200,100079,100,99919,100,100085,100,99908,100
2019-06-28 09:32:06.042010447,99986,92,99981,392,100031,192,99978,192,100032,192,99967,192,100034,192,99943,192,100036,192,99931,192,100047,100,99930,100,100058,100,99922,100,100059,200,99921,200,100079,100,99919,100,100085,100,99908,100
2019-06-28 09:32:06.703857898,99986,92,99981,292,100031,192,99978,192,100032,192,99967,192,100034,192,99943,192,100036,192,99931,192,100047,100,99930,100,100058,100,99922,100,100059,200,99921,200,100079,100,99919,100,100085,100,99908,100
2019-06-28 09:32:10.000000000,100031,558,99981,658,100032,100,99978,100,100034,100,99967,100,100036,100,99943,100,100047,100,99931,100,100058,100,99930,100,100059,200,99922,100,100079,100,99921,200,100085,100,99919,100,100095,100,99908,100
2019-06-28 09:32:20.000000000,100031,192,99981,292,100032,192,99978,192,100034,192,99967,192,100036,192,99943,192,100047,192,99931,192,100058,100,99930,100,100059,200,99922,100,100079,100,99921,200,100085,100,99919,100,100095,100,99908,100
2019-06-28 09:32:30.000000000,100031,329,99981,429,100032,329,99978,329,100034,100,99967,100,100036,100,99943,100,100047,100,99931,100,100058,100,99930,100,100059,200,99922,100,100079,100,99921,200,100085,100,99919,100,100095,100,99908,100
2019-06-28 09:32:40.000000000,100031,214,99981,314,100032,214,99978,214,100034,214,99967,214,100036,214,99943,214,100047,100,99931,100,100058,100,99930,100,100059,200,99922,100,100079,100,99921,200,100085,100,99919,100,100095,100,99908,100
2019-06-28 09:32:48.730639264,100031,214,99981,314,100032,214,99978,214,100034,214,99967,214,100036,214,99943,214,100058,100,99931,100,100059,200,99930,100,100079,100,99922,100,100085,100,99921,200,100095,100,99919,100,100113,100,99908,100
2019-06-28 09:32:50.000000000,100031,558,99981,658,100032,100,99978,100,100034,100,99967,100,100036,100,99943,100,100058,100,99931,100,100059,200,99930,100,100079,100,99922,100,100085,100,99921,200,100095,100,99919,100,100113,100,99908,100
2019-06-28 09:32:53.074117071,100031,558,99981,558,100032,100,99978,100,100034,100,99967,100,100036,100,99943,100,100058,100,99931,100,100059,200,99930,100,100079,100,99922,100,100085,100,99921,200,100095,100,99919,100,100113,100,99908,100
2019-06-28 09:33:00.000000000,100031,256,99981,256,100032,251,99978,251,100034,251,99967,251,100036,100,99943,100,100058,100,99931,100,100059,200,99930,100,100079,100,99922,100,100085,100,99921,200,100095,100,99919,100,100113,100,99908,100
2019-06-28 09:33:07.796507695,100031,256,99981,156,100032,251,99978,251,100034,251,99967,251,100036,100,99943,100,100058,100,99931,100,100059,200,99930,100,100079,100,99922,100,100085,100,99921,200,100095,100,99919,100,100113,100,99908,100
2019-06-28 09:33:10.000000000,100031,329,99978,329,100032,329,99967,329,100034,100,99943,100,100036,100,99931,100,100058,100,99930,100,100059,200,99922,100,100079,100,99921,200,100085,100,99919,100,100095,100,99908,100,100113,100,99890,100
2019-06-28 09:33:18.488544665,100031,329,99978,229,100032,329,99967,329,100034,100,99943,100,100036,100,99931,100,100058,100,99930,100,100059,200,99922,100,100079,100,99921,200,100085,100,99919,100,100095,100,99908,100,100113,100,99890,100
2019-06-28 09:33:20.000000000,100031,214,99967,214,100032,214,99943,214,100034,214,99931,214,100036,214,99930,214,100058,100,99922,100,100059,200,99921,200,100079,100,99919,100,100085,100,99908,100,100095,100,99890,100,100113,100,99872,100
2019-06-28 09:33:26.225446751,100031,214,99967,114,100032,214,99943,214,100034,214,99931,214,100036,214,99930,214,100058,100,99922,100,100059,200,99921,200,100079,100,99919,100,100085,100,99908,100,100095,100,99890,100,100113,100,99872,100
2019-06-28 09:33:30.000000000,100031,329,99943,329,100032,329,99931,329,100034,100,99930,100,100036,100,99922,100,100058,100,99921,200,100059,200,99919,100,100079,100,99908,100,100085,100,99890,100,100095,100,99872,100,100113,100,99870,100
2019-06-28 09:33:40.000000000,100031,329,99943,329,100032,329,99931,329,100034,100,99930,100,100036,100,99922,100,100058,100,99921,200,100059,200,99919,100,100079,100,99908,100,100085,100,99890,100,100095,100,99872,100,100113,100,99870,100
2019-06-28 09:33:45.459540769,100031,329,99943,229,100032,329,99931,329,100034,100,99930,100,100036,100,99922,100,100058,100,99921,200,100059,200,99919,100,100079,100,99908,100,100085,100,99890,100,100095,100,99872,100,100113,100,99870,100
2019-06-28 09:33:50.000000000,100031,329,99931,329,100032,329,99930,329,100034,100,99922,100,100036,100,99921,200,100058,100,99919,100,100059,200,99908,100,100079,100,99890,100,100085,100,99872,100,100095,100,99870,100,100113,100,99856,100
2019-06-28 09:34:00.000000000,100031,329,99931,329,100032,329,99930,329,100034,100,99922,100,100036,100,99921,200,100058,100,99919,100,100059,200,99908,100,100079,100,99890,100,100085,100,99872,100,100095,100,99870,100,100113,100,99856,100
2019-06-28 09:34:08.119567116,100031,329,99931,229,100032,329,99930,329,100034,100,99922,100,100036,100,99921,200,100058,100,99919,100,100059,200,99908,100,100079,100,99890,100,100085,100,99872,100,100095,100,99870,100,100113,100,99856,100
2019-06-28 09:34:10.000000000,100031,329,99930,329,100032,329,99922,329,100034,100,99921,200,100036,100,99919,100,100058,100,99908,100,100059,200,99890,100,100079,100,99872,100,100085,100,99870,100,100095,100,99856,100,100113,100,99814,100
2019-06-28 09:34:20.000000000,100031,256,99930,256,100032,251,99922,251,100034,251,99921,351,100036,100,99919,100,100058,100,99908,100,100059,200,99890,100,100079,100,99872,100,100085,100,99870,100,100095,100,99856,100,100113,100,99814,100
2019-06-28 09:34:23.935016756,100031,256,99930,256,100032,251,99922,251,100034,251,99921,351,100036,100,99919,100,100058,100,99908,100,100059,200,99890,100,100079,100,99872,100,100095,100,99870,100,100113,100,99856,100,100125,100,99814,100
2019-06-28 09:34:30.000000000,100031,256,99930,256,100032,251,99922,251,100034,251,99921,351,100036,100,99919,100,100058,100,99908,100,100059,200,99890,100,100079,100,99872,100,100095,100,99870,100,100113,100,99856,100,100125,100,99814,100
2019-06-28 09:34:40.000000000,100031,329,99930,329,100032,329,99922,329,100034,100,99921,200,100036,100,99919,100,100058,100,99908,100,100059,200,99890,100,100079,100,99872,100,100095,100,99870,100,100113,100,99856,100,100125,100,99814,100
2019-06-28 09:34:45.503310844,99943,100,99930,329,100031,329,99922,329,100032,229,99921,200,100034,100,99919,100,100036,100,99908,100,100058,100,99890,100,100059,200,99872,100,100079,100,99870,100,100095,100,99856,100,100113,100,99814,100
2019-06-28 09:34:48.984747416,99943,100,99930,329,100031,329,99922,329,100032,229,99921,200,100034,100,99919,100,100036,100,99908,100,100058,100,99890,100,100059,200,99872,100,100079,100,99870,100,100095,100,99856,100,100113,100,99836,100
2019-06-28 09:34:50.000000000,99943,329,99930,329,100031,329,99922,329,100034,100,99921,200,100036,100,99919,100,100058,100,99908,100,100059,200,99890,100,100079,100,99872,100,100095,100,99870,100,100113,100,99856,100,100125,100,99836,100
2019-06-28 09:35:00.000000000,99943,558,99930,558,100031,100,99922,100,100034,100,99921,200,100036,100,99919,100,100058,100,99908,100,100059,200,99890,100,100079,100,99872,100,100095,100,99870,100,100113,100,99856,100,100125,100,99836,100
2019-06-28 09:35:10.000000000,99943,256,99930,256,100031,251,99922,251,100034,251,99921,351,100036,100,99919,100,100058,100,99908,100,100059,200,99890,100,100079,100,99872,100,100095,100,99870,100,100113,100,99856,100,100125,100,99836,100
2019-06-28 09:35:12.934466532,99943,256,99930,156,100031,251,99922,251,100034,251,99921,351,100036,100,99919,100,100058,100,99908,100,100059,200,99890,100,100079,100,99872,100,100095,100,99870,100,100113,100,99856,100,100125,100,99836,100
2019-06-28 09:35:20.000000000,99943,192,99922,192,100031,192,99921,292,100034,192,99919,192,100036,192,99908,192,100058,192,99890,192,100059,200,99872,100,100079,100,99870,100,100095,100,99856,100,100113,100,99836,100,100125,100,99814,100
2019-06-28 09:35:24.475915216,99943,192,99922,92,100031,192,99921,292,100034,192,99919,192,100036,192,99908,192,100058,192,99890,192,100059,200,99872,100,100079,100,99870,100,100095,100,99856,100,100113,100,99836,100,100125,100,99814,100
2019-06-28 09:35:30.000000000,99943,256,99921,356,100031,251,99919,251,100034,251,99908,251,100036,100,99890,100,100058,100,99872,100,100059,200,99870,100,100079,100,99856,100,100095,100,99836,100,100113,100,99814,100,100125,100,99793,100
2019-06-28 09:35:40.000000000,99943,256,99921,356,100031,251,99919,251,100034,251,99908,251,100036,100,99890,100,100058,100,99872,100,100059,200,99870,100,100079,100,99856,100,100095,100,99836,100,100113,100,99814,100,100125,100,99793,100
2019-06-28 09:35:43.427256094,99930,100,99921,356,99943,256,99919,251,100031,251,99908,251,100034,251,99890,100,100036,100,99872,100,100058,100,99870,100,100059,200,99856,100,100079,100,99836,100,100095,100,99814,100,100113,100,99793,100
2019-06-28 09:35:50.000000000,99930,256,99921,356,99943,251,99919,251,100031,251,99908,251,100034,100,99890,100,100036,100,99872,100,100058,100,99870,100,100059,200,99856,100,100079,100,99836,100,100095,100,99814,100,100113,100,99793,100
2019-06-28 09:35:54.628497666,99930,256,99921,356,99943,251,99919,251,100031,251,99908,251,100034,100,99890,100,100036,100,99872,100,100058,100,99870,100,100059,200,99856,100,100079,100,99836,100,100095,100,99820,100,100113,100,99814,100
2019-06-28 09:36:00.000000000,99930,256,99921,356,99943,251,99919,251,100031,251,99908,251,100034,100,99890,100,100036,100,99872,100,100058,100,99870,100,100059,200,99856,100,100079,100,99836,100,100095,100,99820,100,100113,100,99814,100
2019-06-28 09:36:10.000000000,99930,192,99921,292,99943,192,99919,192,100031,192,99908,192,100034,192,99890,192,100036,192,99872,192,100058,100,99870,100,100059,200,99856,100,100079,100,99836,100,100095,100,99820,100,100113,100,99814,100
2019-06-28 09:36:11.015216309,99930,192,99921,292,99943,192,99919,192,100031,192,99908,192,100034,192,99890,192,100036,192,99872,92,100058,100,99870,100,100059,200,99856,100,100079,100,99836,100,100095,100,99820,100,100113,100,99814,100
2019-06-28 09:36:20.000000000,99930,192,99921,292,99943,192,99919,192,100031,192,99908,192,100034,192,99890,192,100036,192,99870,192,100058,100,99856,100,100059,200,99836,100,100079,100,99820,100,100095,100,99814,100,100113,100,99793,100
2019-06-28 09:36:30.000000000,99930,256,99921,356,99943,251,99919,251,100031,251,99908,251,100034,100,99890,100,100036,100,99870,100,100058,100,99856,100,100059,200,99836,100,100079,100,99820,100,100095,100,99814,100,100113,100,99793,100
2019-06-28 09:36:40.000000000,99930,256,99921,356,99943,251,99919,251,100031,251,99908,251,100034,100,99890,100,100036,100,99870,100,100058,100,99856,100,100059,200,99836,100,100079,100,99820,100,100095,100,99814,100,100113,100,99793,100
2019-06-28 09:36:50.000000000,99930,558,99921,658,99943,100,99919,100,100031,100,99908,100,100034,100,99890,100,100036,100,99870,100,100058,100,99856,100,100059,200,99836,100,100079,100,99820,100,100095,100,99814,100,100113,100,99793,100
2019-06-28 09:36:50.306791365,99930,458,99921,658,99943,100,99919,100,100031,100,99908,100,100034,100,99890,100,100036,100,99870,100,100058,100,99856,100,100059,200,99836,100,100079,100,99820,100,100095,100,99814,100,100113,100,99793,100
2019-06-28 09:37:00.000000000,99943,329,99921,429,100031,329,99919,329,100034,100,99908,100,100036,100,99890,100,100058,100,99870,100,100059,200,99856,100,100079,100,99836,100,100095,100,99820,100,100113,100,99814,100,100151,100,99793,100
2019-06-28 09:37:08.268564216,99929,100,99921,429,99943,329,99919,329,100031,329,99908,100,100034,100,99890,100,100036,100,99870,100,100058,100,99856,100,100059,200,99836,100,100079,100,99820,100,100095,100,99814,100,100113,100,99793,100
2019-06-28 09:37:10.000000000,99929,256,99921,356,99943,251,99919,251,100031,251,99908,251,100034,100,99890,100,100036,100,99870,100,100058,100,99856,100,100059,200,99836,100,100079,100,99820,100,100095,100,99814,100,100113,100,99793,100
2019-06-28 09:37:12.493692973,99929,356,99921,356,99943,251,99919,251,100031,251,99908,251,100034,100,99890,100,100036,100,99870,100,100058,100,99856,100,100059,200,99836,100,100079,100,99820,100,100095,100,99814,100,100113,100,99793,100
2019-06-28 09:37:14.458702935,99929,356,99921,356,99943,251,99919,251,100031,251,99908,251,100034,100,99890,100,100036,100,99856,100,100058,100,99836,100,100059,200,99820,100,100079,100,99814,100,100095,100,99793,100,100113,100,99643,100
2019-06-28 09:37:20.000000000,99929,314,99921,314,99943,214,99919,214,100031,214,99908,214,100034,214,99890,214,100036,100,99856,100,100058,100,99836,100,100059,200,99820,100,100079,100,99814,100,100095,100,99793,100,100113,100,99643,100
2019-06-28 09:37:21.801691718,99929,314,99921,314,99943,214,99919,214,100031,214,99908,214,100034,214,99890,214,100036,100,99856,100,100058,100,99836,100,100059,200,99820,100,100079,100,99815,100,100095,100,99814,100,100113,100,99793,100
2019-06-28 09:37:25.731301799,99929,314,99921,214,99943,214,99919,214,100031,214,99908,214,100034,214,99890,214,100036,100,99856,100,100058,100,99836,100,100059,200,99820,100,100079,100,99815,100,100095,100,99814,100,100113,100,99793,100
2019-06-28 09:37:30.000000000,99929,292,99921,192,99943,192,99919,192,100031,192,99908,192,100034,192,99890,192,100036,192,99856,192,100058,100,99836,100,100059,200,99820,100,100079,100,99815,100,100095,100,99814,100,100113,100,99793,100
2019-06-28 09:37:40.000000000,99929,356,99921,256,99943,251,99919,251,100031,251,99908,251,100034,100,99890,100,100036,100,99856,100,100058,100,99836,100,100059,200,99820,100,100079,100,99815,100,100095,100,99814,100,100113,100,99793,100
2019-06-28 09:37:50.000000000,99929,292,99921,192,99943,192,99919,192,100031,192,99908,192,100034,192,99890,192,100036,192,99856,192,100058,100,99836,100,100059,200,99820,100,100079,100,99815,100,100095,100,99814,100,100113,100,99793,100
2019-06-28 09:38:00.000000000,99929,314,99921,214,99943,214,99919,214,100031,214,99908,214,100034,214,99890,214,100036,100,99856,100,100058,100,99836,100,100059,200,99820,100,100079,100,99815,100,100095,100,99814,100,100113,100,99793,100
2019-06-28 09:38:10.000000000,99929,429,99921,329,99943,329,99919,329,100031,100,99908,100,100034,100,99890,100,100036,100,99856,100,100058,100,99836,100,100059,200,99820,100,100079,100,99815,100,100095,100,99814,100,100113,100,99793,100
2019-06-28 09:38:20.000000000,99929,429,99921,329,99943,329,99919,329,100031,100,99908,100,100034,100,99890,100,100036,100,99856,100,100058,100,99836,100,100059,200,99820,100,100079,100,99815,100,100095,100,99814,100,100113,100,99793,100
2019-06-28 09:38:26.624262805,99929,329,99921,329,99943,329,99919,329,100031,100,99908,100,100034,100,99856,100,100036,100,99836,100,100058,100,99820,100,100059,200,99815,100,100079,100,99814,100,100095,100,99793,100,100113,100,99643,100
2019-06-28 09:38:30.000000000,99929,329,99921,329,99943,329,99919,329,100031,100,99908,100,100034,100,99856,100,100036,100,99836,100,100058,100,99820,100,100059,200,99815,100,100079,100,99814,100,100095,100,99793,100,100113,100,99643,100
2019-06-28 09:38:40.000000000,99929,558,99921,558,99943,100,99919,100,100031,100,99908,100,100034,100,99856,100,100036,100,99836,100,100058,100,99820,100,100059,200,99815,100,100079,100,99814,100,100095,100,99793,100,100113,100,99643,100
2019-06-28 09:38:47.814560975,99929,458,99921,558,99943,100,99919,100,100031,100,99908,100,100034,100,99856,100,100036,100,99836,100,100058,100,99820,100,100059,200,99815,100,100079,100,99814,100,100095,100,99793,100,100113,100,99643,100
2019-06-28 09:38:50.000000000,99943,256,99921,256,100031,251,99919,251,100034,251,99908,251,100036,100,99856,100,100058,100,99836,100,100059,200,99820,100,100079,100,99815,100,100095,100,99814,100,100113,100,99793,100,100151,100,99643,100
2019-06-28 09:39:00.000000000,99943,214,99921,214,100031,214,99919,214,100034,214,99908,214,100036,214,99856,214,100058,100,99836,100,100059,200,99820,100,100079,100,99815,100,100095,100,99814,100,100113,100,99793,100,100151,100,99643,100
2019-06-28 09:39:06.048865123,99943,214,99921,214,100031,214,99919,214,100034,214,99908,214,100036,214,99856,214,100058,100,99836,100,100059,200,99820,100,100079,100,99815,100,100095,100,99814,100,100113,100,99793,100,100151,100,99643,100
2019-06-28 09:39:10.000000000,99943,256,99921,256,100031,251,99919,251,100034,251,99908,251,100036,100,99856,100,100058,100,99836,100,100059,200,99820,100,100079,100,99815,100,100095,100,99814,100,100113,100,99793,100,100151,100,99643,100
2019-06-28 09:39:20.000000000,99943,192,99921,192,100031,192,99919,192,100034,192,99908,192,100036,192,99856,192,100058,192,99836,192,100059,200,99820,100,100079,100,99815,100,100095,100,99814,100,100113,100,99793,100,100151,100,99643,100
2019-06-28 09:39:30.000000000,99943,329,99921,329,100031,329,99919,329,100034,100,99908,100,100036,100,99856,100,100058,100,99836,100,100059,200,99820,100,100079,100,99815,100,100095,100,99814,100,100113,100,99793,100,100151,100,99643,100
2019-06-28 09:39:40.000000000,99943,329,99921,329,100031,329,99919,329,100034,100,99908,100,100036,100,99856,100,100058,100,99836,100,100059,200,99820,100,100079,100,99815,100,100095,100,99814,100,100113,100,99793,100,100151,100,99643,100
2019-06-28 09:39:47.200199929,99943,329,99921,329,100031,329,99919,329,100034,100,99908,100,100036,100,99856,100,100058,100,99836,100,100059,200,99820,100,100079,100,99815,100,100095,100,99814,100,100151,100,99793,100,100559,100,99643,100
2019-06-28 09:39:50.000000000,99943,256,99921,256,100031,251,99919,251,100034,251,99908,251,100036,100,99856,100,100058,100,99836,100,100059,200,99820,100,100079,100,99815,100,100095,100,99814,100,100151,100,99793,100,100559,100,99643,100
2019-06-28 09:39:50.449749717,99943,256,99921,256,100031,251,99919,251,100034,251,99908,251,100036,100,99856,100,100058,100,99820,100,100059,200,99815,100,100079,100,99814,100,100095,100,99793,100,100151,100,99643,100,100559,100,99419,100
2019-06-28 09:40:00.000000000,99943,329,99921,329,100031,329,99919,329,100034,100,99908,100,100036,100,99856,100,100058,100,99820,100,100059,200,99815,100,100079,100,99814,100,100095,100,99793,100,100151,100,99643,100,100559,100,99419,100
2019-06-28 09:40:10.000000000,99943,329,99921,329,100031,329,99919,329,100034,100,99908,100,100036,100,99856,100,100058,100,99820,100,100059,200,99815,100,100079,100,99814,100,100095,100,99793,100,100151,100,99643,100,100559,100,99419,100
2019-06-28 09:40:10.594823327,99943,329,99921,329,100031,329,99919,329,100036,100,99908,100,100055,100,99856,100,100058,100,99820,100,100059,200,99815,100,100079,100,99814,100,100095,100,99793,100,100151,100,99643,100,100559,100,99419,100
2019-06-28 09:40:20.000000000,99943,192,99921,192,100031,192,99919,192,100036,192,99908,192,100055,192,99856,192,100058,192,99820,192,100059,200,99815,100,100079,100,99814,100,100095,100,99793,100,100151,100,99643,100,100559,100,99419,100
2019-06-28 09:40:30.000000000,99943,329,99921,329,100031,329,99919,329,100036,100,99908,100,100055,100,99856,100,100058,100,99820,100,100059,200,99815,100,100079,100,99814,100,100095,100,99793,100,100151,100,99643,100,100559,100,99419,100
2019-06-28 09:40:31.143375496,99943,329,99921,329,99973,100,99919,329,100031,329,99908,100,100036,100,99856,100,100055,100,99820,100,100058,100,99815,100,100059,200,99793,100,100079,100,99643,100,100095,100,99419,100,100151,100,99400,100
2019-06-28 09:40:40.000000000,99943,256,99921,256,99973,251,99919,251,100031,251,99908,251,100036,100,99856,100,100055,100,99820,100,100058,100,99815,100,100059,200,99793,100,100079,100,99643,100,100095,100,99419,100,100151,100,99400,100
2019-06-28 09:40:50.000000000,99943,329,99921,329,99973,329,99919,329,100031,100,99908,100,100036,100,99856,100,100055,100,99820,100,100058,100,99815,100,100059,200,99793,100,100079,100,99643,100,100095,100,99419,100,100151,100,99400,100
2019-06-28 09:40:56.866937536,99943,229,99921,329,99973,329,99919,329,100031,100,99908,100,100036,100,99856,100,100055,100,99820,100,100058,100,99815,100,100059,200,99793,100,100079,100,99643,100,100095,100,99419,100,100151,100,99400,100
2019-06-28 09:41:00.000000000,99973,329,99921,329,100031,329,99919,329,100036,100,99908,100,100055,100,99856,100,100058,100,99820,100,100059,200,99815,100,100079,100,99793,100,100095,100,99643,100,100151,100,99419,100,100559,100,99400,100
2019-06-28 09:41:01.323323999,99973,329,99921,329,100031,329,99919,329,100036,100,99908,100,100055,100,99856,100,100058,100,99832,100,100059,200,99820,100,100079,100,99815,100,100095,100,99793,100,100151,100,99643,100,100559,100,99419,100
2019-06-28 09:41:02.850988687,99973,229,99921,329,100031,329,99919,329,100036,100,99908,100,100055,100,99856,100,100058,100,99832,100,100059,200,99820,100,100079,100,99815,100,100095,100,99793,100,100151,100,99643,100,100559,100,99419,100
2019-06-28 09:41:03.443801072,99972,100,99921,329,99973,229,99919,329,100031,329,99908,100,100036,100,99856,100,100055,100,99832,100,100058,100,99820,100,100059,200,99815,100,100079,100,99793,100,100095,100,99643,100,100151,100,99419,100
2019-06-28 09:41:05.110694355,99972,100,99921,229,99973,229,99919,329,100031,329,99908,100,100036,100,99856,100,100055,100,99832,100,100058,100,99820,100,100059,200,99815,100,100079,100,99793,100,100095,100,99643,100,100151,100,99419,100
2019-06-28 09:41:10.000000000,99972,214,99919,214,100031,214,99908,214,100036,214,99856,214,100055,214,99832,214,100058,100,99820,100,100059,200,99815,100,100079,100,99793,100,100095,100,99643,100,100151,100,99419,100,100559,100,99400,100
2019-06-28 09:41:20.000000000,99972,256,99919,256,100031,251,99908,251,100036,251,99856,251,100055,100,99832,100,100058,100,99820,100,100059,200,99815,100,100079,100,99793,100,100095,100,99643,100,100151,100,99419,100,100559,100,99400,100
2019-06-28 09:41:30.000000000,99972,329,99919,329,100031,329,99908,329,100036,100,99856,100,100055,100,99832,100,100058,100,99820,100,100059,200,99815,100,100079,100,99793,100,100095,100,99643,100,100151,100,99419,100,100559,100,99400,100
2019-06-28 09:41:34.785061892,99972,329,99919,329,100031,329,99908,329,100036,100,99856,100,100055,100,99832,100,100058,100,99820,100,100059,200,99815,100,100079,100,99793,100,100095,100,99643,100,100151,100,99419,100,100506,100,99400,100
2019-06-28 09:41:40.000000000,99972,256,99919,256,100031,251,99908,251,100036,251,99856,251,100055,100,99832,100,100058,100,99820,100,100059,200,99815,100,100079,100,99793,100,100095,100,99643,100,100151,100,99419,100,100506,100,99400,100
2019-06-28 09:41:40.198389353,99972,156,99919,256,100031,251,99908,251,100036,251,99856,251,100055,100,99832,100,100058,100,99820,100,100059,200,99815,100,100079,100,99793,100,100095,100,99643,100,100151,100,99419,100,100506,100,99400,100
2019-06-28 09:41:50.000000000,100031,256,99919,256,100036,251,99908,251,100055,251,99856,251,100058,100,99832,100,100059,200,99820,100,100079,100,99815,100,100095,100,99793,100,100151,100,99643,100,100506,100,99419,100,100559,100,99400,100
2019-06-28 09:41:53.336906940,100031,256,99919,256,100036,251,99908,251,100055,251,99856,251,100058,100,99832,100,100059,200,99820,100,100079,100,99815,100,100095,100,99793,100,100151,100,99643,100,100415,100,99419,100,100506,100,99400,100
2019-06-28 09:42:00.000000000,100031,329,99919,329,100036,329,99908,329,100055,100,99856,100,100058,100,99832,100,100059,200,99820,100,100079,100,99815,100,100095,100,99793,100,100151,100,99643,100,100415,100,99419,100,100506,100,99400,100
2019-06-28 09:42:00.447133661,100031,329,99919,329,100036,329,99908,329,100055,100,99856,100,100058,100,99832,100,100059,200,99820,100,100079,100,99815,100,100095,100,99793,100,100151,100,99643,100,100415,100,99419,100,100506,100,99400,100
2019-06-28 09:42:03.280863251,100031,329,99919,329,100036,329,99908,329,100055,100,99856,100,100058,100,99832,100,100059,200,99820,100,100095,100,99815,100,100151,100,99793,100,100415,100,99643,100,100496,100,99419,100,100506,100,99400,100
2019-06-28 09:42:10.000000000,100031,256,99919,256,100036,251,99908,251,100055,251,99856,251,100058,100,99832,100,100059,200,99820,100,100095,100,99815,100,100151,100,99793,100,100415,100,99643,100,100496,100,99419,100,100506,100,99400,100
2019-06-28 09:42:14.041453770,100031,256,99919,256,100036,251,99908,251,100055,251,99856,251,100058,100,99832,100,100059,100,99820,100,100095,100,99815,100,100151,100,99793,100,100415,100,99643,100,100496,100,99419,100,100506,100,99400,100
2019-06-28 09:42:20.000000000,100031,329,99919,329,100036,329,99908,329,100055,100,99856,100,100058,100,99832,100,100059,100,99820,100,100095,100,99815,100,100151,100,99793,100,100415,100,99643,100,100496,100,99419,100,100506,100,99400,100
2019-06-28 09:42:30.000000000,100031,558,99919,558,100036,100,99908,100,100055,100,99856,100,100058,100,99832,100,100059,100,99820,100,100095,100,99815,100,100151,100,99793,100,100415,100,99643,100,100496,100,99419,100,100506,100,99400,100
2019-06-28 09:42:40.000000000,100031,214,99919,214,100036,214,99908,214,100055,214,99856,214,100058,214,99832,214,100059,100,99820,100,100095,100,99815,100,100151,100,99793,100,100415,100,99643,100,100496,100,99419,100,100506,100,99400,100
2019-06-28 09:42:50.000000000,100031,558,99919,558,100036,100,99908,100,100055,100,99856,100,100058,100,99832,100,100059,100,99820,100,100095,100,99815,100,100151,100,99793,100,100415,100,99643,100,100496,100,99419,100,100506,100,99400,100
2019-06-28 09:42:58.406943777,100031,558,99919,558,100036,100,99908,100,100055,100,99903,100,100058,100,99856,100,100059,100,99832,100,100095,100,99820,100,100151,100,99815,100,100415,100,99793,100,100496,100,99643,100,100506,100,99419,100
2019-06-28 09:43:00.000000000,100031,256,99919,256,100036,251,99908,251,100055,251,99903,251,100058,100,99856,100,100059,100,99832,100,100095,100,99820,100,100151,100,99815,100,100415,100,99793,100,100496,100,99643,100,100506,100,99419,100
2019-06-28 09:43:05.135913284,100031,156,99919,256,100036,251,99908,251,100055,251,99903,251,100058,100,99856,100,100059,100,99832,100,100095,100,99820,100,100151,100,99815,100,100415,100,99793,100,100506,100,99643,100,100559,100,99419,100
2019-06-28 09:43:10.000000000,100036,192,99919,192,100055,192,99908,192,100058,192,99903,192,100059,192,99856,192,100095,192,99832,192,100151,100,99820,100,100415,100,99815,100,100506,100,99793,100,100559,100,99643,100,100609,100,99419,100
2019-06-28 09:43:20.000000000,100036,558,99919,558,100055,100,99908,100,100058,100,99903,100,100059,100,99856,100,100095,100,99832,100,100151,100,99820,100,100415,100,99815,100,100506,100,99793,100,100559,100,99643,100,100609,100,99419,100
2019-06-28 09:43:30.000000000,100036,329,99919,329,100055,329,99908,329,100058,100,99903,100,100059,100,99856,100,100095,100,99832,100,100151,100,99820,100,100415,100,99815,100,100506,100,99793,100,100559,100,99643,100,100609,100,99419,100
2019-06-28 09:43:40.000000000,100036,256,99919,256,100055,251,99908,251,100058,251,99903,251,100059,100,99856,100,100095,100,99832,100,100151,100,99820,100,100415,100,99815,100,100506,100,99793,100,100559,100,99643,100,100609,100,99419,100
2019-06-28 09:43:48.822755431,100036,256,99972,100,100055,251,99919,256,100058,251,99908,251,100059,100,99903,251,100095,100,99856,100,100151,100,99832,100,100415,100,99820,100,100506,100,99815,100,100559,100,99793,100,100609,100,99643,100
2019-06-28 09:43:50.000000000,100036,329,99972,329,100055,329,99919,329,100058,100,99908,100,100059,100,99903,100,100095,100,99856,100,100151,100,99832,100,100415,100,99820,100,100506,100,99815,100,100559,100,99793,100,100609,100,99643,100
2019-06-28 09:44:00.000000000,100036,214,99972,214,100055,214,99919,214,100058,214,99908,214,100059,214,99903,214,100095,100,99856,100,100151,100,99832,100,100415,100,99820,100,100506,100,99815,100,100559,100,99793,100,100609,100,99643,100
2019-06-28 09:44:10.000000000,100036,558,99972,558,100055,100,99919,100,100058,100,99908,100,100059,100,99903,100,100095,100,99856,100,100151,100,99832,100,100415,100,99820,100,100506,100,99815,100,100559,100,99793,100,100609,100,99643,100
2019-06-28 09:44:20.000000000,100036,256,99972,256,100055,251,99919,251,100058,251,99908,251,100059,100,99903,100,100095,100,99856,100,100151,100,99832,100,100415,100,99820,100,100506,100,99815,100,100559,100,99793,100,100609,100,99643,100
2019-06-28 09:44:30.000000000,100036,256,99972,256,100055,251,99919,251,100058,251,99908,251,100059,100,99903,100,100095,100,99856,100,100151,100,99832,100,100415,100,99820,100,100506,100,99815,100,100559,100,99793,100,100609,100,99643,100
2019-06-28 09:44:32.054220745,100036,156,99972,256,100055,251,99919,251,100058,251,99908,251,100059,100,99903,100,100095,100,99856,100,100151,100,99832,100,100415,100,99820,100,100506,100,99815,100,100559,100,99793,100,100609,100,99643,100
2019-06-28 09:44:40.000000000,100055,329,99972,329,100058,329,99919,329,100059,100,99908,100,100095,100,99903,100,100151,100,99856,100,100415,100,99832,100,100506,100,99820,100,100559,100,99815,100,100609,100,99793,100,100676,100,99643,100
2019-06-28 09:44:50.000000000,100055,256,99972,256,100058,251,99919,251,100059,251,99908,251,100095,100,99903,100,100151,100,99856,100,100415,100,99832,100,100506,100,99820,100,100559,100,99815,100,100609,100,99793,100,100676,100,99643,100
2019-06-28 09:45:00.000000000,100055,256,99972,256,100058,251,99919,251,100059,251,99908,251,100095,100,99903,100,100151,100,99856,100,100415,100,99832,100,100506,100,99820,100,100559,100,99815,100,100609,100,99793,100,100676,100,99643,100
2019-06-28 09:45:10.000000000,100055,256,99972,256,100058,251,99919,251,100059,251,99908,251,100095,100,99903,100,100151,100,99856,100,100415,100,99832,100,100506,100,99820,100,100559,100,99815,100,100609,100,99793,100,100676,100,99643,100
2019-06-28 09:45:13.098189062,100055,256,99980,100,100058,251,99972,256,100059,251,99919,251,100151,100,99908,251,100415,100,99903,100,100506,100,99856,100,100559,100,99832,100,100609,100,99820,100,100676,100,99815,100,100688,100,99793,100
2019-06-28 09:45:20.000000000,100055,329,99980,329,100058,329,99972,329,100059,100,99919,100,100151,100,99908,100,100415,100,99903,100,100506,100,99856,100,100559,100,99832,100,100609,100,99820,100,100676,100,99815,100,100688,100,99793,100
2019-06-28 09:45:27.311349955,100055,329,99980,329,100058,329,99972,329,100059,100,99919,100,100151,100,99908,100,100415,100,99903,100,100506,100,99857,100,100559,100,99856,100,100609,100,99832,100,100676,100,99820,100,100688,100,99815,100
2019-06-28 09:45:30.000000000,100055,214,99980,214,100058,214,99972,214,100059,214,99919,214,100151,214,99908,214,100415,100,99903,100,100506,100,99857,100,100559,100,99856,100,100609,100,99832,100,100676,100,99820,100,100688,100,99815,100
2019-06-28 09:45:30.424944052,100055,214,100031,100,100058,214,99980,214,100059,214,99972,214,100151,214,99919,214,100415,100,99908,214,100506,100,99903,100,100559,100,99857,100,100609,100,99856,100,100676,100,99832,100,100688,100,99820,100
2019-06-28 09:45:40.000000000,100055,214,100031,214,100058,214,99980,214,100059,214,99972,214,100151,214,99919,214,100415,100,99908,100,100506,100,99903,100,100559,100,99857,100,100609,100,99856,100,100676,100,99832,100,100688,100,99820,100
2019-06-28 09:45:50.000000000,100055,558,100031,558,100058,100,99980,100,100059,100,99972,100,100151,100,99919,100,100415,100,99908,100,100506,100,99903,100,100559,100,99857,100,100609,100,99856,100,100676,100,99832,100,100688,100,99820,100
2019-06-28 09:46:00.000000000,100055,558,100031,558,100058,100,99980,100,100059,100,99972,100,100151,100,99919,100,100415,100,99908,100,100506,100,99903,100,100559,100,99857,100,100609,100,99856,100,100676,100,99832,100,100688,100,99820,100
2019-06-28 09:46:10.000000000,100055,558,100031,558,100058,100,99980,100,100059,100,99972,100,100151,100,99919,100,100415,100,99908,100,100506,100,99903,100,100559,100,99857,100,100609,100,99856,100,100676,100,99832,100,100688,100,99820,100
2019-06-28 09:46:12.751745626,100055,558,100031,558,100058,100,99980,100,100059,100,99972,100,100151,100,99919,100,100415,100,99908,100,100506,100,99903,100,100559,100,99857,100,100609,100,99856,100,100676,100,99832,100,100688,100,99820,100
2019-06-28 09:46:20.000000000,100055,329,100031,329,100058,329,99980,329,100059,100,99972,100,100151,100,99919,100,100415,100,99908,100,100506,100,99903,100,100559,100,99857,100,100609,100,99856,100,100676,100,99832,100,100688,100,99820,100
2019-06-28 09:46:30.000000000,100055,558,100031,558,100058,100,99980,100,100059,100,99972,100,100151,100,99919,100,100415,100,99908,100,100506,100,99903,100,100559,100,99857,100,100609,100,99856,100,100676,100,99832,100,100688,100,99820,100
2019-06-28 09:46:40.000000000,100055,214,100031,214,100058,214,99980,214,100059,214,99972,214,100151,214,99919,214,100415,100,99908,100,100506,100,99903,100,100559,100,99857,100,100609,100,99856,100,100676,100,99832,100,100688,100,99820,100
2019-06-28 09:46:44.204387689,100055,214,100031,214,100058,214,99980,214,100059,214,99972,214,100151,214,99919,214,100415,100,99908,100,100506,100,99903,100,100559,100,99857,100,100609,100,99856,100,100676,100,99832,100,100688,100,99820,100
2019-06-28 09:46:50.000000000,100055,192,100031,192,100058,192,99980,192,100059,192,99972,192,100151,192,99919,192,100415,192,99908,192,100506,100,99903,100,100559,100,99857,100,100609,100,99856,100,100676,100,99832,100,100688,100,99820,100
2019-06-28 09:46:56.351387923,100055,192,100031,92,100058,192,99980,192,100059,192,99972,192,100151,192,99919,192,100415,192,99908,192,100506,100,99903,100,100559,100,99857,100,100609,100,99856,100,100676,100,99832,100,100688,100,99820,100
2019-06-28 09:47:00.000000000,100055,192,99980,192,100058,192,99972,192,100059,192,99919,192,100151,192,99908,192,100415,192,99903,192,100506,100,99857,100,100559,100,99856,100,100609,100,99832,100,100676,100,99820,100,100688,100,99815,100
2019-06-28 09:47:10.000000000,100055,558,99980,558,100058,100,99972,100,100059,100,99919,100,100151,100,99908,100,100415,100,99903,100,100506,100,99857,100,100559,100,99856,100,100609,100,99832,100,100676,100,99820,100,100688,100,99815,100
2019-06-28 09:47:20.000000000,100055,329,99980,329,100058,329,99972,329,100059,100,99919,100,100151,100,99908,100,100415,100,99903,100,100506,100,99857,100,100559,100,99856,100,100609,100,99832,100,100676,100,99820,100,100688,100,99815,100
2019-06-28 09:47:30.000000000,100055,256,99980,256,100058,251,99972,251,100059,251,99919,251,100151,100,99908,100,100415,100,99903,100,100506,100,99857,100,100559,100,99856,100,100609,100,99832,100,100676,100,99820,100,100688,100,99815,100
2019-06-28 09:47:33.116070063,100055,256,99980,156,100058,251,99972,251,100059,251,99919,251,100415,100,99908,100,100506,100,99903,100,100559,100,99857,100,100609,100,99856,100,100676,100,99832,100,100688,100,99820,100,,,99815,100
2019-06-28 09:47:39.964949342,100055,256,99980,156,100058,251,99972,251,100059,251,99919,251,100415,100,99908,100,100506,100,99903,100,100559,100,99857,100,100609,100,99856,100,100676,100,99832,100,100688,100,99820,100,,,99815,100
2019-06-28 09:47:40.000000000,100055,558,99972,558,100058,100,99919,100,100059,100,99908,100,100415,100,99903,100,100506,100,99857,100,100559,100,99856,100,100609,100,99832,100,100676,100,99820,100,100688,100,99815,100,,,99793,100
2019-06-28 09:47:40.543087866,100055,558,99972,458,100058,100,99919,100,100059,100,99908,100,100415,100,99903,100,100506,100,99857,100,100559,100,99856,100,100609,100,99832,100,100676,100,99820,100,100688,100,99815,100,,,99793,100
2019-06-28 09:47:46.462631665,100055,558,99972,458,100058,100,99919,100,100059,100,99908,100,100415,100,99903,100,100506,100,99857,100,100559,100,99856,100,100609,100,99832,100,100676,100,99820,100,100688,100,99815,100,,,99793,100
2019-06-28 09:47:50.000000000,100055,329,99919,329,100058,329,99908,329,100059,100,99903,100,100415,100,99857,100,100506,100,99856,100,100559,100,99832,100,100609,100,99820,100,100676,100,99815,100,100688,100,99793,100,,,99727,100
2019-06-28 09:47:51.356126207,100055,329,99919,229,100058,329,99908,329,100059,100,99903,100,100415,100,99857,100,100506,100,99856,100,100559,100,99832,100,100609,100,99820,100,100676,100,99815,100,100688,100,99793,100,,,99727,100
2019-06-28 09:48:00.000000000,100055,192,99908,192,100058,192,99903,192,100059,192,99857,192,100415,192,99856,192,100506,192,99832,192,100559,100,99820,100,100609,100,99815,100,100676,100,99793,100,100688,100,99727,100,,,99712,100
2019-06-28 09:48:10.000000000,100055,214,99908,214,100058,214,99903,214,100059,214,99857,214,100415,214,99856,214,100506,100,99832,100,100559,100,99820,100,100609,100,99815,100,100676,100,99793,100,100688,100,99727,100,,,99712,100
2019-06-28 09:48:14.904935950,99972,100,99908,214,100055,214,99903,214,100058,214,99857,214,100059,214,99856,214,100415,214,99832,100,100506,100,99820,100,100559,100,99815,100,100609,100,99793,100,100676,100,99727,100,100688,100,99712,100
2019-06-28 09:48:20.000000000,99972,558,99908,558,100055,100,99903,100,100058,100,99857,100,100059,100,99856,100,100415,100,99832,100,100506,100,99820,100,100559,100,99815,100,100609,100,99793,100,100676,100,99727,100,100688,100,99712,100
2019-06-28 09:48:23.159688033,99972,558,99908,558,100055,100,99903,100,100058,100,99857,100,100059,100,99856,100,100415,100,99832,100,100506,100,99820,100,100559,100,99815,100,100609,100,99793,100,100676,100,99727,100,100688,100,99712,100
2019-06-28 09:48:30.000000000,99972,214,99908,214,100055,214,99903,214,100058,214,99857,214,100059,214,99856,214,100415,100,99832,100,100506,100,99820,100,100559,100,99815,100,100609,100,99793,100,100676,100,99727,100,100688,100,99712,100
2019-06-28 09:48:39.406766477,99972,214,99908,214,100055,214,99903,214,100058,214,99857,214,100059,214,99856,214,100415,100,99832,100,100506,100,99820,100,100559,100,99815,100,100609,100,99795,100,100676,100,99793,100,100688,100,99727,100
2019-06-28 09:48:40.000000000,99972,329,99908,329,100055,329,99903,329,100058,100,99857,100,100059,100,99856,100,100415,100,99832,100,100506,100,99820,100,100559,100,99815,100,100609,100,99795,100,100676,100,99793,100,100688,100,99727,100
2019-06-28 09:48:50.000000000,99972,192,99908,192,100055,192,99903,192,100058,192,99857,192,100059,192,99856,192,100415,192,99832,192,100506,100,99820,100,100559,100,99815,100,100609,100,99795,100,100676,100,99793,100,100688,100,99727,100
2019-06-28 09:49:00.000000000,99972,558,99908,558,100055,100,99903,100,100058,100,99857,100,100059,100,99856,100,100415,100,99832,100,100506,100,99820,100,100559,100,99815,100,100609,100,99795,100,100676,100,99793,100,100688,100,99727,100
2019-06-28 09:49:10.000000000,99972,256,99908,256,100055,251,99903,251,100058,251,99857,251,100059,100,99856,100,100415,100,99832,100,100506,100,99820,100,100559,100,99815,100,100609,100,99795,100,100676,100,99793,100,100688,100,99727,100
2019-06-28 09:49:11.144150303,99960,100,99908,256,99972,256,99903,251,100055,251,99857,251,100058,251,99832,100,100059,100,99820,100,100415,100,99815,100,100506,100,99795,100,100559,100,99793,100,100609,100,99727,100,100676,100,99561,100
2019-06-28 09:49:15.739182266,99960,100,99908,56,99972,256,99903,251,100055,251,99857,251,100058,251,99832,100,100059,100,99820,100,100415,100,99815,100,100506,100,99795,100,100559,100,99793,100,100609,100,99727,100,100676,100,99561,100
2019-06-28 09:49:20.000000000,99960,329,99903,329,99972,329,99857,329,100055,100,99832,100,100058,100,99820,100,100059,100,99815,100,100415,100,99795,100,100506,100,99793,100,100559,100,99727,100,100609,100,99561,100,100676,100,99461,100
2019-06-28 09:49:30.000000000,99960,214,99903,214,99972,214,99857,214,100055,214,99832,214,100058,214,99820,214,100059,100,99815,100,100415,100,99795,100,100506,100,99793,100,100559,100,99727,100,100609,100,99561,100,100676,100,99461,100
2019-06-28 09:49:37.882239055,99960,214,99920,100,99972,214,99903,214,100055,214,99857,214,100058,214,99832,214,100059,100,99820,214,100415,100,99815,100,100506,100,99795,100,100559,100,99793,100,100609,100,99727,100,100676,100,99561,100
2019-06-28 09:49:40.000000000,99960,329,99920,329,99972,329,99903,329,100055,100,99857,100,100058,100,99832,100,100059,100,99820,100,100415,100,99815,100,100506,100,99795,100,100559,100,99793,100,100609,100,99727,100,100676,100,99561,100
2019-06-28 09:49:50.000000000,99960,256,99920,256,99972,251,99903,251,100055,251,99857,251,100058,100,99832,100,100059,100,99820,100,100415,100,99815,100,100506,100,99795,100,100559,100,99793,100,100609,100,99727,100,100676,100,99561,100
2019-06-28 09:49:53.687438090,99960,156,99920,256,99972,251,99903,251,100055,251,99857,251,100058,100,99832,100,100059,100,99820,100,100506,100,99815,100,100559,100,99795,100,100609,100,99793,100,100676,100,99727,100,100688,100,99561,100
2019-06-28 09:50:00.000000000,99972,329,99920,329,100055,329,99903,329,100058,100,99857,100,100059,100,99832,100,100506,100,99820,100,100559,100,99815,100,100609,100,99795,100,100676,100,99793,100,100688,100,99727,100,,,99561,100
2019-06-28 09:50:02.274487888,99972,329,99920,329,100055,329,99903,329,100058,100,99857,100,100059,100,99832,100,100506,100,99820,100,100559,100,99815,100,100571,100,99795,100,100609,100,99793,100,100676,100,99727,100,100688,100,99561,100
2019-06-28 09:50:10.000000000,99972,558,99920,558,100055,100,99903,100,100058,100,99857,100,100059,100,99832,100,100506,100,99820,100,100559,100,99815,100,100571,100,99795,100,100609,100,99793,100,100676,100,99727,100,100688,100,99561,100
2019-06-28 09:50:20.000000000,99972,558,99920,558,100055,100,99903,100,100058,100,99857,100,100059,100,99832,100,100506,100,99820,100,100559,100,99815,100,100571,100,99795,100,100609,100,99793,100,100676,100,99727,100,100688,100,99561,100
2019-06-28 09:50:23.130952723,99972,558,99920,558,100055,100,99903,100,100058,100,99857,100,100059,100,99832,100,100232,100,99820,100,100506,100,99815,100,100559,100,99795,100,100571,100,99793,100,100609,100,99727,100,100676,100,99561,100
2019-06-28 09:50:30.000000000,99972,329,99920,329,100055,329,99903,329,100058,100,99857,100,100059,100,99832,100,100232,100,99820,100,100506,100,99815,100,100559,100,99795,100,100571,100,99793,100,100609,100,99727,100,100676,100,99561,100
2019-06-28 09:50:38.848316706,99972,229,99920,329,100055,329,99903,329,100058,100,99857,100,100059,100,99832,100,100232,100,99820,100,100506,100,99815,100,100559,100,99793,100,100571,100,99727,100,100609,100,99561,100,100676,100,99461,100
2019-06-28 09:50:40.000000000,100055,329,99920,329,100058,329,99903,329,100059,100,99857,100,100232,100,99832,100,100506,100,99820,100,100559,100,99815,100,100571,100,99793,100,100609,100,99727,100,100676,100,99561,100,100688,100,99461,100
2019-06-28 09:50:43.486929186,100055,329,99920,329,100058,329,99903,329,100059,100,99857,100,100232,100,99832,100,100340,100,99815,100,100506,100,99793,100,100559,100,99727,100,100571,100,99561,100,100609,100,99461,100,100676,100,99419,100
2019-06-28 09:50:49.729511585,100055,329,99920,329,100058,229,99903,329,100059,100,99857,100,100232,100,99832,100,100340,100,99815,100,100506,100,99793,100,100559,100,99727,100,100571,100,99561,100,100609,100,99461,100,100676,100,99419,100
2019-06-28 09:50:50.000000000,100055,214,99920,214,100059,214,99903,214,100232,214,99857,214,100340,214,99832,214,100506,100,99815,100,100559,100,99793,100,100571,100,99727,100,100609,100,99561,100,100676,100,99461,100,100688,100,99419,100
2019-06-28 09:51:00.000000000,100055,214,99920,214,100059,214,99903,214,100232,214,99857,214,100340,214,99832,214,100506,100,99815,100,100559,100,99793,100,100571,100,99727,100,100609,100,99561,100,100676,100,99461,100,100688,100,99419,100
2019-06-28 09:51:00.650299024,100055,114,99920,214,100059,214,99903,214,100232,214,99857,214,100340,214,99832,214,100506,100,99815,100,100559,100,99793,100,100571,100,99727,100,100676,100,99561,100,100688,100,99461,100,,,99419,100
2019-06-28 09:51:05.924673594,100055,14,99920,214,100059,214,99903,214,100232,214,99857,214,100340,214,99832,214,100506,100,99815,100,100559,100,99793,100,100571,100,99727,100,100676,100,99561,100,100688,100,99461,100,,,99419,100
2019-06-28 09:51:07.643031357,100059,214,100055,86,100232,214,99920,214,100340,214,99903,214,100506,100,99857,214,100559,100,99832,214,100571,100,99815,100,100676,100,99793,100,100688,100,99727,100,,,99561,100,,,99461,100
2019-06-28 09:51:08.535650808,100059,214,100055,86,100232,214,99920,214,100340,214,99903,214,100433,100,99857,214,100506,100,99832,214,100559,100,99815,100,100571,100,99793,100,100676,100,99727,100,100688,100,99561,100,,,99461,100
2019-06-28 09:51:10.000000000,100059,192,100055,178,100232,192,99920,192,100340,192,99903,192,100433,192,99857,192,100506,192,99832,192,100559,100,99815,100,100571,100,99793,100,100676,100,99727,100,100688,100,99561,100,,,99461,100
2019-06-28 09:51:18.200654188,100059,92,100055,178,100232,192,99920,192,100340,192,99903,192,100433,192,99857,192,100506,192,99832,192,100559,100,99815,100,100571,100,99793,100,100676,100,99727,100,100688,100,99561,100,,,99461,100
2019-06-28 09:51:20.000000000,100232,192,100055,178,100340,192,99920,192,100433,192,99903,192,100506,192,99857,192,100559,192,99832,192,100571,100,99815,100,100676,100,99793,100,100688,100,99727,100,,,99561,100,,,99461,100
2019-06-28 09:51:30.000000000,100232,329,100055,315,100340,329,99920,329,100433,100,99903,100,100506,100,99857,100,100559,100,99832,100,100571,100,99815,100,100676,100,99793,100,100688,100,99727,100,,,99561,100,,,99461,100
2019-06-28 09:51:31.352781790,100232,329,100056,100,100340,329,100055,315,100433,100,99920,329,100506,100,99903,100,100559,100,99857,100,100571,100,99832,100,100676,100,99815,100,100688,100,99793,100,,,99727,100,,,99561,100
2019-06-28 09:51:33.245968382,100232,329,100056,100,100340,329,100055,315,100433,100,99920,329,100506,100,99903,100,100559,100,99857,100,100571,100,99832,100,100572,100,99815,100,100676,100,99793,100,100688,100,99727,100,,,99561,100
2019-06-28 09:51:38.158830496,100232,329,100056,100,100340,329,100055,315,100433,100,100038,100,100506,100,99920,329,100559,100,99903,100,100571,100,99857,100,100572,100,99832,100,100676,100,99815,100,100688,100,99793,100,,,99727,100
2019-06-28 09:51:39.006506877,100232,329,100205,100,100340,329,100056,100,100433,100,100055,315,100506,100,100038,100,100559,100,99920,329,100571,100,99903,100,100572,100,99857,100,100676,100,99832,100,100688,100,99815,100,,,99793,100
2019-06-28 09:51:40.000000000,100232,214,100205,214,100340,214,100056,214,100433,214,100055,200,100506,214,100038,214,100559,100,99920,100,100571,100,99903,100,100572,100,99857,100,100676,100,99832,100,100688,100,99815,100,,,99793,100
2019-06-28 09:51:45.717034039,100232,214,100205,214,100319,100,100056,214,100340,214,100055,200,100433,114,100038,214,100506,214,99920,100,100559,100,99903,100,100571,100,99857,100,100572,100,99832,100,100676,100,99815,100,100688,100,99793,100
2019-06-28 09:51:50.000000000,100232,329,100205,329,100319,329,100056,329,100340,100,100055,86,100506,100,100038,100,100559,100,99920,100,100571,100,99903,100,100572,100,99857,100,100676,100,99832,100,100688,100,99815,100,,,99793,100
2019-06-28 09:52:00.000000000,100232,192,100205,192,100319,192,100056,192,100340,192,100055,178,100506,192,100038,192,100559,192,99920,192,100571,100,99903,100,100572,100,99857,100,100676,100,99832,100,100688,100,99815,100,,,99793,100
2019-06-28 09:52:10.000000000,100232,558,100205,558,100319,100,100056,100,100340,100,100055,86,100506,100,100038,100,100559,100,99920,100,100571,100,99903,100,100572,100,99857,100,100676,100,99832,100,100688,100,99815,100,,,99793,100
2019-06-28 09:52:18.163468680,100232,558,100205,558,100319,100,100056,100,100340,100,100055,86,100404,100,100038,100,100506,100,99920,100,100559,100,99903,100,100571,100,99857,100,100572,100,99832,100,100676,100,99815,100,100688,100,99793,100
2019-06-28 09:52:20.000000000,100232,558,100205,558,100319,100,100056,100,100340,100,100055,86,100404,100,100038,100,100506,100,99920,100,100559,100,99903,100,100571,100,99857,100,100572,100,99832,100,100676,100,99815,100,100688,100,99793,100
2019-06-28 09:52:30.000000000,100232,192,100205,192,100319,192,100056,192,100340,192,100055,178,100404,192,100038,192,100506,192,99920,192,100559,100,99903,100,100571,100,99857,100,100572,100,99832,100,100676,100,99815,100,100688,100,99793,100
2019-06-28 09:52:34.909220713,100232,192,100205,92,100319,192,100056,192,100340,192,100055,178,100404,192,100038,192,100506,192,99920,192,100559,100,99903,100,100571,100,99857,100,100572,100,99832,100,100676,100,99815,100,100688,100,99793,100
2019-06-28 09:52:38.489662147,100232,192,100205,92,100319,192,100190,100,100340,192,100056,192,100404,192,100055,178,100506,192,100038,192,100559,100,99920,192,100571,100,99903,100,100572,100,99857,100,100676,100,99832,100,100688,100,99815,100
2019-06-28 09:52:40.000000000,100232,256,100190,256,100319,251,100056,251,100340,251,100055,237,100404,100,100038,100,100506,100,99920,100,100559,100,99903,100,100571,100,99857,100,100572,100,99832,100,100676,100,99815,100,100688,100,99793,100
2019-06-28 09:52:42.431429043,100232,256,100216,100,100319,251,100190,256,100340,251,100056,251,100404,100,100055,237,100506,100,100038,100,100559,100,99920,100,100571,100,99903,100,100572,100,99857,100,100676,100,99832,100,100688,100,99815,100
2019-06-28 09:52:45.999421725,100232,256,100216,100,100235,100,100190,256,100319,251,100056,251,100340,251,100055,237,100404,100,100038,100,100506,100,99920,100,100559,100,99903,100,100571,100,99857,100,100572,100,99832,100,100676,100,99815,100
2019-06-28 09:52:50.000000000,100232,558,100216,558,100235,100,100190,100,100319,100,100056,100,100340,100,100055,86,100404,100,100038,100,100506,100,99920,100,100559,100,99903,100,100571,100,99857,100,100572,100,99832,100,100676,100,99815,100
2019-06-28 09:52:59.546401060,100232,458,100216,558,100235,100,100190,100,100319,100,100056,100,100404,100,100055,86,100506,100,100038,100,100559,100,99920,100,100571,100,99903,100,100572,100,99857,100,100676,100,99832,100,100688,100,99815,100
2019-06-28 09:53:00.000000000,100235,329,100216,329,100319,329,100190,329,100404,100,100056,100,100506,100,100055,86,100559,100,100038,100,100571,100,99920,100,100572,100,99903,100,100676,100,99857,100,100688,100,99832,100,,,99815,100
2019-06-28 09:53:03.819275767,100235,329,100216,229,100319,329,100190,329,100404,100,100056,100,100506,100,100055,86,100559,100,100038,100,100571,100,99920,100,100572,100,99903,100,100676,100,99832,100,100688,100,99815,100,,,99793,100
2019-06-28 09:53:10.000000000,100235,558,100190,558,100319,100,100056,100,100404,100,100055,86,100506,100,100038,100,100559,100,99920,100,100571,100,99903,100,100572,100,99832,100,100676,100,99815,100,100688,100,99793,100,,,99727,100
2019-06-28 09:53:14.134277503,100235,558,100190,558,100319,100,100145,100,100404,100,100056,100,100506,100,100055,86,100559,100,100038,100,100571,100,99920,100,100572,100,99903,100,100676,100,99832,100,,,99815,100,,,99793,100
2019-06-28 09:53:19.987042722,100235,558,100190,558,100319,100,100145,100,100404,100,100056,100,100506,100,100055,86,100559,100,100038,100,100571,100,99951,100,100572,100,99920,100,100676,100,99903,100,,,99832,100,,,99815,100
2019-06-28 09:53:20.000000000,100235,329,100190,329,100319,329,100145,329,100404,100,100056,100,100506,100,100055,86,100559,100,100038,100,100571,100,99951,100,100572,100,99920,100,100676,100,99903,100,,,99832,100,,,99815,100
2019-06-28 09:53:30.000000000,100235,329,100190,329,100319,329,100145,329,100404,100,100056,100,100506,100,100055,86,100559,100,100038,100,100571,100,99951,100,100572,100,99920,100,100676,100,99903,100,,,99832,100,,,99815,100
2019-06-28 09:53:32.400626535,100235,329,100190,329,100319,329,100145,329,100404,100,100076,100,100506,100,100056,100,100559,100,100055,86,100571,100,100038,100,100572,100,99951,100,100676,100,99920,100,,,99903,100,,,99832,100
2019-06-28 09:53:40.000000000,100235,192,100190,192,100319,192,100145,192,100404,192,100076,192,100506,192,100056,192,100559,192,100055,178,100571,100,100038,100,100572,100,99951,100,100676,100,99920,100,,,99903,100,,,99832,100
2019-06-28 09:53:41.165631847,100235,192,100190,192,100275,100,100145,192,100319,192,100076,192,100404,192,100056,192,100506,192,100055,178,100559,192,100038,100,100571,100,99951,100,100572,100,99920,100,100676,100,99903,100,,,99832,100
2019-06-28 09:53:42.280720632,100235,292,100190,192,100275,100,100145,192,100319,192,100076,192,100404,192,100056,192,100506,192,100055,178,100559,192,100038,100,100571,100,99951,100,100572,100,99920,100,100676,100,99903,100,,,99832,100
2019-06-28 09:53:50.000000000,100235,314,100190,214,100275,214,100145,214,100319,214,100076,214,100404,214,100056,214,100506,100,100055,86,100559,100,100038,100,100571,100,99951,100,100572,100,99920,100,100676,100,99903,100,,,99832,100
2019-06-28 09:54:00.000000000,100235,314,100190,214,100275,214,100145,214,100319,214,100076,214,100404,214,100056,214,100506,100,100055,86,100559,100,100038,100,100571,100,99951,100,100572,100,99920,100,100676,100,99903,100,,,99832,100
2019-06-28 09:54:10.000000000,100235,356,100190,256,100275,251,100145,251,100319,251,100076,251,100404,100,100056,100,100506,100,100055,86,100559,100,100038,100,100571,100,99951,100,100572,100,99920,100,100676,100,99903,100,,,99832,100
2019-06-28 09:54:11.492176995,100235,356,100190,156,100275,251,100145,251,100319,251,100076,251,100404,100,100056,100,100506,100,100055,86,100559,100,100038,100,100571,100,99951,100,100572,100,99920,100,100676,100,99903,100,,,99832,100
2019-06-28 09:54:11.608041329,100216,100,100190,156,100235,356,100145,251,100275,251,100076,251,100319,251,100056,100,100404,100,100055,86,100506,100,100038,100,100559,100,99951,100,100571,100,99920,100,100572,100,99903,100,100676,100,99832,100
2019-06-28 09:54:14.787248715,100216,100,100190,156,100235,356,100145,251,100275,251,100076,251,100319,251,100056,100,100404,100,100055,86,100506,100,100038,100,100559,100,99951,100,100571,100,99920,100,100572,100,99903,100,100676,100,99838,100
2019-06-28 09:54:20.000000000,100216,214,100145,214,100235,314,100076,214,100275,214,100056,214,100319,214,100055,200,100404,100,100038,100,100506,100,99951,100,100559,100,99920,100,100571,100,99903,100,100572,100,99838,100,100676,100,99832,100
2019-06-28 09:54:30.000000000,100216,256,100145,256,100235,351,100076,251,100275,251,100056,251,100319,100,100055,86,100404,100,100038,100,100506,100,99951,100,100559,100,99920,100,100571,100,99903,100,100572,100,99838,100,100676,100,99832,100
2019-06-28 09:54:40.000000000,100216,256,100145,256,100235,351,100076,251,100275,251,100056,251,100319,100,100055,86,100404,100,100038,100,100506,100,99951,100,100559,100,99920,100,100571,100,99903,100,100572,100,99838,100,100676,100,99832,100
2019-06-28 09:54:50.000000000,100216,329,100145,329,100235,429,100076,329,100275,100,100056,100,100319,100,100055,86,100404,100,100038,100,100506,100,99951,100,100559,100,99920,100,100571,100,99903,100,100572,100,99838,100,100676,100,99832,100
2019-06-28 09:54:57.655128838,100216,229,100145,329,100235,429,100076,329,100275,100,100056,100,100319,100,100055,86,100404,100,100038,100,100506,100,99951,100,100559,100,99920,100,100571,100,99903,100,100572,100,99838,100,100676,100,99832,100
2019-06-28 09:55:00.000000000,100235,429,100145,329,100275,329,100076,329,100319,100,100056,100,100404,100,100055,86,100506,100,100038,100,100559,100,99951,100,100571,100,99920,100,100572,100,99903,100,100676,100,99838,100,,,99832,100
2019-06-28 09:55:03.586339026,100235,429,100145,329,100275,329,100076,329,100319,100,100056,100,100404,100,100055,86,100465,100,100038,100,100506,100,99951,100,100559,100,99920,100,100571,100,99903,100,100572,100,99838,100,100676,100,99832,100
2019-06-28 09:55:10.000000000,100235,429,100145,329,100275,329,100076,329,100319,100,100056,100,100404,100,100055,86,100465,100,100038,100,100506,100,99951,100,100559,100,99920,100,100571,100,99903,100,100572,100,99838,100,100676,100,99832,100
2019-06-28 09:55:20.000000000,100235,292,100145,192,100275,192,100076,192,100319,192,100056,192,100404,192,100055,178,100465,192,100038,192,100506,100,99951,100,100559,100,99920,100,100571,100,99903,100,100572,100,99838,100,100676,100,99832,100
2019-06-28 09:55:30.000000000,100235,314,100145,214,100275,214,100076,214,100319,214,100056,214,100404,214,100055,200,100465,100,100038,100,100506,100,99951,100,100559,100,99920,100,100571,100,99903,100,100572,100,99838,100,100676,100,99832,100
2019-06-28 09:55:37.013705081,100235,314,100145,214,100242,100,100076,214,100275,214,100056,214,100319,214,100055,200,100404,214,100038,100,100465,100,99951,100,100506,100,99920,100,100559,100,99903,100,100571,100,99838,100,100572,100,99832,100
2019-06-28 09:55:37.758582609,100235,214,100145,214,100242,100,100076,214,100275,214,100056,214,100319,214,100055,200,100404,214,100038,100,100465,100,99951,100,100506,100,99920,100,100559,100,99903,100,100571,100,99838,100,100572,100,99832,100
2019-06-28 09:55:40.000000000,100235,192,100145,192,100242,192,100076,192,100275,192,100056,192,100319,192,100055,178,100404,192,100038,192,100465,100,99951,100,100506,100,99920,100,100559,100,99903,100,100571,100,99838,100,100572,100,99832,100
2019-06-28 09:55:50.000000000,100235,558,100145,558,100242,100,100076,100,100275,100,100056,100,100319,100,100055,86,100404,100,100038,100,100465,100,99951,100,100506,100,99920,100,100559,100,99903,100,100571,100,99838,100,100572,100,99832,100
2019-06-28 09:55:59.859697088,100235,558,100145,458,100242,100,100076,100,100275,100,100056,100,100319,100,100055,86,100404,100,100038,100,100465,100,99951,100,100506,100,99920,100,100559,100,99903,100,100571,100,99838,100,100572,100,99832,100
2019-06-28 09:56:00.000000000,100235,192,100076,192,100242,192,100056,192,100275,192,100055,178,100319,192,100038,192,100404,192,99951,192,100465,100,99920,100,100506,100,99903,100,100559,100,99838,100,100571,100,99832,100,100572,100,99815,100
2019-06-28 09:56:10.000000000,100235,256,100076,256,100242,251,100056,251,100275,251,100055,237,100319,100,100038,100,100404,100,99951,100,100465,100,99920,100,100506,100,99903,100,100559,100,99838,100,100571,100,99832,100,100572,100,99815,100
2019-06-28 09:56:11.083454095,100234,100,100076,256,100235,256,100056,251,100242,251,100055,237,100275,251,100038,100,100319,100,99951,100,100404,100,99920,100,100465,100,99903,100,100506,100,99838,100,100559,100,99832,100,100571,100,99815,100
2019-06-28 09:56:16.122226843,100125,100,100076,256,100234,100,100056,251,100235,256,100055,237,100242,251,100038,100,100275,251,99951,100,100319,100,99920,100,100404,100,99903,100,100465,100,99838,100,100506,100,99832,100,100559,100,99815,100
2019-06-28 09:56:20.000000000,100125,214,100076,214,100234,214,100056,214,100235,214,100055,200,100242,214,100038,214,100275,100,99951,100,100319,100,99920,100,100404,100,99903,100,100465,100,99838,100,100506,100,99832,100,100559,100,99815,100
2019-06-28 09:56:24.261726807,100125,214,100076,114,100234,214,100056,214,100235,214,100055,200,100242,214,100038,214,100275,100,99951,100,100319,100,99920,100,100404,100,99903,100,100465,100,99838,100,100506,100,99832,100,100559,100,99815,100
2019-06-28 09:56:30.000000000,100125,214,100056,214,100234,214,100055,200,100235,214,100038,214,100242,214,99951,214,100275,100,99920,100,100319,100,99903,100,100404,100,99838,100,100465,100,99832,100,100506,100,99815,100,100559,100,99793,100
2019-06-28 09:56:40.000000000,100125,256,100056,256,100234,251,100055,237,100235,251,100038,251,100242,100,99951,100,100275,100,99920,100,100319,100,99903,100,100404,100,99838,100,100465,100,99832,100,100506,100,99815,100,100559,100,99793,100
2019-06-28 09:56:50.000000000,100125,256,100056,256,100234,251,100055,237,100235,251,100038,251,100242,100,99951,100,100275,100,99920,100,100319,100,99903,100,100404,100,99838,100,100465,100,99832,100,100506,100,99815,100,100559,100,99793,100
2019-06-28 09:56:51.879262230,100125,156,100056,256,100234,251,100055,237,100235,251,100038,251,100242,100,99951,100,100275,100,99920,100,100319,100,99903,100,100404,100,99838,100,100465,100,99832,100,100506,100,99815,100,100559,100,99793,100
2019-06-28 09:56:57.535630109,100125,156,100056,256,100234,251,100055,237,100235,251,100038,251,100242,100,99951,100,100275,100,99920,100,100290,100,99903,100,100319,100,99838,100,100404,100,99832,100,100465,100,99815,100,100506,100,99793,100
2019-06-28 09:57:00.000000000,100234,214,100056,214,100235,214,100055,200,100242,214,100038,214,100275,214,99951,214,100290,100,99920,100,100319,100,99903,100,100404,100,99838,100,100465,100,99832,100,100506,100,99815,100,100559,100,99793,100
2019-06-28 09:57:05.068410230,100234,214,100149,100,100235,214,100056,214,100242,214,100055,200,100275,214,100038,214,100290,100,99951,214,100319,100,99920,100,100404,100,99903,100,100465,100,99838,100,100506,100,99832,100,100559,100,99815,100
2019-06-28 09:57:10.000000000,100234,214,100149,214,100235,214,100056,214,100242,214,100055,200,100275,214,100038,214,100290,100,99951,100,100319,100,99920,100,100404,100,99903,100,100465,100,99838,100,100506,100,99832,100,100559,100,99815,100
2019-06-28 09:57:20.000000000,100234,256,100149,256,100235,251,100056,251,100242,251,100055,237,100275,100,100038,100,100290,100,99951,100,100319,100,99920,100,100404,100,99903,100,100465,100,99838,100,100506,100,99832,100,100559,100,99815,100
2019-06-28 09:57:30.000000000,100234,214,100149,214,100235,214,100056,214,100242,214,100055,200,100275,214,100038,214,100290,100,99951,100,100319,100,99920,100,100404,100,99903,100,100465,100,99838,100,100506,100,99832,100,100559,100,99815,100
2019-06-28 09:57:32.802690444,100234,214,100149,214,100235,214,100056,214,100242,214,100055,200,100275,214,100038,214,100290,100,99951,100,100319,100,99920,100,100354,100,99903,100,100404,100,99832,100,100465,100,99815,100,100506,100,99793,100
2019-06-28 09:57:40.000000000,100234,214,100149,214,100235,214,100056,214,100242,214,100055,200,100275,214,100038,214,100290,100,99951,100,100319,100,99920,100,100354,100,99903,100,100404,100,99832,100,100465,100,99815,100,100506,100,99793,100
2019-06-28 09:57:50.000000000,100234,192,100149,192,100235,192,100056,192,100242,192,100055,178,100275,192,100038,192,100290,192,99951,192,100319,100,99920,100,100354,100,99903,100,100404,100,99832,100,100465,100,99815,100,100506,100,99793,100
2019-06-28 09:58:00.000000000,100234,558,100149,558,100235,100,100056,100,100242,100,100055,86,100275,100,100038,100,100290,100,99951,100,100319,100,99920,100,100354,100,99903,100,100404,100,99832,100,100465,100,99815,100,100506,100,99793,100
2019-06-28 09:58:09.764180953,100234,558,100149,558,100235,100,100056,100,100242,100,100055,86,100275,100,100038,100,100290,100,99951,100,100319,100,99920,100,100354,100,99903,100,100404,100,99832,100,100420,100,99815,100,100465,100,99793,100
2019-06-28 09:58:10.000000000,100234,214,100149,214,100235,214,100056,214,100242,214,100055,200,100275,214,100038,214,100290,100,99951,100,100319,100,99920,100,100354,100,99903,100,100404,100,99832,100,100420,100,99815,100,100465,100,99793,100
2019-06-28 09:58:20.000000000,100234,256,100149,256,100235,251,100056,251,100242,251,100055,237,100275,100,100038,100,100290,100,99951,100,100319,100,99920,100,100354,100,99903,100,100404,100,99832,100,100420,100,99815,100,100465,100,99793,100
2019-06-28 09:58:30.000000000,100234,214,100149,214,100235,214,100056,214,100242,214,100055,200,100275,214,100038,214,100290,100,99951,100,100319,100,99920,100,100354,100,99903,100,100404,100,99832,100,100420,100,99815,100,100465,100,99793,100
2019-06-28 09:58:40.000000000,100234,214,100149,214,100235,214,100056,214,100242,214,100055,200,100275,214,100038,214,100290,100,99951,100,100319,100,99920,100,100354,100,99903,100,100404,100,99832,100,100420,100,99815,100,100465,100,99793,100
2019-06-28 09:58:46.760071406,100234,214,100149,214,100235,214,100077,100,100242,214,100056,214,100275,214,100055,200,100290,100,100038,214,100319,100,99951,100,100354,100,99920,100,100404,100,99903,100,100420,100,99832,100,100465,100,99815,100
2019-06-28 09:58:50.000000000,100234,192,100149,192,100235,192,100077,192,100242,192,100056,192,100275,192,100055,178,100290,192,100038,192,100319,100,99951,100,100354,100,99920,100,100404,100,99903,100,100420,100,99832,100,100465,100,99815,100
2019-06-28 09:58:56.193960757,100234,192,100149,92,100235,192,100077,192,100242,192,100056,192,100275,192,100055,178,100290,192,100038,192,100319,100,99951,100,100354,100,99920,100,100404,100,99903,100,100420,100,99832,100,100465,100,99815,100
2019-06-28 09:59:00.000000000,100234,558,100077,558,100235,100,100056,100,100242,100,100055,86,100275,100,100038,100,100290,100,99951,100,100319,100,99920,100,100354,100,99903,100,100404,100,99832,100,100420,100,99815,100,100465,100,99793,100
2019-06-28 09:59:05.335325649,100226,100,100077,558,100234,558,100056,100,100235,100,100055,86,100242,100,100038,100,100275,100,99951,100,100290,100,99920,100,100319,100,99903,100,100354,100,99832,100,100404,100,99815,100,100420,100,99793,100
2019-06-28 09:59:10.000000000,100226,558,100077,558,100234,100,100056,100,100235,100,100055,86,100242,100,100038,100,100275,100,99951,100,100290,100,99920,100,100319,100,99903,100,100354,100,99832,100,100404,100,99815,100,100420,100,99793,100
2019-06-28 09:59:20.000000000,100226,214,100077,214,100234,214,100056,214,100235,214,100055,200,100242,214,100038,214,100275,100,99951,100,100290,100,99920,100,100319,100,99903,100,100354,100,99832,100,100404,100,99815,100,100420,100,99793,100
2019-06-28 09:59:30.000000000,100226,329,100077,329,100234,329,100056,329,100235,100,100055,86,100242,100,100038,100,100275,100,99951,100,100290,100,99920,100,100319,100,99903,100,100354,100,99832,100,100404,100,99815,100,100420,100,99793,100
2019-06-28 09:59:40.000000000,100226,256,100077,256,100234,251,100056,251,100235,251,100055,237,100242,100,100038,100,100275,100,99951,100,100290,100,99920,100,100319,100,99903,100,100354,100,99832,100,100404,100,99815,100,100420,100,99793,100
2019-06-28 09:59:40.895188759,100226,256,100077,256,100234,251,100056,251,100235,251,100055,237,100242,100,100038,100,100275,100,99951,100,100290,100,99920,100,100319,100,99903,100,100354,100,99832,100,100377,100,99815,100,100404,100,99793,100
2019-06-28 09:59:50.000000000,100226,329,100077,329,100234,329,100056,329,100235,100,100055,86,100242,100,100038,100,100275,100,99951,100,100290,100,99920,100,100319,100,99903,100,100354,100,99832,100,100377,100,99815,100,100404,100,99793,100
2019-06-28 10:00:00.000000000,100226,256,100077,256,100234,251,100056,251,100235,251,100055,237,100242,100,100038,100,100275,100,99951,100,100290,100,99920,100,100319,100,99903,100,100354,100,99832,100,100377,100,99815,100,100404,100,99793,100
2019-06-28 10:00:10.000000000,100226,214,100077,214,100234,214,100056,214,100235,214,100055,200,100242,214,100038,214,100275,100,99951,100,100290,100,99920,100,100319,100,99903,100,100354,100,99832,100,100377,100,99815,100,100404,100,99793,100
2019-06-28 10:00:20.000000000,100226,558,100077,558,100234,100,100056,100,100235,100,100055,86,100242,100,100038,100,100275,100,99951,100,100290,100,99920,100,100319,100,99903,100,100354,100,99832,100,100377,100,99815,100,100404,100,99793,100
2019-06-28 10:00:30.000000000,100226,329,100077,329,100234,329,100056,329,100235,100,100055,86,100242,100,100038,100,100275,100,99951,100,100290,100,99920,100,100319,100,99903,100,100354,100,99832,100,100377,100,99815,100,100404,100,99793,100
2019-06-28 10:00:40.000000000,100226,558,100077,558,100234,100,100056,100,100235,100,100055,86,100242,100,100038,100,100275,100,99951,100,100290,100,99920,100,100319,100,99903,100,100354,100,99832,100,100377,100,99815,100,100404,100,99793,100
2019-06-28 10:00:44.024509091,100226,558,100077,558,100234,100,100056,100,100235,100,100055,86,100242,100,100038,100,100275,100,99951,100,100290,100,99939,100,100319,100,99920,100,100354,100,99903,100,100377,100,99832,100,100404,100,99815,100
2019-06-28 10:00:50.000000000,100226,558,100077,558,100234,100,100056,100,100235,100,100055,86,100242,100,100038,100,100275,100,99951,100,100290,100,99939,100,100319,100,99920,100,100354,100,99903,100,100377,100,99832,100,100404,100,99815,100
2019-06-28 10:01:00.000000000,100226,214,100077,214,100234,214,100056,214,100235,214,100055,200,100242,214,100038,214,100275,100,99951,100,100290,100,99939,100,100319,100,99920,100,100354,100,99903,100,100377,100,99832,100,100404,100,99815,100
2019-06-28 10:01:10.000000000,100226,329,100077,329,100234,329,100056,329,100235,100,100055,86,100242,100,100038,100,100275,100,99951,100,100290,100,99939,100,100319,100,99920,100,100354,100,99903,100,100377,100,99832,100,100404,100,99815,100
2019-06-28 10:01:20.000000000,100226,192,100077,192,100234,192,100056,192,100235,192,100055,178,100242,192,100038,192,100275,192,99951,192,100290,100,99939,100,100319,100,99920,100,100354,100,99903,100,100377,100,99832,100,100404,100,99815,100
2019-06-28 10:01:20.478785728,100226,192,100077,192,100234,192,100056,192,100235,192,100055,178,100242,192,100038,192,100275,192,99951,192,100290,100,99939,100,100319,100,99920,100,100354,100,99903,100,100377,100,99832,100,100404,100,99815,100
2019-06-28 10:01:30.000000000,100226,329,100077,329,100234,329,100056,329,100235,100,100055,86,100242,100,100038,100,100275,100,99951,100,100290,100,99939,100,100319,100,99920,100,100354,100,99903,100,100377,100,99832,100,100404,100,99815,100
2019-06-28 10:01:39.801125130,100226,329,100077,229,100234,329,100056,329,100242,100,100055,86,100275,100,100038,100,100290,100,99951,100,100319,100,99939,100,100354,100,99920,100,100377,100,99903,100,100404,100,99832,100,100420,100,99815,100
2019-06-28 10:01:40.000000000,100226,558,100056,558,100234,100,100055,86,100242,100,100038,100,100275,100,99951,100,100290,100,99939,100,100319,100,99920,100,100354,100,99903,100,100377,100,99832,100,100404,100,99815,100,100420,100,99793,100
2019-06-28 10:01:50.000000000,100226,558,100056,558,100234,100,100055,86,100242,100,100038,100,100275,100,99951,100,100290,100,99939,100,100319,100,99920,100,100354,100,99903,100,100377,100,99832,100,100404,100,99815,100,100420,100,99793,100
2019-06-28 10:01:50.758007062,100226,558,100056,458,100234,100,100055,86,100242,100,100038,100,100275,100,99951,100,100290,100,99939,100,100319,100,99920,100,100354,100,99903,100,100377,100,99832,100,100404,100,99815,100,100420,100,99793,100
2019-06-28 10:01:54.439542819,100077,100,100056,458,100226,558,100055,86,100234,100,100038,100,100242,100,99951,100,100275,100,99939,100,100290,100,99920,100,100319,100,99903,100,100354,100,99832,100,100377,100,99815,100,100404,100,99793,100
2019-06-28 10:02:00.000000000,100077,256,100055,242,100226,251,100038,251,100234,251,99951,251,100242,100,99939,100,100275,100,99920,100,100290,100,99903,100,100319,100,99832,100,100354,100,99815,100,100377,100,99793,100,100404,100,99727,100
2019-06-28 10:02:09.156133990,100077,256,100055,242,100226,251,100038,251,100234,251,99951,251,100242,100,99939,100,100275,100,99937,100,100290,100,99920,100,100319,100,99903,100,100354,100,99832,100,100377,100,99815,100,100420,100,99793,100
2019-06-28 10:02:09.251791793,100077,256,100055,242,100226,251,100038,251,100234,251,99951,251,100242,100,99939,100,100275,100,99937,100,100290,100,99920,100,100319,100,99903,100,100354,100,99832,100,100377,100,99815,100,100415,100,99793,100
2019-06-28 10:02:10.000000000,100077,192,100055,178,100226,192,100038,192,100234,192,99951,192,100242,192,99939,192,100275,192,99937,192,100290,100,99920,100,100319,100,99903,100,100354,100,99832,100,100377,100,99815,100,100415,100,99793,100
2019-06-28 10:02:12.483049676,100077,192,100055,178,100226,192,100038,192,100234,192,99951,192,100238,100,99939,192,100242,192,99937,192,100275,192,99920,100,100290,100,99903,100,100319,100,99832,100,100354,100,99815,100,100377,100,99793,100
2019-06-28 10:02:20.000000000,100077,558,100055,544,100226,100,100038,100,100234,100,99951,100,100238,100,99939,100,100242,100,99937,100,100275,100,99920,100,100290,100,99903,100,100319,100,99832,100,100354,100,99815,100,100377,100,99793,100
2019-06-28 10:02:30.000000000,100077,329,100055,315,100226,329,100038,329,100234,100,99951,100,100238,100,99939,100,100242,100,99937,100,100275,100,99920,100,100290,100,99903,100,100319,100,99832,100,100354,100,99815,100,100377,100,99793,100
2019-06-28 10:02:37.640473044,100077,329,100055,315,100226,329,100038,329,100234,100,99951,100,100238,100,99939,100,100242,100,99937,100,100252,100,99920,100,100275,100,99903,100,100290,100,99832,100,100319,100,99815,100,100354,100,99793,100
2019-06-28 10:02:40.000000000,100077,192,100055,178,100226,192,100038,192,100234,192,99951,192,100238,192,99939,192,100242,192,99937,192,100252,100,99920,100,100275,100,99903,100,100290,100,99832,100,100319,100,99815,100,100354,100,99793,100
2019-06-28 10:02:44.481413203,100077,192,100055,178,100102,100,100038,92,100226,192,99951,192,100234,192,99939,192,100238,192,99937,192,100242,192,99920,100,100252,100,99903,100,100275,100,99832,100,100290,100,99815,100,100319,100,99793,100
2019-06-28 10:02:50.000000000,100077,214,100055,200,100102,214,99951,214,100226,214,99939,214,100234,214,99937,214,100238,100,99920,100,100242,100,99903,100,100252,100,99832,100,100275,100,99815,100,100290,100,99793,100,100319,100,99727,100
2019-06-28 10:03:00.000000000,100077,214,100055,200,100102,214,99951,214,100226,214,99939,214,100234,214,99937,214,100238,100,99920,100,100242,100,99903,100,100252,100,99832,100,100275,100,99815,100,100290,100,99793,100,100319,100,99727,100
2019-06-28 10:03:10.000000000,100077,256,100055,242,100102,251,99951,251,100226,251,99939,251,100234,100,99937,100,100238,100,99920,100,100242,100,99903,100,100252,100,99832,100,100275,100,99815,100,100290,100,99793,100,100319,100,99727,100
2019-06-28 10:03:20.000000000,100077,256,100055,242,100102,251,99951,251,100226,251,99939,251,100234,100,99937,100,100238,100,99920,100,100242,100,99903,100,100252,100,99832,100,100275,100,99815,100,100290,100,99793,100,100319,100,99727,100
2019-06-28 10:03:30.000000000,100077,329,100055,315,100102,329,99951,329,100226,100,99939,100,100234,100,99937,100,100238,100,99920,100,100242,100,99903,100,100252,100,99832,100,100275,100,99815,100,100290,100,99793,100,100319,100,99727,100
2019-06-28 10:03:40.000000000,100077,256,100055,242,100102,251,99951,251,100226,251,99939,251,100234,100,99937,100,100238,100,99920,100,100242,100,99903,100,100252,100,99832,100,100275,100,99815,100,100290,100,99793,100,100319,100,99727,100
2019-06-28 10:03:43.830168684,100077,256,100055,142,100102,251,99951,251,100226,251,99939,251,100234,100,99937,100,100238,100,99920,100,100242,100,99903,100,100252,100,99832,100,100275,100,99815,100,100290,100,99793,100,100319,100,99727,100
2019-06-28 10:03:45.999466477,100077,256,100055,142,100102,251,99951,251,100226,251,99939,251,100234,100,99937,100,100238,100,99920,100,100242,100,99903,100,100252,100,99832,100,100275,100,99815,100,100290,100,99793,100,100319,100,99727,100
2019-06-28 10:03:50.000000000,100077,558,99951,558,100102,100,99939,100,100226,100,99937,100,100234,100,99920,100,100238,100,99903,100,100242,100,99832,100,100252,100,99815,100,100275,100,99793,100,100290,100,99727,100,100319,100,99227,100
2019-06-28 10:03:54.755951343,100077,558,99951,558,100102,100,99939,100,100226,100,99937,100,100234,100,99903,100,100238,100,99832,100,100242,100,99815,100,100252,100,99793,100,100275,100,99727,100,100290,100,99227,100,100319,100,99223,100
2019-06-28 10:04:00.000000000,100077,329,99951,329,100102,329,99939,329,100226,100,99937,100,100234,100,99903,100,100238,100,99832,100,100242,100,99815,100,100252,100,99793,100,100275,100,99727,100,100290,100,99227,100,100319,100,99223,100
2019-06-28 10:04:01.760970239,100077,329,99951,329,100102,329,99939,329,100226,100,99903,100,100234,100,99832,100,100238,100,99815,100,100242,100,99793,100,100252,100,99727,100,100275,100,99536,100,100290,100,99227,100,100319,100,99223,100
2019-06-28 10:04:03.853420929,100077,329,99951,329,100102,329,99939,329,100226,100,99903,100,100234,100,99832,100,100238,100,99815,100,100242,100,99793,100,100252,100,99727,100,100275,100,99536,100,100290,100,99266,100,100319,100,99227,100
2019-06-28 10:04:10.000000000,100077,256,99951,256,100102,251,99939,251,100226,251,99903,251,100234,100,99832,100,100238,100,99815,100,100242,100,99793,100,100252,100,99727,100,100275,100,99536,100,100290,100,99266,100,100319,100,99227,100
2019-06-28 10:04:15.619623140,100077,256,99951,256,100102,251,99939,251,100226,251,99903,251,100234,100,99832,100,100238,100,99815,100,100242,100,99793,100,100252,100,99727,100,100275,100,99536,100,100290,100,99266,100,100319,100,99239,100
2019-06-28 10:04:20.000000000,100077,256,99951,256,100102,251,99939,251,100226,251,99903,251,100234,100,99832,100,100238,100,99815,100,100242,100,99793,100,100252,100,99727,100,100275,100,99536,100,100290,100,99266,100,100319,100,99239,100
2019-06-28 10:04:30.000000000,100077,329,99951,329,100102,329,99939,329,100226,100,99903,100,100234,100,99832,100,100238,100,99815,100,100242,100,99793,100,100252,100,99727,100,100275,100,99536,100,100290,100,99266,100,100319,100,99239,100
2019-06-28 10:04:40.000000000,100077,192,99951,192,100102,192,99939,192,100226,192,99903,192,100234,192,99832,192,100238,192,99815,192,100242,100,99793,100,100252,100,99727,100,100275,100,99536,100,100290,100,99266,100,100319,100,99239,100
2019-06-28 10:04:48.726841451,100077,192,99951,92,100102,192,99939,192,100226,192,99903,192,100234,192,99832,192,100238,192,99815,192,100242,100,99793,100,100252,100,99727,100,100290,100,99536,100,100319,100,99266,100,100354,100,99239,100
2019-06-28 10:04:49.836888901,99951,8,99939,192,100077,192,99903,192,100102,192,99832,192,100226,192,99815,192,100234,192,99793,100,100238,192,99727,100,100242,100,99536,100,100252,100,99266,100,100290,100,99239,100,100319,100,99227,100
2019-06-28 10:04:50.000000000,99951,122,99939,214,100077,214,99903,214,100102,214,99832,214,100226,214,99815,214,100234,100,99793,100,100238,100,99727,100,100242,100,99536,100,100252,100,99266,100,100290,100,99239,100,100319,100,99227,100
2019-06-28 10:05:00.000000000,99951,237,99939,329,100077,329,99903,329,100102,100,99832,100,100226,100,99815,100,100234,100,99793,100,100238,100,99727,100,100242,100,99536,100,100252,100,99266,100,100290,100,99239,100,100319,100,99227,100
2019-06-28 10:05:01.205003946,99951,237,99939,229,100077,329,99903,329,100102,100,99832,100,100226,100,99815,100,100234,100,99793,100,100238,100,99727,100,100252,100,99536,100,100290,100,99266,100,100319,100,99239,100,100354,100,99227,100
2019-06-28 10:05:10.000000000,99951,466,99903,558,100077,100,99832,100,100102,100,99815,100,100226,100,99793,100,100234,100,99727,100,100238,100,99536,100,100252,100,99266,100,100290,100,99239,100,100319,100,99227,100,100354,100,99223,100
2019-06-28 10:05:16.835026708,99951,466,99903,558,100077,100,99832,100,100102,100,99815,100,100226,100,99793,100,100234,100,99727,100,100238,100,99536,100,100252,100,99275,100,100290,100,99266,100,100319,100,99239,100,100354,100,99227,100
2019-06-28 10:05:20.000000000,99951,164,99903,256,100077,251,99832,251,100102,251,99815,251,100226,100,99793,100,100234,100,99727,100,100238,100,99536,100,100252,100,99275,100,100290,100,99266,100,100319,100,99239,100,100354,100,99227,100
2019-06-28 10:05:20.207766291,99951,164,99903,256,100077,251,99832,251,100102,251,99815,251,100226,100,99793,100,100234,100,99536,100,100238,100,99306,100,100252,100,99275,100,100290,100,99266,100,100319,100,99239,100,100354,100,99227,100
2019-06-28 10:05:30.000000000,99951,466,99903,558,100077,100,99832,100,100102,100,99815,100,100226,100,99793,100,100234,100,99536,100,100238,100,99306,100,100252,100,99275,100,100290,100,99266,100,100319,100,99239,100,100354,100,99227,100
2019-06-28 10:05:40.000000000,99951,237,99903,329,100077,329,99832,329,100102,100,99815,100,100226,100,99793,100,100234,100,99536,100,100238,100,99306,100,100252,100,99275,100,100290,100,99266,100,100319,100,99239,100,100354,100,99227,100
2019-06-28 10:05:41.338283365,99950,100,99903,329,99951,237,99832,329,100077,329,99815,100,100102,100,99793,100,100226,100,99536,100,100234,100,99306,100,100238,100,99275,100,100252,100,99266,100,100290,100,99239,100,100319,100,99227,100
2019-06-28 10:05:41.588352094,99950,100,99903,229,99951,229,99832,329,100077,329,99815,100,100102,100,99793,100,100226,100,99536,100,100234,100,99306,100,100238,100,99275,100,100252,100,99266,100,100290,100,99239,100,100319,100,99227,100
2019-06-28 10:05:49.574809508,99950,100,99903,129,99951,229,99832,329,100077,329,99815,100,100102,100,99536,100,100226,100,99306,100,100234,100,99275,100,100238,100,99266,100,100252,100,99239,100,100290,100,99227,100,100319,100,99223,100
2019-06-28 10:05:50.000000000,99950,558,99832,558,100077,100,99815,100,100102,100,99536,100,100226,100,99306,100,100234,100,99275,100,100238,100,99266,100,100252,100,99239,100,100290,100,99227,100,100319,100,99223,100,100354,100,99215,100
2019-06-28 10:06:00.000000000,99950,192,99832,192,100077,192,99815,192,100102,192,99536,192,100226,192,99306,192,100234,192,99275,192,100238,100,99266,100,100252,100,99239,100,100290,100,99227,100,100319,100,99223,100,100354,100,99215,100
2019-06-28 10:06:10.000000000,99950,214,99832,214,100077,214,99815,214,100102,214,99536,214,100226,214,99306,214,100234,100,99275,100,100238,100,99266,100,100252,100,99239,100,100290,100,99227,100,100319,100,99223,100,100354,100,99215,100
2019-06-28 10:06:20.000000000,99950,329,99832,329,100077,329,99815,329,100102,100,99536,100,100226,100,99306,100,100234,100,99275,100,100238,100,99266,100,100252,100,99239,100,100290,100,99227,100,100319,100,99223,100,100354,100,99215,100
2019-06-28 10:06:30.000000000,99950,214,99832,214,100077,214,99815,214,100102,214,99536,214,100226,214,99306,214,100234,100,99275,100,100238,100,99266,100,100252,100,99239,100,100290,100,99227,100,100319,100,99223,100,100354,100,99215,100
2019-06-28 10:06:40.000000000,99950,329,99832,329,100077,329,99815,329,100102,100,99536,100,100226,100,99306,100,100234,100,99275,100,100238,100,99266,100,100252,100,99239,100,100290,100,99227,100,100319,100,99223,100,100354,100,99215,100
2019-06-28 10:06:41.503124982,99950,329,99832,329,100077,329,99815,329,100102,100,99536,100,100226,100,99306,100,100234,100,99275,100,100238,100,99266,100,100252,100,99239,100,100290,100,99227,100,100319,100,99223,100,100325,100,99215,100
2019-06-28 10:06:50.000000000,99950,558,99832,558,100077,100,99815,100,100102,100,99536,100,100226,100,99306,100,100234,100,99275,100,100238,100,99266,100,100252,100,99239,100,100290,100,99227,100,100319,100,99223,100,100325,100,99215,100
2019-06-28 10:07:00.000000000,99950,329,99832,329,100077,329,99815,329,100102,100,99536,100,100226,100,99306,100,100234,100,99275,100,100238,100,99266,100,100252,100,99239,100,100290,100,99227,100,100319,100,99223,100,100325,100,99215,100
2019-06-28 10:07:10.000000000,99950,329,99832,329,100077,329,99815,329,100102,100,99536,100,100226,100,99306,100,100234,100,99275,100,100238,100,99266,100,100252,100,99239,100,100290,100,99227,100,100319,100,99223,100,100325,100,99215,100
2019-06-28 10:07:20.000000000,99950,558,99832,558,100077,100,99815,100,100102,100,99536,100,100226,100,99306,100,100234,100,99275,100,100238,100,99266,100,100252,100,99239,100,100290,100,99227,100,100319,100,99223,100,100325,100,99215,100
2019-06-28 10:07:30.000000000,99950,329,99832,329,100077,329,99815,329,100102,100,99536,100,100226,100,99306,100,100234,100,99275,100,100238,100,99266,100,100252,100,99239,100,100290,100,99227,100,100319,100,99223,100,100325,100,99215,100
2019-06-28 10:07:40.000000000,99950,256,99832,256,100077,251,99815,251,100102,251,99536,251,100226,100,99306,100,100234,100,99275,100,100238,100,99266,100,100252,100,99239,100,100290,100,99227,100,100319,100,99223,100,100325,100,99215,100
2019-06-28 10:07:45.690013657,99950,256,99832,256,100077,251,99815,251,100102,251,99536,251,100226,100,99306,100,100234,100,99275,100,100238,100,99266,100,100252,100,99239,100,100290,100,99227,100,100319,100,99223,100,100325,100,99215,100
2019-06-28 10:07:50.000000000,99950,329,99832,329,100077,329,99815,329,100102,100,99536,100,100226,100,99306,100,100234,100,99275,100,100238,100,99266,100,100252,100,99239,100,100290,100,99227,100,100319,100,99223,100,100325,100,99215,100
2019-06-28 10:08:00.000000000,99950,558,99832,558,100077,100,99815,100,100102,100,99536,100,100226,100,99306,100,100234,100,99275,100,100238,100,99266,100,100252,100,99239,100,100290,100,99227,100,100319,100,99223,100,100325,100,99215,100
2019-06-28 10:08:02.983505237,99950,558,99904,100,100102,100,99832,558,100226,100,99815,100,100234,100,99536,100,100238,100,99306,100,100252,100,99275,100,100290,100,99266,100,100319,100,99239,100,100325,100,99227,100,100333,100,99223,100
2019-06-28 10:08:04.206111709,99950,558,99904,100,100102,100,99832,558,100226,100,99815,100,100234,100,99536,100,100238,100,99306,100,100252,100,99275,100,100290,100,99266,100,100306,100,99239,100,100319,100,99227,100,100325,100,99223,100
