,ask_price_1,ask_size_1,bid_price_1,bid_size_1,ask_price_2,ask_size_2,bid_price_2,bid_size_2,ask_price_3,ask_size_3,bid_price_3,bid_size_3,ask_price_4,ask_size_4,bid_price_4,bid_size_4,ask_price_5,ask_size_5,bid_price_5,bid_size_5,ask_price_6,ask_size_6,bid_price_6,bid_size_6,ask_price_7,ask_size_7,bid_price_7,bid_size_7,ask_price_8,ask_size_8,bid_price_8,bid_size_8,ask_price_9,ask_size_9,bid_price_9,bid_size_9,ask_price_10,ask_size_10,bid_price_10,bid_size_10
2019-06-28 09:30:00.000000001,,,99911,100,,,,,,,,,,,,,,,,,,,,,,,,,,,,,,,,,,,,
2019-06-28 09:30:00.000000003,100024,200,99911,100,,,,,,,,,,,,,,,,,,,,,,,,,,,,,,,,,,,,
2019-06-28 09:30:00.000000004,100024,200,99911,100,100025,100,,,,,,,,,,,,,,,,,,,,,,,,,,,,,,,,,,
2019-06-28 09:30:00.000000005,100024,200,99968,100,100025,100,99914,100,,,99911,100,,,,,,,,,,,,,,,,,,,,,,,,,,,,
2019-06-28 09:30:00.000000006,100024,200,99968,100,100025,100,99914,100,,,99911,100,,,99889,100,,,,,,,,,,,,,,,,,,,,,,,,
2019-06-28 09:30:00.000000007,100024,200,99968,100,100025,100,99966,100,,,99914,100,,,99911,100,,,99889,100,,,,,,,,,,,,,,,,,,,,
2019-06-28 09:30:00.000000011,100024,200,99966,100,100025,100,99914,100,,,99911,100,,,99889,100,,,99813,100,,,,,,,,,,,,,,,,,,,,
2019-06-28 09:30:00.000000012,100024,200,99966,100,100025,100,99914,100,,,99911,100,,,99889,100,,,99869,100,,,99813,100,,,,,,,,,,,,,,,,
2019-06-28 09:30:00.000000013,100024,200,99966,100,100025,100,99935,100,,,99914,100,,,99911,100,,,99889,100,,,99884,100,,,99869,100,,,99813,100,,,,,,,,
2019-06-28 09:30:00.000000015,100020,100,99966,100,100024,200,99935,100,100025,100,99914,100,,,99911,100,,,99889,100,,,99884,100,,,99869,100,,,99813,100,,,,,,,,
2019-06-28 09:30:00.000000016,100020,100,99966,100,100024,200,99935,100,100025,100,99914,100,100102,100,99911,100,,,99889,100,,,99884,100,,,99869,100,,,99813,100,,,,,,,,
2019-06-28 09:30:00.000000017,100020,100,99966,100,100024,200,99935,100,100025,100,99914,100,100033,100,99911,100,100102,100,99889,100,,,99884,100,,,99869,100,,,99813,100,,,,,,,,
2019-06-28 09:30:00.000000018,100020,100,100018,100,100024,200,99966,100,100025,100,99935,100,100033,100,99914,100,100102,100,99911,100,,,99889,100,,,99884,100,,,99869,100,,,99813,100,,,,
2019-06-28 09:30:00.000000020,100020,100,100018,100,100024,200,99966,100,100025,100,99935,100,100033,100,99914,100,100045,100,99911,100,100102,100,99889,100,,,99884,100,,,99869,100,,,99813,100,,,,
2019-06-28 09:30:00.000000022,100020,100,100018,100,100024,200,99966,100,100025,100,99935,100,100033,100,99914,100,100045,100,99911,100,100102,100,99889,100,,,99884,100,,,99869,100,,,99865,100,,,99862,100
2019-06-28 09:30:00.000000025,100020,100,100018,100,100024,200,99966,100,100025,100,99935,100,100033,100,99914,100,100045,100,99911,100,100102,100,99892,100,,,99889,100,,,99884,100,,,99869,100,,,99865,100
2019-06-28 09:30:00.000000026,100020,100,100018,100,100024,200,99966,100,100025,100,99935,100,100033,100,99914,100,100045,100,99911,100,100102,100,99892,100,100196,100,99889,100,,,99884,100,,,99869,100,,,99865,100
2019-06-28 09:30:00.000000027,100020,100,99966,100,100024,200,99935,100,100025,100,99914,100,100033,100,99911,100,100045,100,99892,100,100102,100,99889,100,100196,100,99884,100,,,99869,100,,,99865,100,,,99862,100
2019-06-28 09:30:00.000000028,100020,100,99966,100,100024,200,99935,100,100025,100,99914,100,100033,100,99911,100,100045,100,99892,100,100102,100,99889,100,100152,100,99884,100,100196,100,99869,100,,,99865,100,,,99862,100
2019-06-28 09:30:00.000000029,100020,100,99966,100,100024,200,99938,100,100025,100,99935,100,100033,100,99914,100,100045,100,99911,100,100102,100,99892,100,100152,100,99889,100,100196,100,99884,100,,,99869,100,,,99865,100
2019-06-28 09:30:00.000000030,100018,100,99966,100,100020,100,99938,100,100024,200,99935,100,100025,100,99914,100,100033,100,99911,100,100045,100,99892,100,100102,100,99889,100,100152,100,99884,100,100196,100,99869,100,,,99865,100
2019-06-28 09:30:00.000000036,100020,100,99966,100,100024,200,99938,100,100025,100,99935,100,100033,100,99914,100,100045,100,99911,100,100102,100,99892,100,100152,100,99889,100,100196,100,99884,100,,,99869,100,,,99865,100
2019-06-28 09:30:00.000000037,100020,100,99966,100,100024,200,99938,100,100025,100,99935,100,100033,100,99914,100,100045,100,99911,100,100102,100,99892,100,100152,100,99889,100,100196,100,99884,100,100214,100,99869,100,,,99865,100
2019-06-28 09:30:00.000000038,100020,100,99977,100,100024,200,99966,100,100025,100,99938,100,100033,100,99935,100,100045,100,99914,100,100056,100,99911,100,100102,100,99892,100,100131,100,99889,100,100152,100,99884,100,100196,100,99869,100
2019-06-28 09:30:00.000000041,100020,100,99977,100,100024,200,99966,100,100025,100,99938,100,100033,100,99935,100,100045,100,99914,100,100056,100,99911,100,100102,100,99892,100,100131,100,99889,100,100152,100,99884,100,100166,100,99869,100
2019-06-28 09:30:00.000000042,100018,100,99977,100,100020,100,99966,100,100024,200,99955,100,100025,100,99938,100,100033,100,99935,100,100045,100,99914,100,100056,100,99911,100,100102,100,99892,100,100131,100,99889,100,100152,100,99884,100
2019-06-28 09:30:00.000000048,99995,100,99977,100,100018,200,99966,100,100020,100,99955,100,100024,200,99938,100,100025,100,99935,100,100033,100,99914,100,100045,100,99911,100,100056,100,99892,100,100102,100,99889,100,100131,100,99884,100
2019-06-28 09:30:00.000000049,100016,100,99977,100,100018,200,99966,100,100020,100,99955,100,100024,200,99938,100,100025,100,99935,100,100033,100,99914,100,100045,100,99911,100,100056,100,99892,100,100102,100,99889,100,100131,100,99884,100
2019-06-28 09:30:00.000000051,100016,100,99977,100,100018,200,99966,100,100020,100,99955,100,100024,200,99938,100,100025,100,99935,100,100033,100,99914,100,100045,100,99911,100,100056,100,99892,100,100084,100,99889,100,100102,100,99884,100
2019-06-28 09:30:00.000000053,99983,100,99977,100,100016,100,99966,100,100018,200,99955,100,100020,100,99938,100,100024,200,99935,100,100025,100,99914,100,100033,100,99911,100,100045,100,99892,100,100056,100,99889,100,100084,100,99884,100
2019-06-28 09:30:00.000000061,99983,100,99977,100,100016,100,99966,100,100018,200,99955,100,100020,100,99938,100,100024,200,99935,100,100025,100,99914,100,100033,100,99911,100,100045,100,99892,100,100056,100,99889,100,100084,100,99884,100
2019-06-28 09:30:00.000000062,99983,100,99977,100,100016,100,99966,100,100018,200,99955,100,100020,100,99938,100,100024,200,99935,100,100025,100,99914,100,100027,100,99911,100,100033,100,99892,100,100045,100,99889,100,100056,100,99884,100
2019-06-28 09:30:00.000000066,100016,100,99977,100,100018,200,99966,100,100020,100,99955,100,100024,200,99938,100,100025,100,99935,100,100027,100,99914,100,100033,100,99911,100,100045,100,99892,100,100056,100,99889,100,100084,100,99884,100
2019-06-28 09:30:00.000000068,100016,100,99977,100,100018,200,99966,100,100020,100,99955,100,100024,200,99938,100,100025,100,99935,100,100027,100,99914,100,100033,200,99911,100,100045,100,99892,100,100056,100,99889,100,100084,100,99884,100
2019-06-28 09:30:00.000000069,100016,100,99966,100,100018,200,99955,100,100020,100,99938,100,100024,200,99935,100,100025,100,99914,100,100027,100,99911,100,100033,200,99892,100,100045,100,99889,100,100056,100,99884,100,100084,100,99869,100
2019-06-28 09:30:00.000000070,100016,100,99977,100,100018,200,99966,100,100020,100,99955,100,100024,200,99938,100,100025,100,99935,100,100027,100,99914,100,100033,200,99911,100,100045,100,99892,100,100056,100,99889,100,100084,100,99884,100
2019-06-28 09:30:00.000000071,100018,200,99987,100,100020,100,99977,100,100024,200,99966,100,100025,100,99955,100,100027,100,99938,100,100033,200,99935,100,100045,100,99914,100,100056,100,99911,100,100084,100,99892,100,100102,100,99889,100
2019-06-28 09:30:00.000000072,100016,100,99987,100,100018,200,99977,100,100020,100,99966,100,100024,200,99965,100,100025,100,99955,100,100027,100,99938,100,100033,200,99935,100,100045,100,99914,100,100056,100,99911,100,100084,100,99892,100
2019-06-28 09:30:00.000000073,100016,100,100007,100,100018,200,99987,100,100020,100,99977,100,100024,200,99966,100,100025,100,99965,100,100027,100,99955,100,100033,200,99938,100,100045,100,99935,100,100056,100,99914,100,100084,100,99911,100
2019-06-28 09:30:00.000000075,100016,100,100007,100,100018,200,99987,100,100020,100,99977,100,100024,200,99966,100,100025,100,99965,100,100027,100,99955,100,100033,200,99938,100,100045,100,99935,100,100056,100,99914,100,100084,100,99911,100
2019-06-28 09:30:00.000000076,100016,100,100007,100,100018,200,100002,100,100020,100,99987,100,100024,200,99977,100,100025,100,99966,100,100027,100,99965,100,100033,200,99955,100,100045,100,99938,100,100056,100,99935,100,100074,100,99914,100
2019-06-28 09:30:00.000000079,100016,100,100007,100,100018,200,100002,100,100020,100,99987,100,100024,200,99977,100,100025,100,99966,100,100027,100,99965,100,100033,200,99955,100,100045,100,99938,100,100056,100,99935,100,100072,100,99914,100
2019-06-28 09:30:00.000000081,100016,100,100007,100,100018,200,100002,100,100020,100,99987,100,100024,200,99977,100,100025,100,99966,100,100027,100,99965,100,100033,200,99955,100,100045,100,99938,100,100056,100,99935,100,100072,100,99914,100
2019-06-28 09:30:00.000000083,100016,100,100007,100,100018,200,100002,100,100020,100,99987,100,100024,200,99977,100,100025,100,99966,100,100027,100,99965,100,100033,200,99955,100,100045,100,99938,100,100056,100,99935,100,100072,100,99914,100
2019-06-28 09:30:00.000000084,100016,100,100002,100,100018,200,99987,100,100020,100,99977,100,100024,200,99966,100,100025,100,99965,100,100027,100,99955,100,100033,200,99938,100,100045,100,99935,100,100056,100,99914,100,100072,100,99911,100
2019-06-28 09:30:00.000000087,100008,100,100002,100,100016,100,99987,100,100018,200,99977,100,100020,100,99966,100,100024,200,99965,100,100025,100,99955,100,100027,100,99938,100,100033,200,99935,100,100045,100,99914,100,100056,100,99911,100
2019-06-28 09:30:00.000000089,100008,100,100002,100,100015,100,99987,100,100016,100,99977,100,100018,200,99966,100,100020,100,99965,100,100024,200,99955,100,100025,100,99938,100,100027,100,99935,100,100033,200,99914,100,100045,100,99911,100
2019-06-28 09:30:00.000000090,100008,100,100002,100,100015,100,99987,100,100016,100,99977,100,100018,200,99966,100,100020,100,99965,100,100024,200,99958,100,100025,100,99955,100,100027,100,99938,100,100033,200,99935,100,100045,100,99914,100
2019-06-28 09:30:00.000000092,100008,100,100002,100,100015,100,99987,100,100016,100,99977,100,100018,200,99966,100,100020,100,99965,100,100024,200,99958,100,100025,100,99955,100,100027,100,99938,100,100033,200,99935,100,100045,100,99914,100
2019-06-28 09:30:00.000000093,100008,100,100002,100,100015,100,99987,100,100016,100,99977,100,100018,200,99966,100,100020,100,99965,100,100024,200,99958,100,100025,100,99955,100,100027,100,99938,100,100033,200,99935,100,100045,100,99914,100
2019-06-28 09:30:00.000000096,100008,100,99987,100,100015,100,99977,100,100016,100,99966,100,100018,200,99965,100,100020,100,99958,100,100024,200,99955,100,100025,100,99938,100,100027,100,99935,100,100033,200,99914,100,100045,100,99911,100
2019-06-28 09:30:00.000000098,100008,100,99996,100,100015,100,99987,100,100016,100,99977,100,100018,200,99966,100,100020,100,99965,100,100024,200,99958,100,100025,100,99955,100,100027,100,99938,100,100033,200,99935,100,100045,100,99914,100
2019-06-28 09:30:10.000000000,100008,268,99996,268,100015,268,99987,268,100016,100,99977,100,100018,200,99966,100,100020,100,99965,100,100024,200,99958,100,100025,100,99955,100,100027,100,99938,100,100033,200,99935,100,100045,100,99914,100
2019-06-28 09:30:20.000000000,100008,437,99996,437,100015,100,99987,100,100016,100,99977,100,100018,200,99966,100,100020,100,99965,100,100024,200,99958,100,100025,100,99955,100,100027,100,99938,100,100033,200,99935,100,100045,100,99914,100
2019-06-28 09:30:30.000000000,100008,268,99996,268,100015,268,99987,268,100016,100,99977,100,100018,200,99966,100,100020,100,99965,100,100024,200,99958,100,100025,100,99955,100,100027,100,99938,100,100033,200,99935,100,100045,100,99914,100
2019-06-28 09:30:35.224223449,100008,268,99996,268,100015,268,99987,268,100016,100,99977,100,100018,200,99966,100,100020,100,99965,100,100024,100,99958,100,100025,100,99955,100,100027,100,99938,100,100033,200,99935,100,100045,100,99914,100
2019-06-28 09:30:40.000000000,100008,215,99996,215,100015,211,99987,211,100016,211,99977,211,100018,200,99966,100,100020,100,99965,100,100024,100,99958,100,100025,100,99955,100,100027,100,99938,100,100033,200,99935,100,100045,100,99914,100
2019-06-28 09:30:46.796483589,100008,215,99996,115,100015,211,99987,211,100016,211,99977,211,100018,200,99966,100,100020,100,99965,100,100024,100,99958,100,100025,100,99955,100,100027,100,99938,100,100033,200,99935,100,100045,100,99914,100
2019-06-28 09:30:46.830696086,100002,100,99996,115,100008,215,99987,211,100015,111,99977,211,100016,211,99966,100,100018,200,99965,100,100020,100,99958,100,100024,100,99955,100,100025,100,99938,100,100027,100,99935,100,100033,200,99914,100
2019-06-28 09:30:50.000000000,100002,437,99987,437,100008,100,99977,100,100016,100,99966,100,100018,200,99965,100,100020,100,99958,100,100024,100,99955,100,100025,100,99938,100,100027,100,99935,100,100033,200,99914,100,100045,100,99911,100
2019-06-28 09:30:55.504904915,100002,437,99987,437,100008,100,99977,100,100016,100,99966,100,100018,200,99965,100,100020,100,99958,100,100024,100,99955,100,100025,100,99938,100,100027,100,99935,100,100033,200,99914,100,100045,100,99911,100
2019-06-28 09:31:00.000000000,100002,184,99987,184,100008,184,99977,184,100016,184,99966,184,100018,284,99965,184,100020,100,99958,100,100024,100,99955,100,100025,100,99938,100,100027,100,99935,100,100033,200,99914,100,100045,100,99911,100
2019-06-28 09:31:07.847510891,100002,284,99987,184,100008,184,99977,184,100016,184,99966,184,100018,284,99965,184,100020,100,99958,100,100024,100,99955,100,100025,100,99938,100,100027,100,99935,100,100033,200,99914,100,100045,100,99911,100
2019-06-28 09:31:07.910340318,100002,284,99987,184,100008,184,99977,184,100016,184,99966,184,100018,284,99965,184,100020,100,99958,100,100024,100,99955,100,100025,100,99938,100,100027,100,99935,100,100033,200,99914,100,100045,100,99911,100
2019-06-28 09:31:10.000000000,100002,284,99987,184,100008,184,99977,184,100016,184,99966,184,100018,284,99965,184,100020,100,99958,100,100024,100,99955,100,100025,100,99938,100,100027,100,99935,100,100033,200,99914,100,100045,100,99911,100
2019-06-28 09:31:20.000000000,100002,267,99987,167,100008,167,99977,167,100016,167,99966,167,100018,267,99965,167,100020,167,99958,167,100024,100,99955,100,100025,100,99938,100,100027,100,99935,100,100033,200,99914,100,100045,100,99911,100
2019-06-28 09:31:30.000000000,100002,537,99987,437,100008,100,99977,100,100016,100,99966,100,100018,200,99965,100,100020,100,99958,100,100024,100,99955,100,100025,100,99938,100,100027,100,99935,100,100033,200,99914,100,100045,100,99911,100
2019-06-28 09:31:40.000000000,100002,537,99987,437,100008,100,99977,100,100016,100,99966,100,100018,200,99965,100,100020,100,99958,100,100024,100,99955,100,100025,100,99938,100,100027,100,99935,100,100033,200,99914,100,100045,100,99911,100
2019-06-28 09:31:50.000000000,100002,537,99987,437,100008,100,99977,100,100016,100,99966,100,100018,200,99965,100,100020,100,99958,100,100024,100,99955,100,100025,100,99938,100,100027,100,99935,100,100033,200,99914,100,100045,100,99911,100
2019-06-28 09:31:50.786583697,100002,537,99987,437,100008,100,99977,100,100016,100,99966,100,100018,200,99965,100,100020,100,99958,100,100024,100,99955,100,100025,100,99938,100,100027,100,99914,100,100033,200,99911,100,100045,100,99909,100
2019-06-28 09:31:52.554316638,100002,537,99987,437,100008,100,99977,100,100016,100,99966,100,100018,200,99965,100,100020,100,99958,100,100024,100,99955,100,100025,100,99938,100,100027,100,99914,100,100033,200,99911,100,100045,100,99909,100
2019-06-28 09:32:00.000000000,100002,267,99987,167,100008,167,99977,167,100016,167,99966,167,100018,267,99965,167,100020,167,99958,167,100024,100,99955,100,100025,100,99938,100,100027,100,99914,100,100033,200,99911,100,100045,100,99909,100
2019-06-28 09:32:04.270590648,100002,267,99987,167,100008,167,99977,167,100016,167,99966,167,100018,267,99965,167,100020,167,99958,167,100024,100,99955,100,100025,100,99938,100,100027,100,99914,100,100033,200,99911,100,100045,100,99909,100
2019-06-28 09:32:10.000000000,100002,368,99987,268,100008,268,99977,268,100016,100,99966,100,100018,200,99965,100,100020,100,99958,100,100024,100,99955,100,100025,100,99938,100,100027,100,99914,100,100033,200,99911,100,100045,100,99909,100
2019-06-28 09:32:12.016184179,100002,368,99987,268,100008,268,99977,268,100016,100,99966,100,100018,200,99965,100,100020,100,99958,100,100024,100,99955,100,100025,100,99938,100,100027,100,99914,100,100033,200,99911,100,100045,100,99909,100
2019-06-28 09:32:20.000000000,100002,284,99987,184,100008,184,99977,184,100016,184,99966,184,100018,284,99965,184,100020,100,99958,100,100024,100,99955,100,100025,100,99938,100,100027,100,99914,100,100033,200,99911,100,100045,100,99909,100
2019-06-28 09:32:20.538444991,100002,284,99987,84,100008,184,99977,184,100016,184,99966,184,100018,284,99965,184,100020,100,99958,100,100024,100,99955,100,100025,100,99938,100,100027,100,99914,100,100033,200,99911,100,100045,100,99909,100
2019-06-28 09:32:20.689385769,100002,284,99987,84,100008,184,99977,184,100016,184,99966,184,100018,284,99965,184,100020,100,99958,100,100025,100,99955,100,100027,100,99938,100,100033,200,99914,100,100045,100,99911,100,100056,100,99909,100
2019-06-28 09:32:22.347768351,99987,16,99977,184,100002,284,99966,184,100008,184,99965,184,100016,184,99958,100,100018,284,99955,100,100020,100,99938,100,100025,100,99914,100,100027,100,99911,100,100033,200,99909,100,100045,100,99892,100
2019-06-28 09:32:30.000000000,99987,100,99977,184,100002,284,99966,184,100008,184,99965,184,100016,184,99958,184,100018,200,99955,100,100020,100,99938,100,100025,100,99914,100,100027,100,99911,100,100033,200,99909,100,100045,100,99892,100
2019-06-28 09:32:40.000000000,99987,184,99977,268,100002,368,99966,268,100008,100,99965,100,100016,100,99958,100,100018,200,99955,100,100020,100,99938,100,100025,100,99914,100,100027,100,99911,100,100033,200,99909,100,100045,100,99892,100
2019-06-28 09:32:50.000000000,99987,353,99977,437,100002,200,99966,100,100008,100,99965,100,100016,100,99958,100,100018,200,99955,100,100020,100,99938,100,100025,100,99914,100,100027,100,99911,100,100033,200,99909,100,100045,100,99892,100
2019-06-28 09:32:59.374507783,99987,353,99977,437,100002,200,99966,100,100008,100,99965,100,100016,100,99958,100,100018,100,99955,100,100020,100,99938,100,100025,100,99914,100,100027,100,99911,100,100033,200,99909,100,100045,100,99892,100
2019-06-28 09:33:00.000000000,99987,100,99977,184,100002,284,99966,184,100008,184,99965,184,100016,184,99958,184,100018,100,99955,100,100020,100,99938,100,100025,100,99914,100,100027,100,99911,100,100033,200,99909,100,100045,100,99892,100
2019-06-28 09:33:10.000000000,99987,131,99977,215,100002,311,99966,211,100008,211,99965,211,100016,100,99958,100,100018,100,99955,100,100020,100,99938,100,100025,100,99914,100,100027,100,99911,100,100033,200,99909,100,100045,100,99892,100
2019-06-28 09:33:10.384935461,99987,31,99977,215,100002,311,99966,211,100008,211,99965,211,100016,100,99958,100,100018,100,99955,100,100020,100,99938,100,100025,100,99914,100,100027,100,99911,100,100033,200,99909,100,100045,100,99892,100
2019-06-28 09:33:20.000000000,100002,368,99977,268,100008,268,99966,268,100016,100,99965,100,100018,100,99958,100,100020,100,99955,100,100025,100,99938,100,100027,100,99914,100,100033,200,99911,100,100045,100,99909,100,100056,100,99892,100
2019-06-28 09:33:27.901019699,100002,368,99987,100,100008,268,99977,268,100016,100,99966,268,100018,100,99965,100,100020,100,99958,100,100025,100,99955,100,100027,100,99938,100,100033,200,99914,100,100045,100,99911,100,100056,100,99909,100
2019-06-28 09:33:30.000000000,100002,368,99987,268,100008,268,99977,268,100016,100,99966,100,100018,100,99965,100,100020,100,99958,100,100025,100,99955,100,100027,100,99938,100,100033,200,99914,100,100045,100,99911,100,100056,100,99909,100
2019-06-28 09:33:32.316957118,100002,368,99987,368,100008,268,99977,268,100016,100,99966,100,100018,100,99965,100,100020,100,99958,100,100025,100,99955,100,100027,100,99938,100,100033,200,99914,100,100045,100,99911,100,100056,100,99909,100
2019-06-28 09:33:38.465033342,100002,368,99987,368,100008,268,99977,268,100016,100,99966,100,100018,100,99965,100,100020,100,99958,100,100025,100,99955,100,100027,100,99938,100,100033,200,99914,100,100045,100,99911,100,100056,100,99909,100
2019-06-28 09:33:40.000000000,100002,284,99987,284,100008,184,99977,184,100016,184,99966,184,100018,184,99965,184,100020,100,99958,100,100025,100,99955,100,100027,100,99938,100,100033,200,99914,100,100045,100,99911,100,100056,100,99909,100
2019-06-28 09:33:47.721829986,100002,184,99987,284,100008,184,99977,184,100016,184,99966,184,100018,184,99965,184,100020,100,99958,100,100025,100,99955,100,100027,100,99938,100,100033,200,99914,100,100045,100,99911,100,100056,100,99909,100
2019-06-28 09:33:48.295865800,100002,184,99987,284,100008,184,99977,84,100016,184,99966,184,100018,184,99965,184,100020,100,99958,100,100025,100,99955,100,100027,100,99938,100,100033,200,99914,100,100045,100,99911,100,100056,100,99909,100
2019-06-28 09:33:50.000000000,100002,437,99987,537,100008,100,99966,100,100016,100,99965,100,100018,100,99958,100,100020,100,99955,100,100025,100,99938,100,100027,100,99914,100,100033,200,99911,100,100045,100,99909,100,100056,100,99892,100
2019-06-28 09:33:55.672239874,100002,337,99987,537,100008,100,99966,100,100016,100,99965,100,100018,100,99958,100,100020,100,99955,100,100025,100,99938,100,100027,100,99914,100,100033,200,99911,100,100045,100,99909,100,100056,100,99892,100
2019-06-28 09:34:00.000000000,100008,167,99987,267,100016,167,99966,167,100018,167,99965,167,100020,167,99958,167,100025,167,99955,167,100027,100,99938,100,100033,200,99914,100,100045,100,99911,100,100056,100,99909,100,100071,100,99892,100
2019-06-28 09:34:06.749808370,100008,167,99987,267,100016,167,99966,167,100018,167,99965,167,100020,167,99958,167,100025,167,99955,167,100027,100,99938,100,100033,200,99914,100,100045,100,99911,100,100056,100,99909,100,100071,100,99892,100
2019-06-28 09:34:10.000000000,100008,215,99987,315,100016,211,99966,211,100018,211,99965,211,100020,100,99958,100,100025,100,99955,100,100027,100,99938,100,100033,200,99914,100,100045,100,99911,100,100056,100,99909,100,100071,100,99892,100
2019-06-28 09:34:18.430496031,100008,215,100004,100,100016,211,99987,315,100018,211,99966,211,100020,100,99965,211,100025,100,99958,100,100033,200,99955,100,100045,100,99938,100,100056,100,99914,100,100071,100,99911,100,100102,100,99909,100
2019-06-28 09:34:20.000000000,100008,437,100004,437,100016,100,99987,200,100018,100,99966,100,100020,100,99965,100,100025,100,99958,100,100033,200,99955,100,100045,100,99938,100,100056,100,99914,100,100071,100,99911,100,100102,100,99909,100
2019-06-28 09:34:24.257230560,100008,437,100004,437,100016,100,99987,200,100018,100,99966,100,100020,100,99965,100,100025,100,99958,100,100033,200,99955,100,100045,100,99938,100,100056,100,99914,100,100071,100,99911,100,100102,100,99909,100
2019-06-28 09:34:30.000000000,100008,184,100004,184,100016,184,99987,284,100018,184,99966,184,100020,184,99965,184,100025,100,99958,100,100033,200,99955,100,100045,100,99938,100,100056,100,99914,100,100071,100,99911,100,100102,100,99909,100
2019-06-28 09:34:40.000000000,100008,167,100004,167,100016,167,99987,267,100018,167,99966,167,100020,167,99965,167,100025,167,99958,167,100033,200,99955,100,100045,100,99938,100,100056,100,99914,100,100071,100,99911,100,100102,100,99909,100
2019-06-28 09:34:50.000000000,100008,215,100004,215,100016,211,99987,311,100018,211,99966,211,100020,100,99965,100,100025,100,99958,100,100033,200,99955,100,100045,100,99938,100,100056,100,99914,100,100071,100,99911,100,100102,100,99909,100
2019-06-28 09:35:00.000000000,100008,184,100004,184,100016,184,99987,284,100018,184,99966,184,100020,184,99965,184,100025,100,99958,100,100033,200,99955,100,100045,100,99938,100,100056,100,99914,100,100071,100,99911,100,100102,100,99909,100
2019-06-28 09:35:10.000000000,100008,215,100004,215,100016,211,99987,311,100018,211,99966,211,100020,100,99965,100,100025,100,99958,100,100033,200,99955,100,100045,100,99938,100,100056,100,99914,100,100071,100,99911,100,100102,100,99909,100
2019-06-28 09:35:20.000000000,100008,167,100004,167,100016,167,99987,267,100018,167,99966,167,100020,167,99965,167,100025,167,99958,167,100033,200,99955,100,100045,100,99938,100,100056,100,99914,100,100071,100,99911,100,100102,100,99909,100
2019-06-28 09:35:30.000000000,100008,184,100004,184,100016,184,99987,284,100018,184,99966,184,100020,184,99965,184,100025,100,99958,100,100033,200,99955,100,100045,100,99938,100,100056,100,99914,100,100071,100,99911,100,100102,100,99909,100
2019-06-28 09:35:40.000000000,100008,184,100004,184,100016,184,99987,284,100018,184,99966,184,100020,184,99965,184,100025,100,99958,100,100033,200,99955,100,100045,100,99938,100,100056,100,99914,100,100071,100,99911,100,100102,100,99909,100
2019-06-28 09:35:50.000000000,100008,215,100004,215,100016,211,99987,311,100018,211,99966,211,100020,100,99965,100,100025,100,99958,100,100033,200,99955,100,100045,100,99938,100,100056,100,99914,100,100071,100,99911,100,100102,100,99909,100
2019-06-28 09:36:00.000000000,100008,215,100004,215,100016,211,99987,311,100018,211,99966,211,100020,100,99965,100,100025,100,99958,100,100033,200,99955,100,100045,100,99938,100,100056,100,99914,100,100071,100,99911,100,100102,100,99909,100
2019-06-28 09:36:10.000000000,100008,215,100004,215,100016,211,99987,311,100018,211,99966,211,100020,100,99965,100,100025,100,99958,100,100033,200,99955,100,100045,100,99938,100,100056,100,99914,100,100071,100,99911,100,100102,100,99909,100
2019-06-28 09:36:12.219883959,100008,215,100004,115,100016,211,99987,311,100018,211,99966,211,100020,100,99965,100,100025,100,99958,100,100033,200,99955,100,100045,100,99938,100,100056,100,99914,100,100071,100,99911,100,100102,100,99909,100
2019-06-28 09:36:20.000000000,100008,437,99987,537,100016,100,99966,100,100018,100,99965,100,100020,100,99958,100,100025,100,99955,100,100033,200,99938,100,100045,100,99914,100,100056,100,99911,100,100071,100,99909,100,100102,100,99892,100
2019-06-28 09:36:26.985764337,100001,100,99987,537,100008,437,99966,100,100016,100,99965,100,100018,100,99958,100,100020,100,99955,100,100025,100,99938,100,100033,200,99914,100,100045,100,99911,100,100056,100,99909,100,100071,100,99892,100
2019-06-28 09:36:28.140724803,100001,100,99987,437,100008,437,99966,100,100016,100,99965,100,100018,100,99958,100,100020,100,99955,100,100025,100,99938,100,100033,200,99914,100,100045,100,99911,100,100056,100,99909,100,100071,100,99892,100
2019-06-28 09:36:30.000000000,100001,215,99987,215,100008,211,99966,211,100016,211,99965,211,100018,100,99958,100,100020,100,99955,100,100025,100,99938,100,100033,200,99914,100,100045,100,99911,100,100056,100,99909,100,100071,100,99892,100
2019-06-28 09:36:40.000000000,100001,437,99987,437,100008,100,99966,100,100016,100,99965,100,100018,100,99958,100,100020,100,99955,100,100025,100,99938,100,100033,200,99914,100,100045,100,99911,100,100056,100,99909,100,100071,100,99892,100
2019-06-28 09:36:50.000000000,100001,184,99987,184,100008,184,99966,184,100016,184,99965,184,100018,184,99958,184,100020,100,99955,100,100025,100,99938,100,100033,200,99914,100,100045,100,99911,100,100056,100,99909,100,100071,100,99892,100
2019-06-28 09:36:53.535983178,100000,100,99987,184,100001,184,99966,184,100008,184,99965,184,100016,184,99958,184,100018,184,99955,100,100020,100,99938,100,100025,100,99914,100,100033,200,99911,100,100045,100,99909,100,100056,100,99892,100
2019-06-28 09:36:54.112994367,100000,100,99987,184,100001,184,99966,184,100008,184,99965,184,100016,184,99958,184,100018,184,99955,100,100020,100,99938,100,100025,100,99914,100,100033,100,99911,100,100045,100,99909,100,100056,100,99892,100
2019-06-28 09:37:00.000000000,100000,268,99987,268,100001,268,99966,268,100008,100,99965,100,100016,100,99958,100,100018,100,99955,100,100020,100,99938,100,100025,100,99914,100,100033,100,99911,100,100045,100,99909,100,100056,100,99892,100
2019-06-28 09:37:10.000000000,100000,437,99987,437,100001,100,99966,100,100008,100,99965,100,100016,100,99958,100,100018,100,99955,100,100020,100,99938,100,100025,100,99914,100,100033,100,99911,100,100045,100,99909,100,100056,100,99892,100
2019-06-28 09:37:20.000000000,100000,167,99987,167,100001,167,99966,167,100008,167,99965,167,100016,167,99958,167,100018,167,99955,167,100020,100,99938,100,100025,100,99914,100,100033,100,99911,100,100045,100,99909,100,100056,100,99892,100
2019-06-28 09:37:25.631073412,100000,167,99987,67,100001,167,99966,167,100008,167,99965,167,100016,167,99958,167,100018,167,99955,167,100020,100,99938,100,100025,100,99914,100,100033,100,99911,100,100045,100,99909,100,100056,100,99892,100
2019-06-28 09:37:30.000000000,100000,184,99966,184,100001,184,99965,184,100008,184,99958,184,100016,184,99955,184,100018,100,99938,100,100020,100,99914,100,100025,100,99911,100,100033,100,99909,100,100045,100,99892,100,100056,100,99884,100
2019-06-28 09:37:33.199361733,100000,184,99966,184,100001,184,99965,184,100008,184,99958,184,100016,184,99955,184,100018,100,99938,100,100020,100,99914,100,100025,100,99911,100,100033,100,99909,100,100045,100,99892,100,100056,100,99884,100
2019-06-28 09:37:39.406229578,100000,184,99966,184,100001,184,99965,184,100008,184,99958,184,100016,184,99955,184,100018,100,99938,100,100020,100,99914,100,100025,100,99911,100,100033,100,99909,100,100045,100,99892,100,100056,100,99884,100
2019-06-28 09:37:39.885372309,100000,184,99966,184,100001,184,99965,184,100008,84,99958,184,100016,184,99955,184,100018,100,99938,100,100020,100,99914,100,100025,100,99911,100,100033,100,99909,100,100045,100,99892,100,100056,100,99884,100
2019-06-28 09:37:40.000000000,100000,184,99966,184,100001,184,99965,184,100016,184,99958,184,100018,184,99955,184,100020,100,99938,100,100025,100,99914,100,100033,100,99911,100,100045,100,99909,100,100056,100,99892,100,100071,100,99884,100
2019-06-28 09:37:46.460074827,100000,184,99966,84,100001,184,99965,184,100016,184,99958,184,100018,184,99955,184,100020,100,99938,100,100025,100,99914,100,100033,100,99911,100,100045,100,99909,100,100056,100,99892,100,100071,100,99884,100
2019-06-28 09:37:50.000000000,100000,215,99965,215,100001,211,99958,211,100016,211,99955,211,100018,100,99938,100,100020,100,99914,100,100025,100,99911,100,100033,100,99909,100,100045,100,99892,100,100056,100,99884,100,100071,100,99869,100
2019-06-28 09:37:50.124329823,100000,215,99965,115,100001,211,99958,211,100016,211,99955,211,100018,100,99938,100,100020,100,99914,100,100025,100,99911,100,100033,100,99909,100,100045,100,99892,100,100056,100,99884,100,100102,100,99869,100
2019-06-28 09:37:53.643526401,100000,215,99965,115,100001,211,99958,211,100016,211,99955,211,100018,100,99938,100,100020,100,99914,100,100025,100,99911,100,100033,100,99909,100,100056,100,99892,100,100102,100,99884,100,100123,100,99869,100
2019-06-28 09:37:57.117264970,99966,100,99965,115,100000,215,99958,211,100001,211,99955,211,100016,211,99938,100,100018,100,99914,100,100020,100,99911,100,100025,100,99909,100,100033,100,99892,100,100056,100,99884,100,100102,100,99869,100
2019-06-28 09:38:00.000000000,99966,215,99958,215,100000,211,99955,211,100001,211,99938,211,100016,100,99914,100,100018,100,99911,100,100020,100,99909,100,100025,100,99892,100,100033,100,99884,100,100056,100,99869,100,100102,100,99865,100
2019-06-28 09:38:10.000000000,99966,167,99958,167,100000,167,99955,167,100001,167,99938,167,100016,167,99914,167,100018,167,99911,167,100020,100,99909,100,100025,100,99892,100,100033,100,99884,100,100056,100,99869,100,100102,100,99865,100
2019-06-28 09:38:17.125089359,99966,167,99958,167,100000,167,99955,167,100001,167,99938,167,100016,167,99914,167,100018,167,99911,167,100020,100,99909,100,100025,100,99884,100,100033,100,99869,100,100056,100,99865,100,100102,100,99864,100
2019-06-28 09:38:20.000000000,99966,184,99958,184,100000,184,99955,184,100001,184,99938,184,100016,184,99914,184,100018,100,99911,100,100020,100,99909,100,100025,100,99884,100,100033,100,99869,100,100056,100,99865,100,100102,100,99864,100
2019-06-28 09:38:30.000000000,99966,268,99958,268,100000,268,99955,268,100001,100,99938,100,100016,100,99914,100,100018,100,99911,100,100020,100,99909,100,100025,100,99884,100,100033,100,99869,100,100056,100,99865,100,100102,100,99864,100
2019-06-28 09:38:30.125388375,99966,268,99958,168,100000,268,99955,268,100001,100,99938,100,100016,100,99914,100,100018,100,99911,100,100020,100,99909,100,100025,100,99884,100,100033,100,99869,100,100056,100,99865,100,100102,100,99864,100
2019-06-28 09:38:40.000000000,99966,437,99955,437,100000,100,99938,100,100001,100,99914,100,100016,100,99911,100,100018,100,99909,100,100020,100,99884,100,100025,100,99869,100,100033,100,99865,100,100056,100,99864,100,100102,100,99862,100
2019-06-28 09:38:50.000000000,99966,215,99955,215,100000,211,99938,211,100001,211,99914,211,100016,100,99911,100,100018,100,99909,100,100020,100,99884,100,100025,100,99869,100,100033,100,99865,100,100056,100,99864,100,100102,100,99862,100
2019-06-28 09:38:50.854482516,99965,100,99955,215,99966,215,99938,211,100000,211,99914,211,100001,211,99911,100,100016,100,99909,100,100020,100,99884,100,100025,100,99869,100,100033,100,99865,100,100056,100,99864,100,100102,100,99862,100
2019-06-28 09:39:00.000000000,99965,167,99955,167,99966,167,99938,167,100000,167,99914,167,100001,167,99911,167,100016,167,99909,167,100020,100,99884,100,100025,100,99869,100,100033,100,99865,100,100056,100,99864,100,100102,100,99862,100
2019-06-28 09:39:09.040959863,99965,167,99955,167,99966,167,99938,167,100000,167,99914,167,100001,167,99911,167,100016,167,99909,167,100020,100,99884,100,100025,100,99869,100,100033,100,99865,100,100056,100,99864,100,100102,100,99862,100
2019-06-28 09:39:10.000000000,99965,167,99955,167,99966,167,99938,167,100000,167,99914,167,100001,167,99911,167,100016,167,99909,167,100020,100,99884,100,100025,100,99869,100,100033,100,99865,100,100056,100,99864,100,100102,100,99862,100
2019-06-28 09:39:12.484128881,99965,167,99955,67,99966,167,99938,167,100000,167,99914,167,100001,167,99911,167,100016,167,99909,167,100020,100,99884,100,100025,100,99869,100,100033,100,99865,100,100056,100,99864,100,100102,100,99862,100
2019-06-28 09:39:18.372001418,99958,100,99955,67,99965,167,99938,167,99966,167,99914,167,100000,167,99911,167,100001,167,99909,167,100016,167,99884,100,100020,100,99869,100,100025,100,99865,100,100033,100,99864,100,100056,100,99774,100
2019-06-28 09:39:20.000000000,99958,184,99938,184,99965,184,99914,184,99966,184,99911,184,100000,184,99909,184,100001,100,99884,100,100016,100,99869,100,100020,100,99865,100,100025,100,99864,100,100033,100,99774,100,100056,100,99635,100
2019-06-28 09:39:30.000000000,99958,167,99938,167,99965,167,99914,167,99966,167,99911,167,100000,167,99909,167,100001,167,99884,167,100016,100,99869,100,100020,100,99865,100,100025,100,99864,100,100033,100,99774,100,100056,100,99635,100
2019-06-28 09:39:40.000000000,99958,184,99938,184,99965,184,99914,184,99966,184,99911,184,100000,184,99909,184,100001,100,99884,100,100016,100,99869,100,100020,100,99865,100,100025,100,99864,100,100033,100,99774,100,100056,100,99635,100
2019-06-28 09:39:49.891055739,99958,184,99938,184,99965,184,99914,184,99966,184,99911,184,100000,184,99909,184,100001,100,99884,100,100016,100,99869,100,100020,100,99865,100,100025,100,99864,100,100033,100,99774,100,100056,100,99635,100
2019-06-28 09:39:50.000000000,99958,167,99938,167,99965,167,99914,167,99966,167,99911,167,100000,167,99909,167,100001,167,99884,167,100016,100,99869,100,100020,100,99865,100,100025,100,99864,100,100033,100,99774,100,100056,100,99635,100
2019-06-28 09:39:54.924115520,99958,167,99938,67,99965,167,99914,167,99966,167,99911,167,100000,167,99909,167,100001,167,99884,167,100016,100,99869,100,100020,100,99864,100,100025,100,99774,100,100033,100,99635,100,100056,100,99616,100
2019-06-28 09:40:00.000000000,99958,184,99914,184,99965,184,99911,184,99966,184,99909,184,100000,184,99884,184,100001,100,99869,100,100016,100,99864,100,100020,100,99774,100,100025,100,99635,100,100033,100,99616,100,100056,100,99518,100
2019-06-28 09:40:02.466435488,99958,184,99914,184,99965,184,99911,184,99966,184,99909,184,100000,184,99884,184,100001,100,99869,100,100016,100,99864,100,100025,100,99774,100,100033,100,99635,100,100056,100,99616,100,100102,100,99518,100
2019-06-28 09:40:04.226476875,99958,184,99914,184,99965,184,99911,184,99966,184,99909,184,100000,184,99884,184,100001,100,99869,100,100016,100,99864,100,100025,100,99774,100,100033,100,99635,100,100056,100,99616,100,100102,100,99518,100
2019-06-28 09:40:10.000000000,99958,167,99914,167,99965,167,99911,167,99966,167,99909,167,100000,167,99884,167,100001,167,99869,167,100016,100,99864,100,100025,100,99774,100,100033,100,99635,100,100056,100,99616,100,100102,100,99518,100
2019-06-28 09:40:20.000000000,99958,215,99914,215,99965,211,99911,211,99966,211,99909,211,100000,100,99884,100,100001,100,99869,100,100016,100,99864,100,100025,100,99774,100,100033,100,99635,100,100056,100,99616,100,100102,100,99518,100
2019-06-28 09:40:30.000000000,99958,184,99914,184,99965,184,99911,184,99966,184,99909,184,100000,184,99884,184,100001,100,99869,100,100016,100,99864,100,100025,100,99774,100,100033,100,99635,100,100056,100,99616,100,100102,100,99518,100
2019-06-28 09:40:35.637811376,99958,184,99914,184,99965,184,99911,184,99966,184,99909,184,100000,184,99884,184,100001,100,99869,100,100016,100,99864,100,100025,100,99774,100,100033,100,99702,100,100056,100,99635,100,100102,100,99616,100
2019-06-28 09:40:36.089016225,99958,184,99914,84,99965,184,99911,184,99966,184,99909,184,100000,184,99884,184,100001,100,99869,100,100016,100,99864,100,100025,100,99774,100,100033,100,99702,100,100056,100,99635,100,100123,100,99616,100
2019-06-28 09:40:40.000000000,99958,184,99911,184,99965,184,99909,184,99966,184,99884,184,100000,184,99869,184,100001,100,99864,100,100016,100,99774,100,100025,100,99702,100,100033,100,99635,100,100056,100,99616,100,100123,100,99518,100
2019-06-28 09:40:50.000000000,99958,167,99911,167,99965,167,99909,167,99966,167,99884,167,100000,167,99869,167,100001,167,99864,167,100016,100,99774,100,100025,100,99702,100,100033,100,99635,100,100056,100,99616,100,100123,100,99518,100
2019-06-28 09:40:58.090910216,99958,167,99911,67,99965,167,99909,167,99966,167,99884,167,100000,167,99869,167,100001,167,99864,167,100016,100,99774,100,100025,100,99702,100,100033,100,99635,100,100056,100,99616,100,100123,100,99518,100
2019-06-28 09:41:00.000000000,99958,184,99909,184,99965,184,99884,184,99966,184,99869,184,100000,184,99864,184,100001,100,99774,100,100016,100,99702,100,100025,100,99635,100,100033,100,99616,100,100056,100,99518,100,100123,100,99474,100
2019-06-28 09:41:02.657091248,99958,184,99909,84,99965,184,99884,184,99966,184,99869,184,100000,184,99864,184,100001,100,99774,100,100016,100,99702,100,100025,100,99635,100,100033,100,99616,100,100056,100,99518,100,100123,100,99474,100
2019-06-28 09:41:08.488865896,99909,16,99884,184,99958,184,99869,184,99965,184,99864,184,99966,184,99774,100,100000,184,99702,100,100001,100,99635,100,100016,100,99616,100,100025,100,99518,100,100033,100,99474,100,100056,100,99431,100
2019-06-28 09:41:09.176073344,99909,16,99884,184,99958,184,99869,184,99965,184,99864,184,99966,184,99774,100,100000,184,99702,100,100001,100,99635,100,100016,100,99616,100,100025,100,99518,100,100033,100,99474,100,100056,100,99446,100
2019-06-28 09:41:10.000000000,99909,353,99884,437,99958,100,99869,100,99965,100,99864,100,99966,100,99774,100,100000,100,99702,100,100001,100,99635,100,100016,100,99616,100,100025,100,99518,100,100033,100,99474,100,100056,100,99446,100
2019-06-28 09:41:20.000000000,99909,184,99884,268,99958,268,99869,268,99965,100,99864,100,99966,100,99774,100,100000,100,99702,100,100001,100,99635,100,100016,100,99616,100,100025,100,99518,100,100033,100,99474,100,100056,100,99446,100
2019-06-28 09:41:30.000000000,99909,100,99884,184,99958,184,99869,184,99965,184,99864,184,99966,184,99774,184,100000,100,99702,100,100001,100,99635,100,100016,100,99616,100,100025,100,99518,100,100033,100,99474,100,100056,100,99446,100
2019-06-28 09:41:40.000000000,99909,83,99884,167,99958,167,99869,167,99965,167,99864,167,99966,167,99774,167,100000,167,99702,167,100001,100,99635,100,100016,100,99616,100,100025,100,99518,100,100033,100,99474,100,100056,100,99446,100
2019-06-28 09:41:40.513640619,99909,83,99884,67,99958,167,99869,167,99965,167,99864,167,99966,167,99774,167,100000,167,99702,167,100001,100,99635,100,100016,100,99616,100,100025,100,99518,100,100033,100,99474,100,100056,100,99446,100
2019-06-28 09:41:41.395370115,99908,100,99884,67,99909,83,99869,167,99958,167,99864,167,99965,167,99774,167,99966,167,99702,167,100000,167,99635,100,100001,100,99616,100,100016,100,99518,100,100025,100,99474,100,100033,100,99446,100
2019-06-28 09:41:47.827286536,99908,200,99884,67,99909,83,99869,167,99958,167,99864,167,99965,167,99774,167,99966,167,99702,167,100000,167,99635,100,100001,100,99616,100,100016,100,99518,100,100025,100,99474,100,100033,100,99446,100
2019-06-28 09:41:50.000000000,99908,315,99869,215,99909,127,99864,211,99958,211,99774,211,99965,100,99702,100,99966,100,99635,100,100000,100,99616,100,100001,100,99518,100,100016,100,99474,100,100025,100,99446,100,100033,100,99431,100
2019-06-28 09:42:00.000000000,99908,267,99869,167,99909,83,99864,167,99958,167,99774,167,99965,167,99702,167,99966,167,99635,167,100000,100,99616,100,100001,100,99518,100,100016,100,99474,100,100025,100,99446,100,100033,100,99431,100
2019-06-28 09:42:10.000000000,99908,368,99869,268,99909,184,99864,268,99958,100,99774,100,99965,100,99702,100,99966,100,99635,100,100000,100,99616,100,100001,100,99518,100,100016,100,99474,100,100025,100,99446,100,100033,100,99431,100
2019-06-28 09:42:10.122487958,99908,468,99869,268,99909,184,99864,268,99958,100,99774,100,99965,100,99702,100,99966,100,99635,100,100000,100,99616,100,100001,100,99518,100,100016,100,99474,100,100025,100,99446,100,100033,100,99431,100
2019-06-28 09:42:14.742008431,99908,468,99869,268,99909,184,99864,268,99958,100,99774,100,99965,100,99702,100,99966,100,99635,100,100000,100,99616,100,100001,100,99518,100,100016,100,99474,100,100025,100,99446,100,100033,100,99431,100
2019-06-28 09:42:20.000000000,99908,367,99869,167,99909,83,99864,167,99958,167,99774,167,99965,167,99702,167,99966,167,99635,167,100000,100,99616,100,100001,100,99518,100,100016,100,99474,100,100025,100,99446,100,100033,100,99431,100
2019-06-28 09:42:26.125931796,99908,367,99869,67,99909,83,99864,167,99958,167,99774,167,99965,167,99702,167,99966,167,99635,167,100000,100,99616,100,100001,100,99474,100,100016,100,99446,100,100025,100,99431,100,100033,100,99417,100
2019-06-28 09:42:26.855594207,99908,367,99869,67,99909,83,99864,167,99958,167,99774,167,99965,167,99702,167,99966,167,99635,167,100000,100,99616,100,100001,100,99474,100,100016,100,99446,100,100025,100,99431,100,100033,100,99417,100
2019-06-28 09:42:30.000000000,99908,367,99864,167,99909,83,99774,167,99958,167,99702,167,99965,167,99635,167,99966,167,99616,167,100000,100,99474,100,100001,100,99446,100,100016,100,99431,100,100025,100,99417,100,100033,100,99310,100
2019-06-28 09:42:40.000000000,99908,415,99864,215,99909,127,99774,211,99958,211,99702,211,99965,100,99635,100,99966,100,99616,100,100000,100,99474,100,100001,100,99446,100,100016,100,99431,100,100025,100,99417,100,100033,100,99310,100
2019-06-28 09:42:50.000000000,99908,384,99864,184,99909,100,99774,184,99958,184,99702,184,99965,184,99635,184,99966,100,99616,100,100000,100,99474,100,100001,100,99446,100,100016,100,99431,100,100025,100,99417,100,100033,100,99310,100
2019-06-28 09:43:00.000000000,99908,468,99864,268,99909,184,99774,268,99958,100,99702,100,99965,100,99635,100,99966,100,99616,100,100000,100,99474,100,100001,100,99446,100,100016,100,99431,100,100025,100,99417,100,100033,100,99310,100
2019-06-28 09:43:10.000000000,99908,384,99864,184,99909,100,99774,184,99958,184,99702,184,99965,184,99635,184,99966,100,99616,100,100000,100,99474,100,100001,100,99446,100,100016,100,99431,100,100025,100,99417,100,100033,100,99310,100
2019-06-28 09:43:20.000000000,99908,637,99864,437,99909,16,99774,100,99958,100,99702,100,99965,100,99635,100,99966,100,99616,100,100000,100,99474,100,100001,100,99446,100,100016,100,99431,100,100025,100,99417,100,100033,100,99310,100
2019-06-28 09:43:26.305184895,99908,637,99864,437,99909,16,99774,100,99958,100,99702,100,99965,100,99635,100,99966,100,99616,100,100000,100,99474,100,100001,100,99446,100,100016,100,99431,100,100025,100,99417,100,100033,100,99310,100
2019-06-28 09:43:30.000000000,99908,415,99864,215,99909,127,99774,211,99958,211,99702,211,99965,100,99635,100,99966,100,99616,100,100000,100,99474,100,100001,100,99446,100,100016,100,99431,100,100025,100,99417,100,100033,100,99310,100
2019-06-28 09:43:32.821957041,99908,415,99864,215,99909,127,99774,211,99958,211,99702,211,99965,100,99635,100,99966,100,99616,100,100000,100,99474,100,100001,100,99446,100,100016,100,99431,100,100025,100,99417,100,100033,100,99310,100
2019-06-28 09:43:40.000000000,99908,468,99864,268,99909,184,99774,268,99958,100,99702,100,99965,100,99635,100,99966,100,99616,100,100000,100,99474,100,100001,100,99446,100,100016,100,99431,100,100025,100,99417,100,100033,100,99310,100
2019-06-28 09:43:50.000000000,99908,468,99864,268,99909,184,99774,268,99958,100,99702,100,99965,100,99635,100,99966,100,99616,100,100000,100,99474,100,100001,100,99446,100,100016,100,99431,100,100025,100,99417,100,100033,100,99310,100
2019-06-28 09:43:59.208740621,99908,368,99864,268,99909,184,99774,268,99958,100,99702,100,99965,100,99635,100,99966,100,99616,100,100000,100,99474,100,100001,100,99446,100,100016,100,99431,100,100025,100,99417,100,100033,100,99310,100
2019-06-28 09:44:00.000000000,99908,315,99864,215,99909,127,99774,211,99958,211,99702,211,99965,100,99635,100,99966,100,99616,100,100000,100,99474,100,100001,100,99446,100,100016,100,99431,100,100025,100,99417,100,100033,100,99310,100
2019-06-28 09:44:03.280984844,99908,315,99864,215,99909,127,99774,211,99958,211,99702,211,99965,100,99635,100,99966,100,99616,100,100000,100,99474,100,100001,100,99446,100,100016,100,99431,100,100025,100,99417,100,100033,100,99310,100
2019-06-28 09:44:10.000000000,99908,267,99864,167,99909,83,99774,167,99958,167,99702,167,99965,167,99635,167,99966,167,99616,167,100000,100,99474,100,100001,100,99446,100,100016,100,99431,100,100025,100,99417,100,100033,100,99310,100
2019-06-28 09:44:20.000000000,99908,284,99864,184,99909,100,99774,184,99958,184,99702,184,99965,184,99635,184,99966,100,99616,100,100000,100,99474,100,100001,100,99446,100,100016,100,99431,100,100025,100,99417,100,100033,100,99310,100
2019-06-28 09:44:30.000000000,99908,315,99864,215,99909,127,99774,211,99958,211,99702,211,99965,100,99635,100,99966,100,99616,100,100000,100,99474,100,100001,100,99446,100,100016,100,99431,100,100025,100,99417,100,100033,100,99310,100
2019-06-28 09:44:40.000000000,99908,315,99864,215,99909,127,99774,211,99958,211,99702,211,99965,100,99635,100,99966,100,99616,100,100000,100,99474,100,100001,100,99446,100,100016,100,99431,100,100025,100,99417,100,100033,100,99310,100
2019-06-28 09:44:42.803791432,99908,315,99864,215,99909,127,99774,211,99958,211,99702,211,99965,100,99635,100,99966,100,99616,100,100000,100,99474,100,100001,100,99446,100,100016,100,99431,100,100025,100,99417,100,100033,100,99310,100
2019-06-28 09:44:50.000000000,99908,284,99864,184,99909,100,99774,184,99958,184,99702,184,99965,184,99635,184,99966,100,99616,100,100000,100,99474,100,100001,100,99446,100,100016,100,99431,100,100025,100,99417,100,100033,100,99310,100
2019-06-28 09:44:58.742991138,99908,284,99864,184,99909,100,99774,184,99958,184,99702,184,99965,184,99635,184,99966,100,99616,100,100000,100,99474,100,100001,100,99446,100,100016,100,99417,100,100025,100,99310,100,100033,100,99305,100
2019-06-28 09:45:00.000000000,99908,368,99864,268,99909,184,99774,268,99958,100,99702,100,99965,100,99635,100,99966,100,99616,100,100000,100,99474,100,100001,100,99446,100,100016,100,99417,100,100025,100,99310,100,100033,100,99305,100
2019-06-28 09:45:00.502119129,99908,368,99864,268,99909,184,99774,268,99958,100,99702,100,99965,100,99635,100,99966,100,99616,100,100000,100,99474,100,100001,100,99446,100,100016,100,99417,100,100025,100,99310,100,100033,100,99305,100
2019-06-28 09:45:01.733079771,99908,368,99864,268,99909,184,99774,268,99958,100,99702,100,99965,100,99635,100,99966,100,99616,100,100000,100,99474,100,100001,100,99446,100,100016,100,99417,100,100025,100,99310,100,100033,100,99305,100
2019-06-28 09:45:07.209336041,99908,368,99864,168,99909,184,99774,268,99958,100,99702,100,99965,100,99635,100,99966,100,99616,100,100000,100,99474,100,100001,100,99446,100,100016,100,99417,100,100025,100,99305,100,100033,100,99285,100
2019-06-28 09:45:10.000000000,99908,315,99774,215,99909,127,99702,211,99958,211,99635,211,99965,100,99616,100,99966,100,99474,100,100000,100,99446,100,100001,100,99417,100,100016,100,99305,100,100025,100,99285,100,100033,100,99220,100
2019-06-28 09:45:19.771493355,99908,315,99774,15,99909,127,99702,211,99958,211,99635,211,99965,100,99616,100,99966,100,99474,100,100000,100,99446,100,100001,100,99417,100,100016,100,99305,100,100025,100,99285,100,100033,100,99220,100
2019-06-28 09:45:20.000000000,99908,315,99702,215,99909,127,99635,211,99958,211,99616,211,99965,100,99474,100,99966,100,99446,100,100000,100,99417,100,100001,100,99305,100,100016,100,99285,100,100025,100,99220,100,100033,100,99136,100
2019-06-28 09:45:22.554379788,99908,315,99702,215,99909,127,99635,211,99958,211,99616,211,99965,100,99474,100,99966,100,99446,100,100000,100,99417,100,100001,100,99305,100,100016,100,99285,100,100025,100,99220,100,100033,100,99136,100
2019-06-28 09:45:30.000000000,99908,267,99702,167,99909,83,99635,167,99958,167,99616,167,99965,167,99474,167,99966,167,99446,167,100000,100,99417,100,100001,100,99305,100,100016,100,99285,100,100025,100,99220,100,100033,100,99136,100
2019-06-28 09:45:30.926983699,99864,100,99702,167,99908,267,99635,167,99909,83,99616,167,99958,67,99474,167,99965,167,99446,167,99966,167,99417,100,100000,100,99305,100,100001,100,99285,100,100016,100,99220,100,100025,100,99136,100
2019-06-28 09:45:40.000000000,99864,268,99702,268,99908,368,99635,268,99909,16,99616,100,99965,100,99474,100,99966,100,99446,100,100000,100,99417,100,100001,100,99305,100,100016,100,99285,100,100025,100,99220,100,100033,100,99136,100
2019-06-28 09:45:46.202000924,99864,268,99702,268,99908,368,99635,268,99909,16,99616,100,99965,100,99474,100,99966,100,99446,100,100000,100,99417,100,100016,100,99305,100,100025,100,99285,100,100033,100,99220,100,100056,100,99136,100
2019-06-28 09:45:50.000000000,99864,184,99702,184,99908,284,99635,184,99909,100,99616,184,99965,184,99474,184,99966,100,99446,100,100000,100,99417,100,100016,100,99305,100,100025,100,99285,100,100033,100,99220,100,100056,100,99136,100
2019-06-28 09:46:00.000000000,99864,437,99702,437,99908,200,99635,100,99909,16,99616,100,99965,100,99474,100,99966,100,99446,100,100000,100,99417,100,100016,100,99305,100,100025,100,99285,100,100033,100,99220,100,100056,100,99136,100
2019-06-28 09:46:10.000000000,99864,167,99702,167,99908,267,99635,167,99909,83,99616,167,99965,167,99474,167,99966,167,99446,167,100000,100,99417,100,100016,100,99305,100,100025,100,99285,100,100033,100,99220,100,100056,100,99136,100
2019-06-28 09:46:18.730275049,99864,167,99702,167,99908,267,99635,167,99909,83,99616,167,99965,167,99474,167,99966,167,99446,167,100000,100,99417,100,100016,100,99305,100,100033,100,99285,100,100056,100,99220,100,100180,100,99136,100
2019-06-28 09:46:20.000000000,99864,437,99702,437,99908,200,99635,100,99909,16,99616,100,99965,100,99474,100,99966,100,99446,100,100000,100,99417,100,100016,100,99305,100,100033,100,99285,100,100056,100,99220,100,100180,100,99136,100
2019-06-28 09:46:22.935489327,99864,437,99702,437,99908,200,99635,100,99965,100,99616,100,99966,100,99474,100,100000,100,99446,100,100016,100,99417,100,100033,100,99349,100,100056,100,99305,100,100180,100,99285,100,100214,100,99220,100
2019-06-28 09:46:28.459289930,99864,437,99702,437,99908,200,99635,100,99965,100,99616,100,99966,100,99474,100,100000,100,99446,100,100016,100,99417,100,100033,100,99349,100,100056,100,99305,100,100180,100,99220,100,100214,100,99199,100
2019-06-28 09:46:29.498870758,99864,437,99702,437,99908,200,99635,100,99965,100,99616,100,99966,100,99485,100,100000,100,99474,100,100016,100,99446,100,100033,100,99417,100,100056,100,99349,100,100180,100,99305,100,100214,100,99220,100
2019-06-28 09:46:30.000000000,99864,167,99702,167,99908,267,99635,167,99965,167,99616,167,99966,167,99485,167,100000,167,99474,167,100016,100,99446,100,100033,100,99417,100,100056,100,99349,100,100180,100,99305,100,100214,100,99220,100
2019-06-28 09:46:40.000000000,99864,184,99702,184,99908,284,99635,184,99965,184,99616,184,99966,184,99485,184,100000,100,99474,100,100016,100,99446,100,100033,100,99417,100,100056,100,99349,100,100180,100,99305,100,100214,100,99220,100
2019-06-28 09:46:48.021775922,99864,184,99702,84,99908,284,99635,184,99965,184,99616,184,99966,184,99485,184,100000,100,99474,100,100016,100,99446,100,100033,100,99417,100,100056,100,99349,100,100180,100,99305,100,100214,100,99220,100
2019-06-28 09:46:50.000000000,99864,268,99635,268,99908,368,99616,268,99965,100,99485,100,99966,100,99474,100,100000,100,99446,100,100016,100,99417,100,100033,100,99349,100,100056,100,99305,100,100180,100,99220,100,100214,100,99199,100
2019-06-28 09:47:00.000000000,99864,184,99635,184,99908,284,99616,184,99965,184,99485,184,99966,184,99474,184,100000,100,99446,100,100016,100,99417,100,100033,100,99349,100,100056,100,99305,100,100180,100,99220,100,100214,100,99199,100
2019-06-28 09:47:05.266080711,99864,184,99635,84,99908,284,99616,184,99965,184,99485,184,99966,184,99474,184,100000,100,99446,100,100016,100,99417,100,100033,100,99305,100,100056,100,99220,100,100180,100,99199,100,100214,100,99136,100
2019-06-28 09:47:10.000000000,99864,215,99616,215,99908,311,99485,211,99965,211,99474,211,99966,100,99446,100,100000,100,99417,100,100016,100,99305,100,100033,100,99220,100,100056,100,99199,100,100180,100,99136,100,100214,100,99106,100
2019-06-28 09:47:10.345523924,99702,100,99616,215,99864,215,99485,211,99908,211,99474,211,99965,211,99446,100,99966,100,99417,100,100000,100,99305,100,100016,100,99220,100,100033,100,99199,100,100056,100,99136,100,100180,100,99106,100
2019-06-28 09:47:20.000000000,99702,215,99616,215,99864,211,99485,211,99908,211,99474,211,99965,100,99446,100,99966,100,99417,100,100000,100,99305,100,100016,100,99220,100,100033,100,99199,100,100056,100,99136,100,100180,100,99106,100
2019-06-28 09:47:21.583327512,99702,215,99636,100,99864,211,99616,215,99908,211,99485,211,99965,100,99474,211,99966,100,99446,100,100000,100,99417,100,100016,100,99305,100,100033,100,99220,100,100056,100,99199,100,100180,100,99136,100
2019-06-28 09:47:30.000000000,99702,184,99636,184,99864,184,99616,184,99908,184,99485,184,99965,184,99474,184,99966,100,99446,100,100000,100,99417,100,100016,100,99305,100,100033,100,99220,100,100056,100,99199,100,100180,100,99136,100
2019-06-28 09:47:40.000000000,99702,215,99636,215,99864,211,99616,211,99908,211,99485,211,99965,100,99474,100,99966,100,99446,100,100000,100,99417,100,100016,100,99305,100,100033,100,99220,100,100056,100,99199,100,100180,100,99136,100
2019-06-28 09:47:42.919131651,99702,215,99636,215,99864,211,99616,211,99908,111,99485,211,99965,100,99474,100,99966,100,99446,100,100000,100,99417,100,100016,100,99305,100,100033,100,99220,100,100056,100,99199,100,100180,100,99136,100
2019-06-28 09:47:50.000000000,99702,268,99636,268,99864,268,99616,268,99965,100,99485,100,99966,100,99474,100,100000,100,99446,100,100016,100,99417,100,100033,100,99305,100,100056,100,99220,100,100180,100,99199,100,100214,100,99136,100
2019-06-28 09:47:56.685187737,99702,268,99636,268,99864,268,99616,268,99965,100,99485,100,99966,100,99474,100,100000,100,99446,100,100016,100,99417,100,100033,100,99305,100,100056,100,99281,100,100180,100,99220,100,100214,100,99199,100
2019-06-28 09:48:00.000000000,99702,167,99636,167,99864,167,99616,167,99965,167,99485,167,99966,167,99474,167,100000,167,99446,167,100016,100,99417,100,100033,100,99305,100,100056,100,99281,100,100180,100,99220,100,100214,100,99199,100
2019-06-28 09:48:01.796775319,99702,167,99636,167,99864,167,99616,167,99965,167,99485,167,99966,167,99474,167,100000,167,99446,167,100016,100,99417,100,100033,100,99305,100,100056,100,99281,100,100180,100,99220,100,100214,100,99199,100
2019-06-28 09:48:07.511678603,99702,167,99636,167,99864,167,99616,167,99965,167,99485,167,99966,167,99474,167,100000,167,99446,167,100016,100,99417,100,100033,100,99305,100,100056,100,99281,100,100180,100,99220,100,100214,100,99199,100
2019-06-28 09:48:10.000000000,99702,167,99636,167,99864,167,99616,167,99965,167,99485,167,99966,167,99474,167,100000,167,99446,167,100016,100,99417,100,100033,100,99305,100,100056,100,99281,100,100180,100,99220,100,100214,100,99199,100
2019-06-28 09:48:20.000000000,99702,215,99636,215,99864,211,99616,211,99965,211,99485,211,99966,100,99474,100,100000,100,99446,100,100016,100,99417,100,100033,100,99305,100,100056,100,99281,100,100180,100,99220,100,100214,100,99199,100
2019-06-28 09:48:30.000000000,99702,184,99636,184,99864,184,99616,184,99965,184,99485,184,99966,184,99474,184,100000,100,99446,100,100016,100,99417,100,100033,100,99305,100,100056,100,99281,100,100180,100,99220,100,100214,100,99199,100
2019-06-28 09:48:30.851627148,99702,184,99636,84,99864,184,99616,184,99965,184,99485,184,99966,184,99474,184,100000,100,99446,100,100016,100,99417,100,100033,100,99305,100,100056,100,99281,100,100180,100,99220,100,100214,100,99199,100
2019-06-28 09:48:40.000000000,99702,437,99616,437,99864,100,99485,100,99965,100,99474,100,99966,100,99446,100,100000,100,99417,100,100016,100,99305,100,100033,100,99281,100,100056,100,99220,100,100180,100,99199,100,100214,100,99193,100
2019-06-28 09:48:41.925264748,99702,437,99616,437,99864,100,99485,100,99965,100,99474,100,99966,100,99446,100,100000,100,99417,100,100016,100,99305,100,100033,100,99281,100,100056,100,99220,100,100180,100,99199,100,100214,100,99193,100
2019-06-28 09:48:50.000000000,99702,215,99616,215,99864,211,99485,211,99965,211,99474,211,99966,100,99446,100,100000,100,99417,100,100016,100,99305,100,100033,100,99281,100,100056,100,99220,100,100180,100,99199,100,100214,100,99193,100
2019-06-28 09:48:55.404220682,99702,215,99616,115,99864,211,99485,211,99965,211,99474,211,99966,100,99446,100,100000,100,99417,100,100016,100,99305,100,100033,100,99281,100,100056,100,99220,100,100180,100,99199,100,100214,100,99193,100
2019-06-28 09:49:00.000000000,99702,215,99485,215,99864,211,99474,211,99965,211,99446,211,99966,100,99417,100,100000,100,99305,100,100016,100,99281,100,100033,100,99220,100,100056,100,99199,100,100180,100,99193,100,100214,100,99136,100
2019-06-28 09:49:04.287164043,99702,215,99485,215,99864,211,99474,211,99965,211,99446,211,99966,100,99417,100,100000,100,99305,100,100016,100,99281,100,100033,100,99253,100,100056,100,99220,100,100180,100,99199,100,100214,100,99193,100
2019-06-28 09:49:10.000000000,99702,268,99485,268,99864,268,99474,268,99965,100,99446,100,99966,100,99417,100,100000,100,99305,100,100016,100,99281,100,100033,100,99253,100,100056,100,99220,100,100180,100,99199,100,100214,100,99193,100
2019-06-28 09:49:20.000000000,99702,184,99485,184,99864,184,99474,184,99965,184,99446,184,99966,184,99417,184,100000,100,99305,100,100016,100,99281,100,100033,100,99253,100,100056,100,99220,100,100180,100,99199,100,100214,100,99193,100
2019-06-28 09:49:30.000000000,99702,268,99485,268,99864,268,99474,268,99965,100,99446,100,99966,100,99417,100,100000,100,99305,100,100016,100,99281,100,100033,100,99253,100,100056,100,99220,100,100180,100,99199,100,100214,100,99193,100
2019-06-28 09:49:31.890152533,99636,100,99485,268,99702,268,99474,268,99864,268,99446,100,99965,100,99417,100,99966,100,99305,100,100000,100,99281,100,100016,100,99253,100,100033,100,99220,100,100056,100,99199,100,100180,100,99193,100
2019-06-28 09:49:39.798602028,99636,100,99485,168,99702,268,99474,268,99864,268,99446,100,99965,100,99417,100,99966,100,99305,100,100000,100,99281,100,100016,100,99253,100,100033,100,99220,100,100056,100,99199,100,100180,100,99193,100
2019-06-28 09:49:40.000000000,99636,184,99474,184,99702,184,99446,184,99864,184,99417,184,99965,184,99305,184,99966,100,99281,100,100000,100,99253,100,100016,100,99220,100,100033,100,99199,100,100056,100,99193,100,100180,100,99136,100
2019-06-28 09:49:50.000000000,99636,437,99474,437,99702,100,99446,100,99864,100,99417,100,99965,100,99305,100,99966,100,99281,100,100000,100,99253,100,100016,100,99220,100,100033,100,99199,100,100056,100,99193,100,100180,100,99136,100
2019-06-28 09:50:00.000000000,99636,268,99474,268,99702,268,99446,268,99864,100,99417,100,99965,100,99305,100,99966,100,99281,100,100000,100,99253,100,100016,100,99220,100,100033,100,99199,100,100056,100,99193,100,100180,100,99136,100
2019-06-28 09:50:04.699608956,99636,268,99474,168,99702,268,99446,268,99864,100,99417,100,99965,100,99305,100,99966,100,99281,100,100000,100,99253,100,100016,100,99220,100,100033,100,99199,100,100056,100,99193,100,100214,100,99136,100
2019-06-28 09:50:10.000000000,99636,167,99446,167,99702,167,99417,167,99864,167,99305,167,99965,167,99281,167,99966,167,99253,167,100000,100,99220,100,100016,100,99199,100,100033,100,99193,100,100056,100,99136,100,100214,100,99106,100
2019-06-28 09:50:20.000000000,99636,215,99446,215,99702,211,99417,211,99864,211,99305,211,99965,100,99281,100,99966,100,99253,100,100000,100,99220,100,100016,100,99199,100,100033,100,99193,100,100056,100,99136,100,100214,100,99106,100
2019-06-28 09:50:20.942186579,99636,215,99446,115,99702,211,99417,211,99864,211,99305,211,99965,100,99281,100,99966,100,99253,100,100000,100,99220,100,100016,100,99199,100,100033,100,99193,100,100056,100,99136,100,100214,100,99106,100
2019-06-28 09:50:30.000000000,99636,268,99417,268,99702,268,99305,268,99864,100,99281,100,99965,100,99253,100,99966,100,99220,100,100000,100,99199,100,100016,100,99193,100,100033,100,99136,100,100056,100,99106,100,100214,100,99047,100
2019-06-28 09:50:40.000000000,99636,268,99417,268,99702,268,99305,268,99864,100,99281,100,99965,100,99253,100,99966,100,99220,100,100000,100,99199,100,100016,100,99193,100,100033,100,99136,100,100056,100,99106,100,100214,100,99047,100
2019-06-28 09:50:41.492277289,99636,168,99417,268,99702,268,99305,268,99864,100,99281,100,99965,100,99253,100,99966,100,99220,100,100000,100,99199,100,100016,100,99193,100,100033,100,99136,100,100056,100,99106,100,100214,100,99047,100
2019-06-28 09:50:50.000000000,99702,167,99417,167,99864,167,99305,167,99965,167,99281,167,99966,167,99253,167,100000,167,99220,167,100016,100,99199,100,100033,100,99193,100,100056,100,99136,100,100214,100,99106,100,,,99047,100
2019-06-28 09:51:00.000000000,99702,437,99417,437,99864,100,99305,100,99965,100,99281,100,99966,100,99253,100,100000,100,99220,100,100016,100,99199,100,100033,100,99193,100,100056,100,99136,100,100214,100,99106,100,,,99047,100
2019-06-28 09:51:10.000000000,99702,437,99417,437,99864,100,99305,100,99965,100,99281,100,99966,100,99253,100,100000,100,99220,100,100016,100,99199,100,100033,100,99193,100,100056,100,99136,100,100214,100,99106,100,,,99047,100
2019-06-28 09:51:12.635768284,99702,437,99417,437,99864,100,99305,100,99965,100,99281,100,99966,100,99253,100,100000,100,99220,100,100016,100,99199,100,100033,100,99193,100,100056,100,99136,100,100214,100,99106,100,,,99047,100
2019-06-28 09:51:20.000000000,99702,215,99417,215,99864,211,99305,211,99965,211,99281,211,99966,100,99253,100,100000,100,99220,100,100016,100,99199,100,100033,100,99193,100,100056,100,99136,100,100214,100,99106,100,,,99047,100
2019-06-28 09:51:30.000000000,99702,184,99417,184,99864,184,99305,184,99965,184,99281,184,99966,184,99253,184,100000,100,99220,100,100016,100,99199,100,100033,100,99193,100,100056,100,99136,100,100214,100,99106,100,,,99047,100
2019-06-28 09:51:37.488785335,99630,100,99417,184,99702,184,99305,184,99864,184,99281,184,99965,184,99253,184,99966,184,99220,100,100000,100,99199,100,100016,100,99193,100,100033,100,99136,100,100056,100,99106,100,100214,100,99047,100
2019-06-28 09:51:39.592383829,99588,100,99417,184,99630,100,99305,184,99702,184,99281,184,99864,184,99253,184,99965,184,99220,100,99966,184,99199,100,100000,100,99193,100,100016,100,99136,100,100033,100,99106,100,100056,100,99047,100
2019-06-28 09:51:40.000000000,99588,215,99417,215,99630,211,99305,211,99702,211,99281,211,99864,100,99253,100,99965,100,99220,100,99966,100,99199,100,100000,100,99193,100,100016,100,99136,100,100033,100,99106,100,100056,100,99047,100
2019-06-28 09:51:50.000000000,99588,167,99417,167,99630,167,99305,167,99702,167,99281,167,99864,167,99253,167,99965,167,99220,167,99966,100,99199,100,100000,100,99193,100,100016,100,99136,100,100033,100,99106,100,100056,100,99047,100
2019-06-28 09:51:52.197547889,99588,67,99417,167,99630,167,99305,167,99702,167,99281,167,99864,167,99253,167,99965,167,99220,167,99966,100,99199,100,100000,100,99193,100,100016,100,99136,100,100033,100,99106,100,100056,100,99047,100
2019-06-28 09:51:57.366246840,99588,67,99417,167,99629,100,99305,167,99630,167,99281,167,99702,167,99253,167,99864,167,99220,167,99965,167,99199,100,99966,100,99193,100,100000,100,99136,100,100016,100,99106,100,100033,100,99047,100
2019-06-28 09:51:57.563530483,99629,100,99588,33,99630,67,99417,167,99702,167,99305,167,99864,167,99281,167,99965,167,99253,167,99966,100,99220,167,100000,100,99199,100,100016,100,99193,100,100033,100,99136,100,100056,100,99106,100
2019-06-28 09:52:00.000000000,99629,184,99588,117,99702,184,99417,184,99864,184,99305,184,99965,184,99281,184,99966,100,99253,100,100000,100,99220,100,100016,100,99199,100,100033,100,99193,100,100056,100,99136,100,100214,100,99106,100
2019-06-28 09:52:00.853609402,99629,184,99588,117,99702,184,99516,100,99864,184,99417,84,99965,184,99305,184,99966,100,99281,184,100000,100,99253,100,100016,100,99220,100,100033,100,99199,100,100056,100,99193,100,100214,100,99136,100
2019-06-28 09:52:03.062441708,99629,184,99596,100,99702,184,99588,117,99864,184,99516,100,99965,184,99417,84,99966,100,99305,184,100000,100,99281,184,100016,100,99253,100,100033,100,99220,100,100056,100,99199,100,100214,100,99193,100
2019-06-28 09:52:10.000000000,99629,215,99596,215,99702,211,99588,144,99864,211,99516,211,99965,100,99305,100,99966,100,99281,100,100000,100,99253,100,100016,100,99220,100,100033,100,99199,100,100056,100,99193,100,100214,100,99136,100
2019-06-28 09:52:10.383357904,99629,115,99596,215,99702,211,99588,144,99864,211,99516,211,99965,100,99305,100,99966,100,99281,100,100000,100,99253,100,100016,100,99220,100,100033,100,99199,100,100056,100,99193,100,100214,100,99136,100
2019-06-28 09:52:20.000000000,99702,184,99596,184,99864,184,99588,117,99965,184,99516,184,99966,184,99305,184,100000,100,99281,100,100016,100,99253,100,100033,100,99220,100,100056,100,99199,100,100214,100,99193,100,,,99136,100
2019-06-28 09:52:30.000000000,99702,437,99596,437,99864,100,99588,33,99965,100,99516,100,99966,100,99305,100,100000,100,99281,100,100016,100,99253,100,100033,100,99220,100,100056,100,99199,100,100214,100,99193,100,,,99136,100
2019-06-28 09:52:32.648288603,99702,337,99596,437,99864,100,99588,33,99965,100,99516,100,99966,100,99305,100,100000,100,99281,100,100016,100,99253,100,100033,100,99220,100,100056,100,99199,100,100214,100,99193,100,,,99136,100
2019-06-28 09:52:40.000000000,99864,184,99596,184,99965,184,99588,117,99966,184,99516,184,100000,184,99305,184,100016,100,99281,100,100033,100,99253,100,100056,100,99220,100,100214,100,99199,100,,,99193,100,,,99136,100
2019-06-28 09:52:50.000000000,99864,268,99596,268,99965,268,99588,201,99966,100,99516,100,100000,100,99305,100,100016,100,99281,100,100033,100,99253,100,100056,100,99220,100,100214,100,99199,100,,,99193,100,,,99136,100
2019-06-28 09:53:00.000000000,99864,215,99596,215,99965,211,99588,144,99966,211,99516,211,100000,100,99305,100,100016,100,99281,100,100033,100,99253,100,100056,100,99220,100,100214,100,99199,100,,,99193,100,,,99136,100
2019-06-28 09:53:10.000000000,99864,184,99596,184,99965,184,99588,117,99966,184,99516,184,100000,184,99305,184,100016,100,99281,100,100033,100,99253,100,100056,100,99220,100,100214,100,99199,100,,,99193,100,,,99136,100
2019-06-28 09:53:13.850514888,99628,100,99596,184,99864,184,99588,117,99965,184,99516,184,99966,184,99305,184,100000,184,99281,100,100016,100,99253,100,100033,100,99220,100,100056,100,99199,100,100214,100,99193,100,,,99136,100
2019-06-28 09:53:20.000000000,99628,215,99596,215,99864,211,99588,144,99965,211,99516,211,99966,100,99305,100,100000,100,99281,100,100016,100,99253,100,100033,100,99220,100,100056,100,99199,100,100214,100,99193,100,,,99136,100
2019-06-28 09:53:20.508338930,99628,115,99596,215,99864,211,99588,144,99965,211,99516,211,99966,100,99305,100,100000,100,99281,100,100016,100,99253,100,100033,100,99220,100,100056,100,99199,100,100214,100,99193,100,,,99136,100
2019-06-28 09:53:27.259839159,99628,115,99596,215,99737,100,99588,144,99864,211,99516,211,99965,211,99305,100,99966,100,99281,100,100000,100,99253,100,100016,100,99220,100,100033,100,99199,100,100056,100,99193,100,100214,100,99136,100
2019-06-28 09:53:28.038080470,99628,115,99596,215,99737,100,99588,144,99864,211,99516,211,99879,100,99305,100,99965,211,99281,100,99966,100,99253,100,100000,100,99220,100,100016,100,99199,100,100033,100,99193,100,100056,100,99136,100
2019-06-28 09:53:30.000000000,99737,167,99596,167,99864,167,99588,100,99879,167,99516,167,99965,167,99305,167,99966,167,99281,167,100000,100,99253,100,100016,100,99220,100,100033,100,99199,100,100056,100,99193,100,100214,100,99136,100
2019-06-28 09:53:40.000000000,99737,167,99596,167,99864,167,99588,100,99879,167,99516,167,99965,167,99305,167,99966,167,99281,167,100000,100,99253,100,100016,100,99220,100,100033,100,99199,100,100056,100,99193,100,100214,100,99136,100
2019-06-28 09:53:50.000000000,99737,167,99596,167,99864,167,99588,100,99879,167,99516,167,99965,167,99305,167,99966,167,99281,167,100000,100,99253,100,100016,100,99220,100,100033,100,99199,100,100056,100,99193,100,100214,100,99136,100
2019-06-28 09:54:00.000000000,99737,268,99596,268,99864,268,99588,201,99879,100,99516,100,99965,100,99305,100,99966,100,99281,100,100000,100,99253,100,100016,100,99220,100,100033,100,99199,100,100056,100,99193,100,100214,100,99136,100
2019-06-28 09:54:04.509215923,99737,268,99596,268,99864,268,99588,201,99879,100,99516,100,99965,100,99305,100,99966,100,99281,100,100000,100,99253,100,100016,100,99220,100,100033,100,99199,100,100056,100,99193,100,100214,100,99136,100
2019-06-28 09:54:10.000000000,99737,215,99596,215,99864,211,99588,144,99879,211,99516,211,99965,100,99305,100,99966,100,99281,100,100000,100,99253,100,100016,100,99220,100,100033,100,99199,100,100056,100,99193,100,100214,100,99136,100
2019-06-28 09:54:12.733537993,99737,215,99596,215,99864,211,99588,144,99879,211,99516,211,99965,100,99305,100,99966,100,99281,100,100000,100,99253,100,100033,100,99220,100,100056,100,99199,100,100214,100,99193,100,100412,100,99136,100
2019-06-28 09:54:13.560069799,99737,215,99628,100,99864,211,99596,215,99879,211,99588,144,99965,100,99516,211,99966,100,99305,100,100000,100,99281,100,100033,100,99253,100,100056,100,99220,100,100214,100,99199,100,100412,100,99193,100
2019-06-28 09:54:20.000000000,99737,268,99628,268,99864,268,99596,268,99879,100,99588,33,99965,100,99516,100,99966,100,99305,100,100000,100,99281,100,100033,100,99253,100,100056,100,99220,100,100214,100,99199,100,100412,100,99193,100
2019-06-28 09:54:20.379244940,99737,268,99628,268,99864,268,99596,268,99879,100,99588,33,99965,100,99516,100,99966,100,99305,100,100000,100,99281,100,100033,100,99253,100,100056,100,99199,100,100214,100,99193,100,100255,100,99136,100
2019-06-28 09:54:30.000000000,99737,437,99628,437,99864,100,99596,100,99879,100,99588,33,99965,100,99516,100,99966,100,99305,100,100000,100,99281,100,100033,100,99253,100,100056,100,99199,100,100214,100,99193,100,100255,100,99136,100
2019-06-28 09:54:32.575947444,99737,437,99628,437,99864,100,99596,100,99879,100,99588,33,99941,100,99516,100,99965,100,99305,100,99966,100,99281,100,100000,100,99253,100,100033,100,99199,100,100056,100,99193,100,100214,100,99136,100
2019-06-28 09:54:36.591442052,99737,337,99628,437,99864,100,99596,100,99879,100,99588,33,99941,100,99516,100,99965,100,99305,100,99966,100,99253,100,100000,100,99199,100,100033,100,99193,100,100056,100,99136,100,100214,100,99106,100
2019-06-28 09:54:37.755934903,99737,337,99628,437,99864,100,99596,100,99879,100,99588,33,99902,100,99516,100,99941,100,99305,100,99965,100,99253,100,99966,100,99199,100,100000,100,99193,100,100033,100,99136,100,100056,100,99106,100
2019-06-28 09:54:40.000000000,99864,184,99628,184,99879,184,99596,184,99902,184,99588,117,99941,184,99516,184,99965,100,99305,100,99966,100,99253,100,100000,100,99199,100,100033,100,99193,100,100056,100,99136,100,100214,100,99106,100
2019-06-28 09:54:50.000000000,99864,184,99628,184,99879,184,99596,184,99902,184,99588,117,99941,184,99516,184,99965,100,99305,100,99966,100,99253,100,100000,100,99199,100,100033,100,99193,100,100056,100,99136,100,100214,100,99106,100
2019-06-28 09:55:00.000000000,99864,167,99628,167,99879,167,99596,167,99902,167,99588,100,99941,167,99516,167,99965,167,99305,167,99966,100,99253,100,100000,100,99199,100,100033,100,99193,100,100056,100,99136,100,100214,100,99106,100
2019-06-28 09:55:03.230714212,99864,167,99628,67,99879,167,99596,167,99902,167,99588,100,99941,167,99516,167,99965,167,99305,167,99966,100,99253,100,100000,100,99199,100,100033,100,99193,100,100056,100,99136,100,100214,100,99106,100
2019-06-28 09:55:10.000000000,99864,167,99596,167,99879,167,99588,100,99902,167,99516,167,99941,167,99305,167,99965,167,99253,167,99966,100,99199,100,100000,100,99193,100,100033,100,99136,100,100056,100,99106,100,100214,100,99047,100
2019-06-28 09:55:10.442073649,99864,167,99596,67,99879,167,99588,100,99902,167,99516,167,99941,167,99305,67,99965,167,99253,167,99966,100,99199,100,100000,100,99193,100,100033,100,99136,100,100056,100,99106,100,100214,100,99047,100
2019-06-28 09:55:20.000000000,99864,215,99588,148,99879,211,99516,211,99902,211,99253,211,99941,100,99199,100,99965,100,99193,100,99966,100,99136,100,100000,100,99106,100,100033,100,99047,100,100056,100,99031,100,100214,100,98881,100
2019-06-28 09:55:30.000000000,99864,437,99588,370,99879,100,99516,100,99902,100,99253,100,99941,100,99199,100,99965,100,99193,100,99966,100,99136,100,100000,100,99106,100,100033,100,99047,100,100056,100,99031,100,100214,100,98881,100
2019-06-28 09:55:40.000000000,99864,167,99588,100,99879,167,99516,167,99902,167,99253,167,99941,167,99199,167,99965,167,99193,167,99966,100,99136,100,100000,100,99106,100,100033,100,99047,100,100056,100,99031,100,100214,100,98881,100
2019-06-28 09:55:45.926429157,99864,167,99588,100,99879,167,99516,167,99902,167,99253,167,99941,167,99199,167,99965,167,99193,167,99966,100,99136,100,100000,100,99106,100,100033,100,99047,100,100056,100,99031,100,100214,100,99005,100
2019-06-28 09:55:47.787444984,99628,100,99588,100,99864,167,99516,167,99879,167,99253,167,99902,167,99199,167,99941,167,99193,167,99965,167,99136,100,99966,100,99106,100,100000,100,99047,100,100033,100,99031,100,100056,100,99005,100
2019-06-28 09:55:50.000000000,99628,167,99588,100,99864,167,99516,167,99879,167,99253,167,99902,167,99199,167,99941,167,99193,167,99965,100,99136,100,99966,100,99106,100,100000,100,99047,100,100033,100,99031,100,100056,100,99005,100
2019-06-28 09:55:54.621569057,99628,267,99588,100,99864,167,99516,167,99879,167,99253,167,99902,167,99199,167,99941,167,99193,167,99965,100,99136,100,100000,100,99106,100,100033,100,99047,100,100056,100,99031,100,100214,100,99005,100
2019-06-28 09:55:57.716479354,99628,267,99516,167,99864,167,99253,167,99879,167,99199,167,99902,167,99193,167,99941,167,99136,100,99965,100,99047,100,100000,100,99031,100,100033,100,99005,100,100056,100,98881,100,100214,100,98821,100
2019-06-28 09:56:00.000000000,99628,368,99516,268,99864,268,99253,268,99879,100,99199,100,99902,100,99193,100,99941,100,99136,100,99965,100,99047,100,100000,100,99031,100,100033,100,99005,100,100056,100,98881,100,100214,100,98821,100
2019-06-28 09:56:04.756103932,99596,100,99516,268,99628,368,99253,268,99864,268,99199,100,99879,100,99193,100,99902,100,99136,100,99941,100,99047,100,99965,100,99031,100,100000,100,99005,100,100033,100,98881,100,100056,100,98821,100
2019-06-28 09:56:09.099971616,99596,100,99516,168,99628,368,99253,268,99864,268,99199,100,99879,100,99193,100,99902,100,99136,100,99941,100,99031,100,99965,100,99005,100,100000,100,98881,100,100033,100,98821,100,100056,100,98819,100
2019-06-28 09:56:10.000000000,99596,167,99253,167,99628,267,99199,167,99864,167,99193,167,99879,167,99136,167,99902,167,99031,167,99941,100,99005,100,99965,100,98881,100,100000,100,98821,100,100033,100,98819,100,100056,100,98441,100
2019-06-28 09:56:19.540559548,99596,167,99253,67,99628,267,99199,167,99864,167,99193,167,99879,167,99136,167,99902,167,99031,167,99941,100,99005,100,99965,100,98881,100,100000,100,98821,100,100033,100,98819,100,100056,100,98441,100
2019-06-28 09:56:20.000000000,99596,215,99199,215,99628,311,99193,211,99864,211,99136,211,99879,100,99031,100,99902,100,99005,100,99941,100,98881,100,99965,100,98821,100,100000,100,98819,100,100033,100,98441,100,100056,100,98398,100
2019-06-28 09:56:30.000000000,99596,437,99199,437,99628,200,99193,100,99864,100,99136,100,99879,100,99031,100,99902,100,99005,100,99941,100,98881,100,99965,100,98821,100,100000,100,98819,100,100033,100,98441,100,100056,100,98398,100
2019-06-28 09:56:34.991132789,99596,437,99199,437,99628,200,99193,100,99864,100,99179,100,99902,100,99136,100,99941,100,99031,100,99965,100,99005,100,100000,100,98881,100,100033,100,98821,100,100056,100,98819,100,100214,100,98441,100
2019-06-28 09:56:40.000000000,99596,268,99199,268,99628,368,99193,268,99864,100,99179,100,99902,100,99136,100,99941,100,99031,100,99965,100,99005,100,100000,100,98881,100,100033,100,98821,100,100056,100,98819,100,100214,100,98441,100
2019-06-28 09:56:50.000000000,99596,167,99199,167,99628,267,99193,167,99864,167,99179,167,99902,167,99136,167,99941,167,99031,167,99965,100,99005,100,100000,100,98881,100,100033,100,98821,100,100056,100,98819,100,100214,100,98441,100
2019-06-28 09:56:51.422471019,99596,167,99433,100,99628,267,99199,167,99864,167,99193,167,99902,167,99179,167,99941,167,99136,167,99965,100,99031,167,100000,100,99005,100,100033,100,98881,100,100056,100,98821,100,100214,100,98819,100
2019-06-28 09:57:00.000000000,99596,167,99433,167,99628,267,99199,167,99864,167,99193,167,99902,167,99179,167,99941,167,99136,167,99965,100,99031,100,100000,100,99005,100,100033,100,98881,100,100056,100,98821,100,100214,100,98819,100
2019-06-28 09:57:01.333604402,99596,167,99433,167,99628,267,99199,167,99864,167,99193,167,99879,100,99179,167,99902,167,99136,167,99941,167,99031,100,99965,100,99005,100,100000,100,98881,100,100033,100,98821,100,100056,100,98819,100
2019-06-28 09:57:10.000000000,99596,215,99433,215,99628,311,99199,211,99864,211,99193,211,99879,100,99179,100,99902,100,99136,100,99941,100,99031,100,99965,100,99005,100,100000,100,98881,100,100033,100,98821,100,100056,100,98819,100
2019-06-28 09:57:20.000000000,99596,268,99433,268,99628,368,99199,268,99864,100,99193,100,99879,100,99179,100,99902,100,99136,100,99941,100,99031,100,99965,100,99005,100,100000,100,98881,100,100033,100,98821,100,100056,100,98819,100
2019-06-28 09:57:30.000000000,99596,268,99433,268,99628,368,99199,268,99864,100,99193,100,99879,100,99179,100,99902,100,99136,100,99941,100,99031,100,99965,100,99005,100,100000,100,98881,100,100033,100,98821,100,100056,100,98819,100
2019-06-28 09:57:40.000000000,99596,215,99433,215,99628,311,99199,211,99864,211,99193,211,99879,100,99179,100,99902,100,99136,100,99941,100,99031,100,99965,100,99005,100,100000,100,98881,100,100033,100,98821,100,100056,100,98819,100
2019-06-28 09:57:50.000000000,99596,437,99433,437,99628,200,99199,100,99864,100,99193,100,99879,100,99179,100,99902,100,99136,100,99941,100,99031,100,99965,100,99005,100,100000,100,98881,100,100033,100,98821,100,100056,100,98819,100
2019-06-28 09:57:55.324618818,99596,437,99433,437,99628,200,99199,100,99864,100,99193,100,99879,100,99179,100,99902,100,99031,100,99941,100,99005,100,99965,100,98881,100,100000,100,98821,100,100033,100,98819,100,100056,100,98441,100
2019-06-28 09:58:00.000000000,99596,437,99433,437,99628,200,99199,100,99864,100,99193,100,99879,100,99179,100,99902,100,99031,100,99941,100,99005,100,99965,100,98881,100,100000,100,98821,100,100033,100,98819,100,100056,100,98441,100
2019-06-28 09:58:10.000000000,99596,184,99433,184,99628,284,99199,184,99864,184,99193,184,99879,184,99179,184,99902,100,99031,100,99941,100,99005,100,99965,100,98881,100,100000,100,98821,100,100033,100,98819,100,100056,100,98441,100
2019-06-28 09:58:20.000000000,99596,215,99433,215,99628,311,99199,211,99864,211,99193,211,99879,100,99179,100,99902,100,99031,100,99941,100,99005,100,99965,100,98881,100,100000,100,98821,100,100033,100,98819,100,100056,100,98441,100
2019-06-28 09:58:22.043808543,99596,115,99433,215,99628,311,99199,211,99864,211,99193,211,99879,100,99179,100,99902,100,99031,100,99941,100,99005,100,99965,100,98881,100,100000,100,98821,100,100033,100,98819,100,100056,100,98441,100
2019-06-28 09:58:25.360146659,99596,115,99433,215,99628,311,99199,211,99864,211,99193,211,99879,100,99179,100,99902,100,99031,100,99941,100,99005,100,99965,100,98881,100,100000,100,98821,100,100033,100,98819,100,100056,100,98441,100
2019-06-28 09:58:30.000000000,99628,267,99433,167,99864,167,99199,167,99879,167,99193,167,99902,167,99179,167,99941,167,99031,167,99965,100,99005,100,100000,100,98881,100,100033,100,98821,100,100056,100,98819,100,100081,100,98441,100
2019-06-28 09:58:40.000000000,99628,267,99433,167,99864,167,99199,167,99879,167,99193,167,99902,167,99179,167,99941,167,99031,167,99965,100,99005,100,100000,100,98881,100,100033,100,98821,100,100056,100,98819,100,100081,100,98441,100
2019-06-28 09:58:42.246633585,99628,167,99433,167,99864,167,99199,167,99879,167,99193,167,99902,167,99179,167,99941,67,99031,167,99965,100,99005,100,100000,100,98881,100,100033,100,98821,100,100056,100,98819,100,100081,100,98441,100
2019-06-28 09:58:43.938698706,99628,167,99596,100,99864,167,99433,167,99879,167,99199,167,99902,167,99193,167,99941,67,99179,167,99965,100,99031,167,100000,100,99005,100,100033,100,98881,100,100056,100,98821,100,100081,100,98819,100
2019-06-28 09:58:50.000000000,99628,268,99596,268,99864,268,99433,268,99879,100,99199,100,99902,100,99193,100,99965,100,99179,100,100000,100,99031,100,100033,100,99005,100,100056,100,98881,100,100081,100,98821,100,100175,100,98819,100
2019-06-28 09:58:59.084859113,99628,268,99596,268,99864,268,99433,268,99879,100,99199,100,99902,100,99193,100,99925,100,99179,100,99965,100,99031,100,100000,100,99005,100,100033,100,98881,100,100056,100,98821,100,100175,100,98819,100
2019-06-28 09:59:00.000000000,99628,437,99596,437,99864,100,99433,100,99879,100,99199,100,99902,100,99193,100,99925,100,99179,100,99965,100,99031,100,100000,100,99005,100,100033,100,98881,100,100056,100,98821,100,100175,100,98819,100
2019-06-28 09:59:10.000000000,99628,184,99596,184,99864,184,99433,184,99879,184,99199,184,99902,184,99193,184,99925,100,99179,100,99965,100,99031,100,100000,100,99005,100,100033,100,98881,100,100056,100,98821,100,100175,100,98819,100
2019-06-28 09:59:20.000000000,99628,184,99596,184,99864,184,99433,184,99879,184,99199,184,99902,184,99193,184,99925,100,99179,100,99965,100,99031,100,100000,100,99005,100,100033,100,98881,100,100056,100,98821,100,100175,100,98819,100
2019-06-28 09:59:20.268822201,99628,184,99596,284,99864,184,99433,184,99879,184,99199,184,99902,184,99193,184,99925,100,99179,100,99965,100,99031,100,100033,100,99005,100,100056,100,98881,100,100175,100,98821,100,100214,100,98819,100
2019-06-28 09:59:30.000000000,99628,215,99596,315,99864,211,99433,211,99879,211,99199,211,99902,100,99193,100,99925,100,99179,100,99965,100,99031,100,100033,100,99005,100,100056,100,98881,100,100175,100,98821,100,100214,100,98819,100
2019-06-28 09:59:31.523987446,99628,215,99596,315,99864,211,99572,100,99879,211,99433,211,99902,100,99199,211,99925,100,99193,100,99965,100,99179,100,100033,100,99031,100,100056,100,99005,100,100175,100,98881,100,100214,100,98821,100
2019-06-28 09:59:40.000000000,99628,184,99596,284,99864,184,99572,184,99879,184,99433,184,99902,184,99199,184,99925,100,99193,100,99965,100,99179,100,100033,100,99031,100,100056,100,99005,100,100175,100,98881,100,100214,100,98821,100
2019-06-28 09:59:50.000000000,99628,184,99596,284,99864,184,99572,184,99879,184,99433,184,99902,184,99199,184,99925,100,99193,100,99965,100,99179,100,100033,100,99031,100,100056,100,99005,100,100175,100,98881,100,100214,100,98821,100
2019-06-28 09:59:55.308118210,99628,184,99596,284,99864,184,99572,184,99879,184,99433,184,99897,100,99199,184,99902,184,99193,100,99925,100,99179,100,99965,100,99031,100,100033,100,99005,100,100056,100,98881,100,100175,100,98821,100
2019-06-28 10:00:00.000000000,99628,268,99596,368,99864,268,99572,268,99879,100,99433,100,99897,100,99199,100,99902,100,99193,100,99925,100,99179,100,99965,100,99031,100,100033,100,99005,100,100056,100,98881,100,100175,100,98821,100
2019-06-28 10:00:05.386396297,99628,268,99596,368,99725,100,99572,268,99864,268,99433,100,99879,100,99199,100,99902,100,99193,100,99925,100,99179,100,99965,100,99031,100,100033,100,99005,100,100056,100,98881,100,100175,100,98821,100
2019-06-28 10:00:09.669549455,99628,268,99596,368,99647,100,99572,268,99725,100,99433,100,99864,268,99199,100,99879,100,99193,100,99902,100,99179,100,99925,100,99005,100,99965,100,98881,100,100033,100,98821,100,100056,100,98819,100
2019-06-28 10:00:10.000000000,99628,215,99596,315,99647,211,99572,211,99725,211,99433,211,99864,100,99199,100,99879,100,99193,100,99902,100,99179,100,99925,100,99005,100,99965,100,98881,100,100033,100,98821,100,100056,100,98819,100
2019-06-28 10:00:18.351741913,99628,215,99596,315,99647,211,99572,211,99700,100,99433,211,99725,211,99199,100,99864,100,99193,100,99879,100,99179,100,99902,100,99005,100,99925,100,98881,100,99965,100,98821,100,100033,100,98819,100
2019-06-28 10:00:20.000000000,99628,215,99596,315,99647,211,99572,211,99700,211,99433,211,99725,100,99199,100,99864,100,99193,100,99879,100,99179,100,99902,100,99005,100,99925,100,98881,100,99965,100,98821,100,100033,100,98819,100
2019-06-28 10:00:30.000000000,99628,184,99596,284,99647,184,99572,184,99700,184,99433,184,99725,184,99199,184,99864,100,99193,100,99879,100,99179,100,99902,100,99005,100,99925,100,98881,100,99965,100,98821,100,100033,100,98819,100
2019-06-28 10:00:38.525753280,99628,184,99596,284,99647,84,99572,184,99700,184,99433,184,99725,184,99199,184,99864,100,99193,100,99879,100,99179,100,99902,100,99005,100,99925,100,98881,100,99946,100,98821,100,99965,100,98819,100
2019-06-28 10:00:40.000000000,99628,184,99596,284,99700,184,99572,184,99725,184,99433,184,99864,184,99199,184,99879,100,99193,100,99902,100,99179,100,99925,100,99005,100,99946,100,98881,100,99965,100,98821,100,100033,100,98819,100
2019-06-28 10:00:50.000000000,99628,215,99596,315,99700,211,99572,211,99725,211,99433,211,99864,100,99199,100,99879,100,99193,100,99902,100,99179,100,99925,100,99005,100,99946,100,98881,100,99965,100,98821,100,100033,100,98819,100
2019-06-28 10:00:58.189990470,99628,215,99596,315,99700,211,99572,211,99725,211,99433,211,99864,100,99199,100,99879,100,99193,100,99902,100,99179,100,99925,100,99005,100,99946,100,98881,100,99965,100,98821,100,100033,100,98819,100
2019-06-28 10:01:00.000000000,99628,167,99596,267,99700,167,99572,167,99725,167,99433,167,99864,167,99199,167,99879,167,99193,167,99902,100,99179,100,99925,100,99005,100,99946,100,98881,100,99965,100,98821,100,100033,100,98819,100
2019-06-28 10:01:04.066340847,99628,67,99596,267,99700,167,99572,167,99725,167,99433,167,99864,167,99199,167,99879,167,99193,167,99902,100,99179,100,99925,100,99005,100,99946,100,98881,100,99965,100,98821,100,100033,100,98819,100
2019-06-28 10:01:06.406048757,99628,67,99596,267,99700,167,99572,167,99725,167,99433,167,99864,167,99199,167,99879,167,99193,167,99902,100,99179,100,99925,100,99005,100,99946,100,98881,100,99965,100,98821,100,100033,100,98441,100
2019-06-28 10:01:10.000000000,99700,215,99596,315,99725,211,99572,211,99864,211,99433,211,99879,100,99199,100,99902,100,99193,100,99925,100,99179,100,99946,100,99005,100,99965,100,98881,100,100033,100,98821,100,100056,100,98441,100
2019-06-28 10:01:11.595904944,99700,215,99596,315,99725,211,99572,211,99864,211,99433,211,99879,100,99199,100,99902,100,99193,100,99925,100,99179,100,99946,100,99005,100,99965,100,98881,100,100033,100,98821,100,100055,100,98441,100
2019-06-28 10:01:14.752813479,99700,115,99596,315,99725,211,99572,211,99864,211,99433,211,99879,100,99199,100,99902,100,99193,100,99925,100,99179,100,99946,100,99005,100,99965,100,98881,100,100033,100,98821,100,100055,100,98441,100
2019-06-28 10:01:20.000000000,99725,215,99596,315,99864,211,99572,211,99879,211,99433,211,99902,100,99199,100,99925,100,99193,100,99946,100,99179,100,99965,100,99005,100,100033,100,98881,100,100055,100,98821,100,100147,100,98441,100
2019-06-28 10:01:30.000000000,99725,167,99596,267,99864,167,99572,167,99879,167,99433,167,99902,167,99199,167,99925,167,99193,167,99946,100,99179,100,99965,100,99005,100,100033,100,98881,100,100055,100,98821,100,100147,100,98441,100
2019-06-28 10:01:40.000000000,99725,167,99596,267,99864,167,99572,167,99879,167,99433,167,99902,167,99199,167,99925,167,99193,167,99946,100,99179,100,99965,100,99005,100,100033,100,98881,100,100055,100,98821,100,100147,100,98441,100
2019-06-28 10:01:48.517579475,99725,167,99596,267,99864,167,99572,167,99879,167,99433,167,99902,167,99199,167,99925,167,99193,167,99946,100,99179,100,99965,100,99005,100,100033,100,98881,100,100055,100,98821,100,100147,100,98441,100
2019-06-28 10:01:50.000000000,99725,215,99596,315,99864,211,99572,211,99879,211,99433,211,99902,100,99199,100,99925,100,99193,100,99946,100,99179,100,99965,100,99005,100,100033,100,98881,100,100055,100,98821,100,100147,100,98441,100
2019-06-28 10:01:56.052056362,99725,215,99596,315,99864,211,99572,211,99879,211,99433,211,99902,100,99199,100,99925,100,99193,100,99946,100,99179,100,99965,100,99005,100,100033,100,98881,100,100055,100,98821,100,100147,100,98441,100
2019-06-28 10:02:00.000000000,99725,268,99596,368,99864,268,99572,268,99879,100,99433,100,99902,100,99199,100,99925,100,99193,100,99946,100,99179,100,99965,100,99005,100,100033,100,98881,100,100055,100,98821,100,100147,100,98441,100
2019-06-28 10:02:10.000000000,99725,215,99596,315,99864,211,99572,211,99879,211,99433,211,99902,100,99199,100,99925,100,99193,100,99946,100,99179,100,99965,100,99005,100,100033,100,98881,100,100055,100,98821,100,100147,100,98441,100
2019-06-28 10:02:20.000000000,99725,167,99596,267,99864,167,99572,167,99879,167,99433,167,99902,167,99199,167,99925,167,99193,167,99946,100,99179,100,99965,100,99005,100,100033,100,98881,100,100055,100,98821,100,100147,100,98441,100
2019-06-28 10:02:20.706865480,99725,67,99596,267,99864,167,99572,167,99879,167,99433,67,99902,167,99199,167,99925,167,99193,167,99946,100,99179,100,99965,100,99005,100,100033,100,98881,100,100055,100,98821,100,100147,100,98441,100
2019-06-28 10:02:24.230668947,99864,167,99725,33,99879,167,99596,267,99902,167,99572,167,99925,167,99433,67,99946,100,99199,167,99965,100,99193,167,100033,100,99005,100,100055,100,98881,100,100147,100,98821,100,100175,100,98441,100
2019-06-28 10:02:26.777921675,99864,167,99725,33,99879,167,99596,267,99902,167,99572,167,99925,167,99433,67,99946,100,99199,167,99965,100,99193,167,100033,100,99005,100,100055,100,98881,100,100147,100,98821,100,100175,100,98441,100
2019-06-28 10:02:30.000000000,99864,215,99725,148,99879,211,99596,311,99902,211,99572,211,99925,100,99199,100,99946,100,99193,100,99965,100,99005,100,100033,100,98881,100,100055,100,98821,100,100147,100,98441,100,100175,100,98383,100
2019-06-28 10:02:39.715447958,99864,215,99725,248,99879,211,99596,311,99902,211,99572,211,99925,100,99199,100,99946,100,99193,100,99965,100,99005,100,100033,100,98881,100,100055,100,98821,100,100147,100,98441,100,100175,100,98383,100
2019-06-28 10:02:40.000000000,99864,167,99725,200,99879,167,99596,267,99902,167,99572,167,99925,167,99199,167,99946,167,99193,167,99965,100,99005,100,100033,100,98881,100,100055,100,98821,100,100147,100,98441,100,100175,100,98383,100
2019-06-28 10:02:50.000000000,99864,167,99725,200,99879,167,99596,267,99902,167,99572,167,99925,167,99199,167,99946,167,99193,167,99965,100,99005,100,100033,100,98881,100,100055,100,98821,100,100147,100,98441,100,100175,100,98383,100
2019-06-28 10:02:57.928179582,99864,67,99725,167,99879,167,99596,267,99902,167,99572,167,99925,167,99199,167,99946,167,99193,167,99965,100,99005,100,100033,100,98881,100,100055,100,98821,100,100147,100,98441,100,100175,100,98383,100
2019-06-28 10:03:00.000000000,99879,268,99725,268,99902,268,99596,368,99925,100,99572,100,99946,100,99199,100,99965,100,99193,100,100033,100,99005,100,100055,100,98881,100,100147,100,98821,100,100175,100,98441,100,100255,100,98383,100
2019-06-28 10:03:01.451270990,99879,168,99725,268,99902,268,99596,368,99925,100,99572,100,99946,100,99199,100,99965,100,99193,100,100033,100,99005,100,100055,100,98881,100,100147,100,98821,100,100175,100,98441,100,100255,100,98383,100
2019-06-28 10:03:03.582733822,99879,168,99725,268,99902,268,99596,368,99925,100,99572,100,99946,100,99199,100,99965,100,99193,100,100033,100,99005,100,100055,100,98881,100,100147,100,98821,100,100175,100,98441,100,100255,100,98383,100
2019-06-28 10:03:10.000000000,99902,184,99725,184,99925,184,99596,284,99946,184,99572,184,99965,184,99199,184,100033,100,99193,100,100055,100,99005,100,100147,100,98881,100,100175,100,98821,100,100255,100,98441,100,100412,100,98383,100
2019-06-28 10:03:20.000000000,99902,215,99725,215,99925,211,99596,311,99946,211,99572,211,99965,100,99199,100,100033,100,99193,100,100055,100,99005,100,100147,100,98881,100,100175,100,98821,100,100255,100,98441,100,100412,100,98383,100
2019-06-28 10:03:21.341400550,99902,115,99725,215,99925,211,99596,311,99946,211,99572,211,99965,100,99199,100,100033,100,99193,100,100055,100,99005,100,100147,100,98881,100,100175,100,98821,100,100255,100,98441,100,100412,100,98383,100
2019-06-28 10:03:30.000000000,99925,215,99725,215,99946,211,99596,311,99965,211,99572,211,100033,100,99199,100,100055,100,99193,100,100147,100,99005,100,100175,100,98881,100,100255,100,98821,100,100412,100,98441,100,100477,100,98383,100
2019-06-28 10:03:40.000000000,99925,215,99725,215,99946,211,99596,311,99965,211,99572,211,100033,100,99199,100,100055,100,99193,100,100147,100,99005,100,100175,100,98881,100,100255,100,98821,100,100412,100,98441,100,100477,100,98383,100
2019-06-28 10:03:50.000000000,99925,184,99725,184,99946,184,99596,284,99965,184,99572,184,100033,184,99199,184,100055,100,99193,100,100147,100,99005,100,100175,100,98881,100,100255,100,98821,100,100412,100,98441,100,100477,100,98383,100
2019-06-28 10:04:00.000000000,99925,215,99725,215,99946,211,99596,311,99965,211,99572,211,100033,100,99199,100,100055,100,99193,100,100147,100,99005,100,100175,100,98881,100,100255,100,98821,100,100412,100,98441,100,100477,100,98383,100
2019-06-28 10:04:10.000000000,99925,268,99725,268,99946,268,99596,368,99965,100,99572,100,100033,100,99199,100,100055,100,99193,100,100147,100,99005,100,100175,100,98881,100,100255,100,98821,100,100412,100,98441,100,100477,100,98383,100
2019-06-28 10:04:14.597187622,99925,268,99725,268,99946,268,99596,368,99965,100,99572,100,100033,100,99199,100,100055,100,99193,100,100147,100,99005,100,100175,100,98881,100,100255,100,98821,100,100412,100,98441,100,100477,100,98383,100
2019-06-28 10:04:20.000000000,99925,215,99725,215,99946,211,99596,311,99965,211,99572,211,100033,100,99199,100,100055,100,99193,100,100147,100,99005,100,100175,100,98881,100,100255,100,98821,100,100412,100,98441,100,100477,100,98383,100
2019-06-28 10:04:30.000000000,99925,215,99725,215,99946,211,99596,311,99965,211,99572,211,100033,100,99199,100,100055,100,99193,100,100147,100,99005,100,100175,100,98881,100,100255,100,98821,100,100412,100,98441,100,100477,100,98383,100
2019-06-28 10:04:40.000000000,99925,184,99725,184,99946,184,99596,284,99965,184,99572,184,100033,184,99199,184,100055,100,99193,100,100147,100,99005,100,100175,100,98881,100,100255,100,98821,100,100412,100,98441,100,100477,100,98383,100
2019-06-28 10:04:50.000000000,99925,184,99725,184,99946,184,99596,284,99965,184,99572,184,100033,184,99199,184,100055,100,99193,100,100147,100,99005,100,100175,100,98881,100,100255,100,98821,100,100412,100,98441,100,100477,100,98383,100
2019-06-28 10:05:00.000000000,99925,215,99725,215,99946,211,99596,311,99965,211,99572,211,100033,100,99199,100,100055,100,99193,100,100147,100,99005,100,100175,100,98881,100,100255,100,98821,100,100412,100,98441,100,100477,100,98383,100
2019-06-28 10:05:10.000000000,99925,167,99725,167,99946,167,99596,267,99965,167,99572,167,100033,167,99199,167,100055,167,99193,167,100147,100,99005,100,100175,100,98881,100,100255,100,98821,100,100412,100,98441,100,100477,100,98383,100
2019-06-28 10:05:20.000000000,99925,268,99725,268,99946,268,99596,368,99965,100,99572,100,100033,100,99199,100,100055,100,99193,100,100147,100,99005,100,100175,100,98881,100,100255,100,98821,100,100412,100,98441,100,100477,100,98383,100
2019-06-28 10:05:30.000000000,99925,167,99725,167,99946,167,99596,267,99965,167,99572,167,100033,167,99199,167,100055,167,99193,167,100147,100,99005,100,100175,100,98881,100,100255,100,98821,100,100412,100,98441,100,100477,100,98383,100
2019-06-28 10:05:33.904928940,99925,167,99725,167,99946,167,99689,100,99965,167,99596,267,100033,167,99572,167,100055,167,99199,167,100147,100,99193,167,100175,100,99005,100,100255,100,98881,100,100412,100,98821,100,100477,100,98441,100
2019-06-28 10:05:34.124286580,99925,167,99725,167,99946,167,99689,200,99965,167,99596,267,100033,167,99572,167,100055,67,99199,167,100147,100,99193,167,100175,100,99005,100,100255,100,98881,100,100412,100,98821,100,100477,100,98441,100
2019-06-28 10:05:39.557224070,99925,167,99843,100,99946,167,99725,167,99965,167,99689,200,100033,167,99596,267,100055,67,99572,167,100147,100,99199,167,100175,100,99193,167,100255,100,99005,100,100412,100,98881,100,100477,100,98821,100
2019-06-28 10:05:40.000000000,99925,215,99843,215,99946,211,99725,211,99965,211,99689,311,100033,100,99596,200,100147,100,99572,100,100175,100,99199,100,100255,100,99193,100,100412,100,99005,100,100477,100,98881,100,100633,100,98821,100
2019-06-28 10:05:50.000000000,99925,167,99843,167,99946,167,99725,167,99965,167,99689,267,100033,167,99596,267,100147,167,99572,167,100175,100,99199,100,100255,100,99193,100,100412,100,99005,100,100477,100,98881,100,100633,100,98821,100
2019-06-28 10:05:50.219528494,99925,67,99843,167,99946,167,99725,167,99965,167,99689,267,100033,167,99596,267,100147,167,99572,167,100175,100,99199,100,100255,100,99193,100,100412,100,99005,100,100477,100,98881,100,100633,100,98821,100
2019-06-28 10:06:00.000000000,99946,184,99843,184,99965,184,99725,184,100033,184,99689,284,100147,184,99596,284,100175,100,99572,100,100255,100,99199,100,100412,100,99193,100,100477,100,99005,100,100633,100,98881,100,100730,100,98821,100
