,ask_price_1,ask_size_1,bid_price_1,bid_size_1,ask_price_2,ask_size_2,bid_price_2,bid_size_2,ask_price_3,ask_size_3,bid_price_3,bid_size_3,ask_price_4,ask_size_4,bid_price_4,bid_size_4,ask_price_5,ask_size_5,bid_price_5,bid_size_5,ask_price_6,ask_size_6,bid_price_6,bid_size_6,ask_price_7,ask_size_7,bid_price_7,bid_size_7,ask_price_8,ask_size_8,bid_price_8,bid_size_8,ask_price_9,ask_size_9,bid_price_9,bid_size_9,ask_price_10,ask_size_10,bid_price_10,bid_size_10
2019-06-28 09:30:00.000000000,100015,100,,,,,,,,,,,,,,,,,,,,,,,,,,,,,,,,,,,,,,
2019-06-28 09:30:00.000000003,100015,100,99868,100,,,,,,,,,,,,,,,,,,,,,,,,,,,,,,,,,,,,
2019-06-28 09:30:00.000000004,99954,100,99868,100,100015,100,,,,,,,,,,,,,,,,,,,,,,,,,,,,,,,,,,
2019-06-28 09:30:00.000000005,99954,100,99868,100,100015,100,,,100040,100,,,,,,,,,,,,,,,,,,,,,,,,,,,,,,
2019-06-28 09:30:00.000000012,99954,100,99868,100,100015,100,,,100026,100,,,100040,100,,,,,,,,,,,,,,,,,,,,,,,,,,
2019-06-28 09:30:00.000000013,99894,100,99868,100,99954,100,,,100015,100,,,100022,100,,,100026,100,,,100040,100,,,,,,,,,,,,,,,,,,
2019-06-28 09:30:00.000000017,99893,100,99868,100,99894,100,99820,100,99954,100,,,100015,100,,,100022,100,,,100026,100,,,100040,100,,,,,,,,,,,,,,
2019-06-28 09:30:00.000000020,99954,100,99868,100,100015,100,99820,100,100022,100,,,100026,100,,,100040,100,,,,,,,,,,,,,,,,,,,,,,
2019-06-28 09:30:00.000000021,99954,100,99940,100,100015,100,99868,100,100022,100,99820,100,100026,100,,,100040,100,,,,,,,,,,,,,,,,,,,,,,
2019-06-28 09:30:00.000000022,99954,100,99940,100,100015,100,99893,100,100022,100,99868,100,100026,100,99820,100,100040,100,,,,,,,,,,,,,,,,,,,,,,
2019-06-28 09:30:00.000000023,99943,100,99940,100,99954,100,99893,100,100015,100,99877,100,100022,100,99868,100,100026,100,99820,100,100040,100,,,,,,,,,,,,,,,,,,
2019-06-28 09:30:00.000000025,99954,100,99940,100,100015,100,99893,100,100022,100,99877,100,100026,100,99868,100,100040,100,99820,100,100091,100,,,,,,,,,,,,,,,,,,
2019-06-28 09:30:00.000000028,99954,100,99940,100,100015,100,99928,100,100022,100,99893,100,100026,100,99877,100,100040,100,99868,100,100091,100,99820,100,,,,,,,,,,,,,,,,
2019-06-28 09:30:00.000000029,99954,100,99940,100,100015,100,99928,100,100022,100,99893,100,100026,100,99877,100,100040,100,99875,100,100067,100,99868,100,100091,100,99820,100,,,,,,,,,,,,
2019-06-28 09:30:00.000000032,99954,100,99940,100,99993,100,99928,100,100015,100,99893,100,100022,100,99877,100,100026,100,99875,100,100040,100,99868,100,100067,100,99820,100,100091,100,,,,,,,,,,
2019-06-28 09:30:00.000000037,99954,100,99940,100,99993,100,99928,100,100015,100,99893,100,100022,100,99877,100,100026,100,99875,100,100040,100,99868,100,100067,100,99820,100,100091,100,,,100171,100,,,,,,
2019-06-28 09:30:00.000000038,99954,100,99940,100,99993,100,99928,100,100015,100,99893,100,100022,100,99877,100,100026,100,99875,100,100040,100,99868,100,100067,100,99820,100,100083,100,,,100091,100,,,100171,100,,
2019-06-28 09:30:00.000000039,99954,100,99940,100,99993,100,99928,100,100015,100,99893,100,100022,100,99877,100,100026,100,99875,100,100040,100,99868,100,100067,100,99820,100,100083,100,,,100091,200,,,100171,100,,
2019-06-28 09:30:00.000000040,99954,100,99940,100,99993,100,99928,100,100015,100,99900,100,100022,100,99893,100,100026,100,99877,100,100040,100,99875,100,100067,100,99868,100,100083,100,99820,100,100091,200,,,100171,100,,
2019-06-28 09:30:00.000000041,99954,100,99941,100,99993,100,99940,100,100015,100,99928,100,100022,100,99900,100,100026,100,99893,100,100040,100,99877,100,100067,100,99875,100,100083,100,99868,100,100091,200,99820,100,100171,100,,
2019-06-28 09:30:00.000000042,99943,100,99941,100,99954,100,99940,100,99993,100,99928,100,100015,100,99900,200,100022,100,99893,100,100026,100,99877,100,100040,100,99875,100,100061,100,99868,100,100067,100,99820,100,100083,100,,
2019-06-28 09:30:00.000000043,99943,100,99941,100,99954,100,99940,100,99993,100,99928,100,100015,100,99900,200,100022,100,99893,100,100026,100,99877,100,100040,100,99875,100,100060,100,99868,100,100061,100,99820,100,100067,100,,
2019-06-28 09:30:00.000000045,99943,100,99941,100,99954,100,99940,100,99993,100,99928,100,100015,100,99900,200,100022,100,99893,100,100026,100,99877,100,100040,100,99875,100,100049,100,99868,100,100060,100,99820,100,100061,100,,
2019-06-28 09:30:00.000000048,99943,100,99941,100,99954,100,99940,100,99993,100,99928,100,100015,100,99902,100,100022,100,99900,200,100026,100,99893,100,100040,100,99877,100,100049,100,99875,100,100060,100,99868,100,100061,100,99820,100
2019-06-28 09:30:00.000000050,99943,100,99941,100,99954,100,99940,100,99993,100,99929,100,100015,100,99928,100,100022,100,99902,100,100026,100,99900,200,100040,100,99893,100,100049,100,99877,100,100060,100,99875,100,100061,100,99868,100
2019-06-28 09:30:00.000000052,99943,100,99941,100,99954,100,99940,100,99993,100,99929,100,100015,100,99928,100,100022,100,99902,100,100026,100,99900,200,100034,100,99893,100,100040,100,99877,100,100049,100,99875,100,100060,100,99868,100
2019-06-28 09:30:00.000000056,99943,100,99941,100,99954,100,99940,100,99993,100,99929,100,100015,100,99928,100,100022,100,99902,100,100026,100,99900,200,100034,100,99894,100,100040,100,99893,100,100049,100,99877,100,100060,100,99875,100
2019-06-28 09:30:00.000000059,99954,100,99941,100,99993,100,99940,100,100015,100,99929,100,100022,100,99928,100,100026,100,99902,100,100034,100,99900,200,100040,100,99894,100,100049,100,99893,100,100060,100,99877,100,100061,100,99875,100
2019-06-28 09:30:00.000000061,99954,100,99941,100,99993,100,99940,100,99997,100,99929,100,100015,100,99928,100,100022,100,99902,100,100026,100,99900,200,100034,100,99894,100,100040,100,99893,100,100049,100,99877,100,100060,100,99875,100
2019-06-28 09:30:00.000000062,99993,100,99941,100,99997,100,99940,100,100015,100,99929,100,100020,100,99928,100,100022,100,99902,100,100026,100,99900,200,100034,100,99894,100,100040,100,99893,100,100049,100,99877,100,100060,100,99875,100
2019-06-28 09:30:00.000000068,99993,100,99941,100,99997,100,99940,100,100015,100,99929,100,100020,100,99928,100,100022,100,99902,100,100026,100,99900,200,100034,100,99894,100,100040,100,99893,100,100049,100,99877,100,100060,100,99875,100
2019-06-28 09:30:00.000000069,99993,100,99943,100,99997,100,99941,100,100015,100,99940,100,100020,100,99932,100,100022,100,99929,100,100026,100,99928,100,100034,100,99902,100,100040,100,99900,200,100049,100,99894,100,100060,100,99893,100
2019-06-28 09:30:00.000000071,99993,100,99943,100,99997,100,99941,100,100015,100,99940,100,100020,100,99932,100,100022,100,99929,100,100026,100,99928,100,100034,100,99902,100,100040,100,99900,200,100048,100,99894,100,100049,100,99893,100
2019-06-28 09:30:00.000000072,99993,100,99941,100,99997,100,99940,100,100015,100,99932,100,100020,100,99929,100,100022,100,99928,100,100026,100,99902,100,100034,100,99900,200,100040,100,99894,100,100048,100,99893,100,100049,100,99877,100
2019-06-28 09:30:00.000000073,99993,100,99954,100,99997,100,99941,100,100015,100,99940,100,100020,100,99932,100,100022,100,99929,100,100026,100,99928,100,100034,100,99902,100,100040,100,99900,200,100048,100,99894,100,100049,100,99893,100
2019-06-28 09:30:00.000000074,99993,100,99954,100,99997,100,99941,100,100015,100,99940,100,100020,100,99932,100,100022,100,99929,100,100026,100,99928,100,100034,100,99902,100,100040,100,99900,200,100048,100,99894,100,100049,100,99893,100
2019-06-28 09:30:00.000000078,99993,100,99984,100,99997,100,99954,100,100015,100,99941,100,100020,100,99940,100,100022,100,99932,100,100026,100,99929,100,100034,100,99928,100,100040,100,99902,100,100048,100,99900,200,100049,100,99894,100
2019-06-28 09:30:00.000000080,99993,100,99984,100,99997,100,99959,100,100015,100,99954,100,100020,100,99941,100,100022,100,99940,100,100026,100,99932,100,100034,100,99929,100,100040,100,99928,100,100048,100,99902,100,100049,100,99900,200
2019-06-28 09:30:00.000000081,99993,100,99984,100,99997,100,99959,100,100015,100,99954,100,100020,100,99941,100,100022,100,99940,100,100026,100,99932,100,100034,100,99929,100,100040,100,99928,100,100048,100,99902,100,100049,100,99900,200
2019-06-28 09:30:00.000000082,99993,100,99984,100,99997,100,99959,100,100015,100,99954,100,100020,100,99941,100,100022,100,99940,100,100026,100,99932,100,100034,100,99929,100,100040,100,99928,100,100048,100,99902,100,100049,100,99900,200
2019-06-28 09:30:00.000000085,99993,100,99984,100,99997,100,99959,100,100015,100,99954,100,100020,100,99943,100,100022,100,99941,100,100026,100,99940,100,100034,100,99932,100,100040,100,99929,100,100048,100,99928,100,100049,100,99902,100
2019-06-28 09:30:00.000000087,99993,100,99984,100,99997,100,99959,100,100015,100,99954,100,100020,100,99943,100,100022,100,99941,100,100025,100,99940,100,100026,100,99932,100,100034,100,99929,100,100040,100,99928,100,100048,100,99902,100
2019-06-28 09:30:00.000000091,99993,100,99987,100,99997,100,99984,100,100015,100,99959,100,100020,100,99954,100,100022,100,99943,100,100025,100,99941,100,100026,100,99940,100,100034,100,99932,100,100040,100,99929,100,100048,100,99928,100
2019-06-28 09:30:00.000000094,99993,100,99987,100,99997,100,99984,100,100015,100,99959,100,100020,100,99954,100,100022,100,99943,100,100025,100,99941,100,100026,100,99940,100,100034,100,99934,100,100040,100,99932,100,100048,100,99929,100
2019-06-28 09:30:00.000000095,99993,100,99987,100,99997,100,99984,100,100015,100,99959,100,100020,100,99954,100,100022,100,99943,100,100025,100,99941,100,100026,100,99940,100,100034,100,99934,100,100040,100,99932,100,100048,100,99929,100
2019-06-28 09:30:00.000000097,99993,100,99987,100,99997,100,99984,100,100015,100,99959,100,100020,100,99954,100,100022,100,99943,100,100025,100,99941,100,100026,100,99940,100,100034,100,99934,100,100040,100,99932,100,100048,100,99929,100
2019-06-28 09:30:00.000000099,99993,100,99987,100,99997,100,99984,100,100015,100,99959,100,100020,100,99954,100,100022,100,99943,100,100025,100,99941,100,100026,100,99940,100,100034,100,99934,100,100040,100,99932,100,100048,100,99929,100
2019-06-28 09:30:02.824263544,99993,100,99987,100,99997,100,99984,100,100015,100,99959,100,100020,100,99954,100,100022,100,99943,200,100025,100,99941,100,100026,100,99940,100,100034,100,99934,100,100040,100,99932,100,100048,100,99929,100
2019-06-28 09:30:09.345078728,99993,100,99987,100,99997,100,99984,100,100020,100,99959,100,100022,100,99954,100,100025,100,99943,200,100026,100,99941,100,100034,100,99940,100,100040,100,99934,100,100048,100,99932,100,100049,100,99929,100
2019-06-28 09:30:10.000000000,99993,188,99987,188,99997,188,99984,188,100020,188,99959,188,100022,188,99954,188,100025,100,99943,200,100026,100,99941,100,100034,100,99940,100,100040,100,99934,100,100048,100,99932,100,100049,100,99929,100
2019-06-28 09:30:20.000000000,99993,277,99987,277,99997,277,99984,277,100020,100,99959,100,100022,100,99954,100,100025,100,99943,200,100026,100,99941,100,100034,100,99940,100,100040,100,99934,100,100048,100,99932,100,100049,100,99929,100
2019-06-28 09:30:30.000000000,99993,220,99987,220,99997,217,99984,217,100020,217,99959,217,100022,100,99954,100,100025,100,99943,200,100026,100,99941,100,100034,100,99940,100,100040,100,99934,100,100048,100,99932,100,100049,100,99929,100
2019-06-28 09:30:40.000000000,99993,277,99987,277,99997,277,99984,277,100020,100,99959,100,100022,100,99954,100,100025,100,99943,200,100026,100,99941,100,100034,100,99940,100,100040,100,99934,100,100048,100,99932,100,100049,100,99929,100
2019-06-28 09:30:45.066739224,99993,177,99987,277,99997,277,99984,277,100020,100,99959,100,100022,100,99954,100,100025,100,99943,200,100026,100,99941,100,100034,100,99940,100,100040,100,99934,100,100048,100,99932,100,100049,100,99929,100
2019-06-28 09:30:50.000000000,99997,454,99987,454,100020,100,99984,100,100022,100,99959,100,100025,100,99954,100,100026,100,99943,200,100034,100,99941,100,100040,100,99940,100,100048,100,99934,100,100049,100,99932,100,100060,100,99929,100
2019-06-28 09:30:59.801081924,99997,354,99987,454,100020,100,99984,100,100022,100,99959,100,100025,100,99954,100,100026,100,99943,200,100034,100,99941,100,100040,100,99940,100,100048,100,99934,100,100049,100,99932,100,100060,100,99929,100
2019-06-28 09:31:00.000000000,100020,188,99987,188,100022,188,99984,188,100025,188,99959,188,100026,188,99954,188,100034,100,99943,200,100040,100,99941,100,100048,100,99940,100,100049,100,99934,100,100060,100,99932,100,100061,100,99929,100
2019-06-28 09:31:05.573795159,100020,188,99987,188,100022,188,99984,188,100025,188,99959,188,100026,188,99954,188,100034,100,99943,200,100040,100,99941,100,100048,100,99940,100,100049,100,99934,100,100060,100,99932,100,100061,100,99929,100
2019-06-28 09:31:07.918075371,100020,188,99987,88,100022,188,99984,188,100025,188,99959,188,100026,188,99954,188,100034,100,99943,200,100040,100,99941,100,100048,100,99940,100,100049,100,99934,100,100060,100,99932,100,100061,100,99929,100
2019-06-28 09:31:10.000000000,100020,277,99984,277,100022,277,99959,277,100025,100,99954,100,100026,100,99943,200,100034,100,99941,100,100040,100,99940,100,100048,100,99934,100,100049,100,99932,100,100060,100,99929,100,100061,100,99928,100
2019-06-28 09:31:13.101333411,100020,277,99993,100,100022,277,99984,277,100025,100,99959,277,100026,100,99954,100,100034,100,99943,200,100040,100,99941,100,100048,100,99940,100,100049,100,99934,100,100060,100,99932,100,100061,100,99929,100
2019-06-28 09:31:20.000000000,100020,171,99993,171,100022,171,99984,171,100025,171,99959,171,100026,171,99954,171,100034,171,99943,271,100040,100,99941,100,100048,100,99940,100,100049,100,99934,100,100060,100,99932,100,100061,100,99929,100
2019-06-28 09:31:27.228462929,100020,171,99993,171,100022,171,99984,171,100025,171,99959,171,100026,171,99954,171,100034,171,99943,271,100040,100,99941,100,100048,100,99940,100,100049,100,99934,100,100060,100,99932,100,100061,100,99929,100
2019-06-28 09:31:29.326404332,100020,171,99993,271,100022,171,99984,171,100025,171,99959,171,100026,171,99954,171,100034,171,99943,271,100040,100,99941,100,100048,100,99940,100,100049,100,99934,100,100060,100,99932,100,100061,100,99929,100
2019-06-28 09:31:30.000000000,100020,220,99993,320,100022,217,99984,217,100025,217,99959,217,100026,100,99954,100,100034,100,99943,200,100040,100,99941,100,100048,100,99940,100,100049,100,99934,100,100060,100,99932,100,100061,100,99929,100
2019-06-28 09:31:30.454068183,100020,120,99993,320,100022,217,99984,217,100025,217,99959,217,100026,100,99954,100,100034,100,99943,200,100040,100,99941,100,100048,100,99940,100,100049,100,99934,100,100060,100,99932,100,100061,100,99929,100
2019-06-28 09:31:40.000000000,100022,188,99993,288,100025,188,99984,188,100026,188,99959,188,100034,188,99954,188,100040,100,99943,200,100048,100,99941,100,100049,100,99940,100,100060,100,99934,100,100061,100,99932,100,100062,100,99929,100
2019-06-28 09:31:46.617236165,100022,88,99993,288,100025,188,99984,188,100026,188,99959,188,100034,188,99954,188,100040,100,99943,200,100048,100,99941,100,100049,100,99940,100,100060,100,99934,100,100061,100,99932,100,100062,100,99929,100
2019-06-28 09:31:48.509261928,100022,88,99993,288,100025,188,99984,188,100026,188,99959,188,100034,188,99954,188,100040,100,99943,200,100048,100,99941,100,100049,100,99940,100,100060,100,99934,100,100061,100,99932,100,100062,100,99929,100
2019-06-28 09:31:49.553251803,100025,188,100022,12,100026,188,99993,288,100034,188,99984,188,100040,100,99959,188,100048,100,99954,188,100049,100,99943,200,100060,100,99941,100,100061,100,99940,100,100062,100,99934,100,100067,100,99932,100
2019-06-28 09:31:50.000000000,100025,220,100022,132,100026,217,99993,317,100034,217,99984,217,100040,100,99959,100,100048,100,99954,100,100049,100,99943,200,100060,100,99941,100,100061,100,99940,100,100062,100,99934,100,100067,100,99932,100
2019-06-28 09:32:00.000000000,100025,454,100022,366,100026,100,99993,200,100034,100,99984,100,100040,100,99959,100,100048,100,99954,100,100049,100,99943,200,100060,100,99941,100,100061,100,99940,100,100062,100,99934,100,100067,100,99932,100
2019-06-28 09:32:10.000000000,100025,171,100022,83,100026,171,99993,271,100034,171,99984,171,100040,171,99959,171,100048,171,99954,171,100049,100,99943,200,100060,100,99941,100,100061,100,99940,100,100062,100,99934,100,100067,100,99932,100
2019-06-28 09:32:20.000000000,100025,454,100022,366,100026,100,99993,200,100034,100,99984,100,100040,100,99959,100,100048,100,99954,100,100049,100,99943,200,100060,100,99941,100,100061,100,99940,100,100062,100,99934,100,100067,100,99932,100
2019-06-28 09:32:23.872958578,100025,454,100022,366,100034,100,99993,200,100040,100,99984,100,100048,100,99959,100,100049,100,99954,100,100060,100,99943,200,100061,100,99941,100,100062,100,99940,100,100067,100,99934,100,100074,200,99932,100
2019-06-28 09:32:30.000000000,100025,188,100022,100,100034,188,99993,288,100040,188,99984,188,100048,188,99959,188,100049,100,99954,100,100060,100,99943,200,100061,100,99941,100,100062,100,99940,100,100067,100,99934,100,100074,200,99932,100
2019-06-28 09:32:40.000000000,100025,171,100022,83,100034,171,99993,271,100040,171,99984,171,100048,171,99959,171,100049,171,99954,171,100060,100,99943,200,100061,100,99941,100,100062,100,99940,100,100067,100,99934,100,100074,200,99932,100
2019-06-28 09:32:42.320028168,100025,71,100022,83,100034,171,99993,271,100040,171,99984,171,100048,171,99959,171,100049,171,99954,171,100060,100,99943,200,100061,100,99941,100,100062,100,99940,100,100067,100,99934,100,100074,200,99932,100
2019-06-28 09:32:47.406447817,100025,71,100022,83,100034,171,99993,271,100040,171,99984,171,100048,171,99959,171,100049,171,99954,171,100060,100,99943,200,100061,100,99941,100,100062,100,99940,100,100067,100,99934,100,100074,200,99932,100
2019-06-28 09:32:50.000000000,100034,454,100022,366,100040,100,99993,200,100048,100,99984,100,100049,100,99959,100,100060,100,99954,100,100061,100,99943,200,100062,100,99941,100,100067,100,99940,100,100074,200,99934,100,100091,100,99932,100
2019-06-28 09:33:00.000000000,100034,454,100022,366,100040,100,99993,200,100048,100,99984,100,100049,100,99959,100,100060,100,99954,100,100061,100,99943,200,100062,100,99941,100,100067,100,99940,100,100074,200,99934,100,100091,100,99932,100
2019-06-28 09:33:10.000000000,100034,277,100022,189,100040,277,99993,377,100048,100,99984,100,100049,100,99959,100,100060,100,99954,100,100061,100,99943,200,100062,100,99941,100,100067,100,99940,100,100074,200,99934,100,100091,100,99932,100
2019-06-28 09:33:13.028045024,100034,277,100022,189,100040,277,99993,277,100048,100,99984,100,100049,100,99959,100,100060,100,99954,100,100061,100,99943,200,100062,100,99941,100,100067,100,99940,100,100074,200,99934,100,100091,100,99932,100
2019-06-28 09:33:13.374210083,100034,177,100022,189,100040,277,99993,277,100048,100,99984,100,100049,100,99959,100,100060,100,99954,100,100061,100,99943,200,100062,100,99941,100,100067,100,99940,100,100074,200,99934,100,100091,100,99932,100
2019-06-28 09:33:14.924459344,100034,177,100022,189,100040,277,99993,277,100048,100,99984,100,100049,100,99972,100,100060,100,99959,100,100061,100,99954,100,100062,100,99943,200,100067,100,99941,100,100074,200,99940,100,100091,100,99934,100
2019-06-28 09:33:17.944796013,100034,77,100022,189,100040,277,99993,277,100048,100,99984,100,100049,100,99972,100,100060,100,99959,100,100061,100,99954,100,100062,100,99943,200,100067,100,99941,100,100074,200,99940,100,100091,100,99934,100
2019-06-28 09:33:20.000000000,100040,277,100022,189,100048,277,99993,277,100049,100,99984,100,100060,100,99972,100,100061,100,99959,100,100062,100,99954,100,100067,100,99943,200,100074,200,99941,100,100091,100,99940,100,100099,100,99934,100
2019-06-28 09:33:30.000000000,100040,188,100022,100,100048,188,99993,188,100049,188,99984,188,100060,188,99972,188,100061,100,99959,100,100062,100,99954,100,100067,100,99943,200,100074,200,99941,100,100091,100,99940,100,100099,100,99934,100
2019-06-28 09:33:35.982356392,100040,188,100022,100,100048,188,99993,188,100049,188,99984,188,100060,188,99972,188,100061,100,99959,100,100062,100,99954,100,100067,100,99943,200,100074,200,99941,100,100091,100,99934,100,100099,100,99932,100
2019-06-28 09:33:40.000000000,100040,220,100022,132,100048,217,99993,217,100049,217,99984,217,100060,100,99972,100,100061,100,99959,100,100062,100,99954,100,100067,100,99943,200,100074,200,99941,100,100091,100,99934,100,100099,100,99932,100
2019-06-28 09:33:50.000000000,100040,171,100022,83,100048,171,99993,171,100049,171,99984,171,100060,171,99972,171,100061,171,99959,171,100062,100,99954,100,100067,100,99943,200,100074,200,99941,100,100091,100,99934,100,100099,100,99932,100
2019-06-28 09:33:55.725592307,100040,71,100022,83,100048,171,99993,171,100049,171,99984,171,100060,171,99972,171,100061,171,99959,171,100062,100,99954,100,100067,100,99943,200,100074,100,99941,100,100091,100,99934,100,100099,100,99932,100
2019-06-28 09:34:00.000000000,100048,220,100022,132,100049,217,99993,217,100060,217,99984,217,100061,100,99972,100,100062,100,99959,100,100067,100,99954,100,100074,100,99943,200,100091,100,99941,100,100099,100,99934,100,100109,100,99932,100
2019-06-28 09:34:10.000000000,100048,277,100022,189,100049,277,99993,277,100060,100,99984,100,100061,100,99972,100,100062,100,99959,100,100067,100,99954,100,100074,100,99943,200,100091,100,99941,100,100099,100,99934,100,100109,100,99932,100
2019-06-28 09:34:20.000000000,100048,188,100022,100,100049,188,99993,188,100060,188,99984,188,100061,188,99972,188,100062,100,99959,100,100067,100,99954,100,100074,100,99943,200,100091,100,99941,100,100099,100,99934,100,100109,100,99932,100
2019-06-28 09:34:23.551206798,100048,88,100022,100,100049,188,99993,188,100060,188,99984,188,100061,188,99972,188,100062,100,99959,100,100067,100,99954,100,100074,100,99943,200,100091,100,99941,100,100099,100,99934,100,100109,100,99932,100
2019-06-28 09:34:24.141620256,100036,100,100022,100,100048,88,99993,188,100049,188,99984,188,100060,188,99972,188,100061,188,99959,100,100062,100,99954,100,100067,100,99943,200,100074,100,99941,100,100091,100,99934,100,100099,100,99932,100
2019-06-28 09:34:30.000000000,100036,220,100022,132,100049,217,99993,217,100060,217,99984,217,100061,100,99972,100,100062,100,99959,100,100067,100,99954,100,100074,100,99943,200,100091,100,99941,100,100099,100,99934,100,100109,100,99932,100
2019-06-28 09:34:40.000000000,100036,188,100022,100,100049,188,99993,188,100060,188,99984,188,100061,188,99972,188,100062,100,99959,100,100067,100,99954,100,100074,100,99943,200,100091,100,99941,100,100099,100,99934,100,100109,100,99932,100
2019-06-28 09:34:50.000000000,100036,454,100022,366,100049,100,99993,100,100060,100,99984,100,100061,100,99972,100,100062,100,99959,100,100067,100,99954,100,100074,100,99943,200,100091,100,99941,100,100099,100,99934,100,100109,100,99932,100
2019-06-28 09:34:54.950963005,100036,354,100022,366,100049,100,99993,100,100060,100,99984,100,100061,100,99972,100,100062,100,99954,100,100067,100,99943,200,100074,100,99941,100,100091,100,99934,100,100099,100,99932,100,100109,100,99929,100
2019-06-28 09:35:00.000000000,100049,171,100022,83,100060,171,99993,171,100061,171,99984,171,100062,171,99972,171,100067,171,99954,171,100074,100,99943,200,100091,100,99941,100,100099,100,99934,100,100109,100,99932,100,100122,100,99929,100
2019-06-28 09:35:10.000000000,100049,188,100022,100,100060,188,99993,188,100061,188,99984,188,100062,188,99972,188,100067,100,99954,100,100074,100,99943,200,100091,100,99941,100,100099,100,99934,100,100109,100,99932,100,100122,100,99929,100
2019-06-28 09:35:20.000000000,100049,188,100022,100,100060,188,99993,188,100061,188,99984,188,100062,188,99972,188,100067,100,99954,100,100074,100,99943,200,100091,100,99941,100,100099,100,99934,100,100109,100,99932,100,100122,100,99929,100
2019-06-28 09:35:30.000000000,100049,171,100022,83,100060,171,99993,171,100061,171,99984,171,100062,171,99972,171,100067,171,99954,171,100074,100,99943,200,100091,100,99941,100,100099,100,99934,100,100109,100,99932,100,100122,100,99929,100
2019-06-28 09:35:36.640803809,100022,17,99993,171,100049,171,99984,171,100060,171,99972,171,100061,171,99954,71,100062,171,99943,200,100067,171,99941,100,100074,100,99934,100,100091,100,99932,100,100099,100,99929,100,100109,100,99928,100
2019-06-28 09:35:40.000000000,100022,371,99993,454,100049,100,99984,100,100060,100,99972,100,100061,100,99943,200,100062,100,99941,100,100067,100,99934,100,100074,100,99932,100,100091,100,99929,100,100099,100,99928,100,100109,100,99902,100
2019-06-28 09:35:45.773709399,100022,371,99993,454,100049,200,99984,100,100060,100,99972,100,100061,100,99943,200,100062,100,99941,100,100067,100,99934,100,100074,100,99932,100,100091,100,99929,100,100099,100,99928,100,100109,100,99902,100
2019-06-28 09:35:50.000000000,100022,194,99993,277,100049,377,99984,277,100060,100,99972,100,100061,100,99943,200,100062,100,99941,100,100067,100,99934,100,100074,100,99932,100,100091,100,99929,100,100099,100,99928,100,100109,100,99902,100
2019-06-28 09:35:57.009777647,100022,194,99993,277,100049,377,99984,277,100060,100,99972,100,100061,100,99943,200,100062,100,99941,100,100067,100,99934,100,100074,100,99932,100,100091,100,99929,100,100099,100,99928,100,100109,100,99902,100
2019-06-28 09:36:00.000000000,100022,194,99993,277,100049,377,99984,277,100060,100,99972,100,100061,100,99943,200,100062,100,99941,100,100067,100,99934,100,100074,100,99932,100,100091,100,99929,100,100099,100,99928,100,100109,100,99902,100
2019-06-28 09:36:00.766393239,100022,194,99993,277,100049,377,99984,277,100060,100,99972,100,100061,100,99943,200,100062,100,99941,100,100067,100,99934,100,100074,100,99932,100,100091,100,99929,100,100099,100,99928,200,100109,100,99902,100
2019-06-28 09:36:10.000000000,100022,88,99993,171,100049,271,99984,171,100060,171,99972,171,100061,171,99943,271,100062,171,99941,171,100067,100,99934,100,100074,100,99932,100,100091,100,99929,100,100099,100,99928,200,100109,100,99902,100
2019-06-28 09:36:19.118437228,100049,271,100022,12,100060,171,99993,171,100061,171,99984,171,100062,171,99972,171,100067,100,99943,271,100074,100,99941,171,100091,100,99934,100,100099,100,99929,100,100109,100,99928,200,100122,100,99902,100
2019-06-28 09:36:20.000000000,100049,271,100022,83,100060,171,99993,171,100061,171,99984,171,100062,171,99972,171,100067,171,99943,271,100074,100,99941,100,100091,100,99934,100,100099,100,99929,100,100109,100,99928,200,100122,100,99902,100
2019-06-28 09:36:30.000000000,100049,271,100022,83,100060,171,99993,171,100061,171,99984,171,100062,171,99972,171,100067,171,99943,271,100074,100,99941,100,100091,100,99934,100,100099,100,99929,100,100109,100,99928,200,100122,100,99902,100
2019-06-28 09:36:33.053516597,100049,271,100023,100,100060,171,100022,83,100061,171,99993,171,100062,171,99984,171,100067,171,99972,171,100074,100,99943,271,100091,100,99941,100,100099,100,99934,100,100109,100,99929,100,100122,100,99928,200
2019-06-28 09:36:34.886675842,100049,271,100023,100,100060,171,100022,83,100061,171,99993,171,100062,171,99984,171,100067,171,99972,171,100074,100,99943,271,100091,100,99941,100,100099,100,99934,100,100109,100,99929,100,100122,100,99928,200
2019-06-28 09:36:40.000000000,100049,271,100023,171,100060,171,100022,83,100061,171,99993,171,100062,171,99984,171,100067,171,99972,171,100074,100,99943,200,100091,100,99941,100,100099,100,99934,100,100109,100,99929,100,100122,100,99928,200
2019-06-28 09:36:50.000000000,100049,377,100023,277,100060,277,100022,189,100061,100,99993,100,100062,100,99984,100,100067,100,99972,100,100074,100,99943,200,100091,100,99941,100,100099,100,99934,100,100109,100,99929,100,100122,100,99928,200
2019-06-28 09:37:00.000000000,100049,377,100023,277,100060,277,100022,189,100061,100,99993,100,100062,100,99984,100,100067,100,99972,100,100074,100,99943,200,100091,100,99941,100,100099,100,99934,100,100109,100,99929,100,100122,100,99928,200
2019-06-28 09:37:02.125496575,100049,377,100023,277,100060,277,100022,189,100061,100,99993,100,100062,100,99984,100,100067,100,99972,100,100074,100,99943,200,100091,100,99941,100,100099,100,99934,100,100109,100,99928,200,100122,100,99902,100
2019-06-28 09:37:10.000000000,100049,320,100023,220,100060,217,100022,129,100061,217,99993,217,100062,100,99984,100,100067,100,99972,100,100074,100,99943,200,100091,100,99941,100,100099,100,99934,100,100109,100,99928,200,100122,100,99902,100
2019-06-28 09:37:20.000000000,100049,288,100023,188,100060,188,100022,100,100061,188,99993,188,100062,188,99984,188,100067,100,99972,100,100074,100,99943,200,100091,100,99941,100,100099,100,99934,100,100109,100,99928,200,100122,100,99902,100
2019-06-28 09:37:25.944455979,100049,288,100023,188,100060,188,100022,100,100061,188,99993,188,100062,188,99984,188,100067,100,99972,100,100074,100,99943,200,100091,100,99941,100,100099,100,99934,100,100109,100,99928,200,100116,100,99902,100
2019-06-28 09:37:30.000000000,100049,554,100023,454,100060,100,100022,12,100061,100,99993,100,100062,100,99984,100,100067,100,99972,100,100074,100,99943,200,100091,100,99941,100,100099,100,99934,100,100109,100,99928,200,100116,100,99902,100
2019-06-28 09:37:40.000000000,100049,320,100023,220,100060,217,100022,129,100061,217,99993,217,100062,100,99984,100,100067,100,99972,100,100074,100,99943,200,100091,100,99941,100,100099,100,99934,100,100109,100,99928,200,100116,100,99902,100
2019-06-28 09:37:50.000000000,100049,377,100023,277,100060,277,100022,189,100061,100,99993,100,100062,100,99984,100,100067,100,99972,100,100074,100,99943,200,100091,100,99941,100,100099,100,99934,100,100109,100,99928,200,100116,100,99902,100
2019-06-28 09:38:00.000000000,100049,554,100023,454,100060,100,100022,12,100061,100,99993,100,100062,100,99984,100,100067,100,99972,100,100074,100,99943,200,100091,100,99941,100,100099,100,99934,100,100109,100,99928,200,100116,100,99902,100
2019-06-28 09:38:10.000000000,100049,554,100023,454,100060,100,100022,12,100061,100,99993,100,100062,100,99984,100,100067,100,99972,100,100074,100,99943,200,100091,100,99941,100,100099,100,99934,100,100109,100,99928,200,100116,100,99902,100
2019-06-28 09:38:10.277921928,100049,454,100023,454,100050,100,100022,12,100060,100,99993,100,100061,100,99984,100,100062,100,99972,100,100067,100,99943,200,100074,100,99941,100,100091,100,99934,100,100099,100,99928,200,100109,100,99902,100
2019-06-28 09:38:20.000000000,100049,220,100023,220,100050,217,100022,129,100060,217,99993,217,100061,100,99984,100,100062,100,99972,100,100067,100,99943,200,100074,100,99941,100,100091,100,99934,100,100099,100,99928,200,100109,100,99902,100
2019-06-28 09:38:30.000000000,100049,171,100023,171,100050,171,100022,83,100060,171,99993,171,100061,171,99984,171,100062,171,99972,171,100067,100,99943,200,100074,100,99941,100,100091,100,99934,100,100099,100,99928,200,100109,100,99902,100
2019-06-28 09:38:40.000000000,100049,277,100023,277,100050,277,100022,189,100060,100,99993,100,100061,100,99984,100,100062,100,99972,100,100067,100,99943,200,100074,100,99941,100,100091,100,99934,100,100099,100,99928,200,100109,100,99902,100
2019-06-28 09:38:50.000000000,100049,171,100023,171,100050,171,100022,83,100060,171,99993,171,100061,171,99984,171,100062,171,99972,171,100067,100,99943,200,100074,100,99941,100,100091,100,99934,100,100099,100,99928,200,100109,100,99902,100
2019-06-28 09:39:00.000000000,100049,188,100023,188,100050,188,100022,100,100060,188,99993,188,100061,188,99984,188,100062,100,99972,100,100067,100,99943,200,100074,100,99941,100,100091,100,99934,100,100099,100,99928,200,100109,100,99902,100
2019-06-28 09:39:10.000000000,100049,277,100023,277,100050,277,100022,189,100060,100,99993,100,100061,100,99984,100,100062,100,99972,100,100067,100,99943,200,100074,100,99941,100,100091,100,99934,100,100099,100,99928,200,100109,100,99902,100
2019-06-28 09:39:20.000000000,100049,188,100023,188,100050,188,100022,100,100060,188,99993,188,100061,188,99984,188,100062,100,99972,100,100067,100,99943,200,100074,100,99941,100,100091,100,99934,100,100099,100,99928,200,100109,100,99902,100
2019-06-28 09:39:30.000000000,100049,171,100023,171,100050,171,100022,83,100060,171,99993,171,100061,171,99984,171,100062,171,99972,171,100067,100,99943,200,100074,100,99941,100,100091,100,99934,100,100099,100,99928,200,100109,100,99902,100
2019-06-28 09:39:40.000000000,100049,277,100023,277,100050,277,100022,189,100060,100,99993,100,100061,100,99984,100,100062,100,99972,100,100067,100,99943,200,100074,100,99941,100,100091,100,99934,100,100099,100,99928,200,100109,100,99902,100
2019-06-28 09:39:40.944287676,100049,177,100023,277,100050,277,100022,189,100060,100,99993,100,100061,100,99984,100,100062,100,99972,100,100067,100,99943,200,100074,100,99941,100,100091,100,99934,100,100099,100,99928,200,100109,100,99902,100
2019-06-28 09:39:50.000000000,100050,277,100023,277,100060,277,100022,189,100061,100,99993,100,100062,100,99984,100,100067,100,99972,100,100074,100,99943,200,100091,100,99941,100,100099,100,99934,100,100109,100,99928,200,100116,100,99902,100
2019-06-28 09:40:00.000000000,100050,171,100023,171,100060,171,100022,83,100061,171,99993,171,100062,171,99984,171,100067,171,99972,171,100074,100,99943,200,100091,100,99941,100,100099,100,99934,100,100109,100,99928,200,100116,100,99902,100
2019-06-28 09:40:10.000000000,100050,454,100023,454,100060,100,100022,12,100061,100,99993,100,100062,100,99984,100,100067,100,99972,100,100074,100,99943,200,100091,100,99941,100,100099,100,99934,100,100109,100,99928,200,100116,100,99902,100
2019-06-28 09:40:17.703787292,100050,454,100023,454,100060,100,100022,12,100061,100,99993,100,100062,100,99984,100,100067,100,99972,100,100074,100,99943,200,100091,100,99941,100,100099,100,99934,100,100109,100,99928,200,100116,100,99902,100
2019-06-28 09:40:20.000000000,100050,277,100023,277,100060,277,100022,189,100061,100,99993,100,100062,100,99984,100,100067,100,99972,100,100074,100,99943,200,100091,100,99941,100,100099,100,99934,100,100109,100,99928,200,100116,100,99902,100
2019-06-28 09:40:30.000000000,100050,220,100023,220,100060,217,100022,129,100061,217,99993,217,100062,100,99984,100,100067,100,99972,100,100074,100,99943,200,100091,100,99941,100,100099,100,99934,100,100109,100,99928,200,100116,100,99902,100
2019-06-28 09:40:40.000000000,100050,171,100023,171,100060,171,100022,83,100061,171,99993,171,100062,171,99984,171,100067,171,99972,171,100074,100,99943,200,100091,100,99941,100,100099,100,99934,100,100109,100,99928,200,100116,100,99902,100
2019-06-28 09:40:50.000000000,100050,188,100023,188,100060,188,100022,100,100061,188,99993,188,100062,188,99984,188,100067,100,99972,100,100074,100,99943,200,100091,100,99941,100,100099,100,99934,100,100109,100,99928,200,100116,100,99902,100
2019-06-28 09:41:00.000000000,100050,188,100023,188,100060,188,100022,100,100061,188,99993,188,100062,188,99984,188,100067,100,99972,100,100074,100,99943,200,100091,100,99941,100,100099,100,99934,100,100109,100,99928,200,100116,100,99902,100
2019-06-28 09:41:04.277106703,100050,188,100023,188,100060,188,100022,100,100061,188,99993,188,100062,188,99984,188,100067,100,99972,100,100074,100,99943,200,100091,100,99941,100,100099,100,99934,100,100109,100,99928,200,100116,100,99902,100
2019-06-28 09:41:10.000000000,100050,454,100023,454,100060,100,100022,12,100061,100,99993,100,100062,100,99984,100,100067,100,99972,100,100074,100,99943,200,100091,100,99941,100,100099,100,99934,100,100109,100,99928,200,100116,100,99902,100
2019-06-28 09:41:16.100126638,100050,354,100023,454,100060,100,100022,12,100061,100,99993,100,100062,100,99984,100,100067,100,99972,100,100074,100,99943,200,100091,100,99941,100,100099,100,99934,100,100109,100,99928,200,100116,100,99902,100
2019-06-28 09:41:20.000000000,100060,454,100023,454,100061,100,100022,12,100062,100,99993,100,100067,100,99984,100,100074,100,99972,100,100091,100,99943,200,100099,100,99941,100,100109,100,99934,100,100116,100,99928,200,100122,100,99902,100
2019-06-28 09:41:30.000000000,100060,171,100023,171,100061,171,100022,83,100062,171,99993,171,100067,171,99984,171,100074,171,99972,171,100091,100,99943,200,100099,100,99941,100,100109,100,99934,100,100116,100,99928,200,100122,100,99902,100
2019-06-28 09:41:35.322320877,100060,171,100023,171,100061,171,100022,71,100062,171,99993,171,100067,171,99984,171,100074,171,99972,171,100091,100,99943,200,100099,100,99941,100,100109,100,99934,100,100116,100,99928,200,100122,100,99902,100
2019-06-28 09:41:40.000000000,100060,171,100023,171,100061,171,99993,171,100062,171,99984,171,100067,171,99972,171,100074,171,99943,271,100091,100,99941,100,100099,100,99934,100,100109,100,99928,200,100116,100,99902,100,100122,100,99900,100
2019-06-28 09:41:44.801498545,100060,171,100023,171,100061,171,99993,171,100062,171,99984,171,100067,171,99972,171,100074,171,99943,271,100091,100,99941,100,100099,100,99934,100,100109,100,99928,200,100116,100,99902,100,100122,100,99900,100
2019-06-28 09:41:50.000000000,100060,171,100023,171,100061,171,99993,171,100062,171,99984,171,100067,171,99972,171,100074,171,99943,271,100091,100,99941,100,100099,100,99934,100,100109,100,99928,200,100116,100,99902,100,100122,100,99900,100
2019-06-28 09:41:59.804257367,100060,71,100023,171,100061,171,99993,171,100062,171,99984,71,100067,171,99972,171,100074,171,99943,271,100091,100,99941,100,100099,100,99934,100,100109,100,99928,200,100116,100,99902,100,100122,100,99900,100
2019-06-28 09:42:00.000000000,100061,188,100023,188,100062,188,99993,188,100067,188,99972,188,100074,188,99943,288,100091,100,99941,100,100099,100,99934,100,100109,100,99928,200,100116,100,99902,100,100122,100,99900,100,100149,100,99894,100
2019-06-28 09:42:03.126036323,100061,188,100050,100,100062,188,100023,88,100067,188,99993,188,100074,188,99972,188,100091,100,99943,288,100099,100,99941,100,100109,100,99934,100,100116,100,99928,200,100122,100,99902,100,100149,100,99900,100
2019-06-28 09:42:10.000000000,100061,220,100050,220,100062,217,99993,217,100067,217,99972,217,100074,100,99943,200,100091,100,99941,100,100099,100,99934,100,100109,100,99928,200,100116,100,99902,100,100122,100,99900,100,100149,100,99894,100
2019-06-28 09:42:20.000000000,100061,454,100050,454,100062,100,99993,100,100067,100,99972,100,100074,100,99943,200,100091,100,99941,100,100099,100,99934,100,100109,100,99928,200,100116,100,99902,100,100122,100,99900,100,100149,100,99894,100
2019-06-28 09:42:30.000000000,100061,188,100050,188,100062,188,99993,188,100067,188,99972,188,100074,188,99943,288,100091,100,99941,100,100099,100,99934,100,100109,100,99928,200,100116,100,99902,100,100122,100,99900,100,100149,100,99894,100
2019-06-28 09:42:30.173326433,100061,88,100050,188,100062,188,99993,188,100067,188,99972,188,100074,188,99943,288,100091,100,99941,100,100099,100,99934,100,100109,100,99928,200,100116,100,99902,100,100122,100,99900,100,100149,100,99894,100
2019-06-28 09:42:40.000000000,100062,188,100050,188,100067,188,99993,188,100074,188,99972,188,100091,188,99943,288,100099,100,99941,100,100109,100,99934,100,100116,100,99928,200,100122,100,99902,100,100149,100,99900,100,100171,100,99894,100
2019-06-28 09:42:41.393288422,100062,188,100050,188,100067,188,99993,188,100074,188,99972,188,100091,188,99943,288,100099,100,99941,100,100109,100,99934,100,100116,100,99928,200,100122,100,99902,100,100171,100,99900,100,100225,100,99894,100
2019-06-28 09:42:47.138436687,100062,188,100060,100,100067,188,100050,188,100074,188,99993,188,100091,188,99972,188,100099,100,99943,288,100109,100,99934,100,100116,100,99928,200,100122,100,99902,100,100171,100,99900,100,100225,100,99894,100
2019-06-28 09:42:50.000000000,100062,454,100060,454,100067,100,100050,100,100074,100,99993,100,100091,100,99972,100,100099,100,99943,200,100109,100,99934,100,100116,100,99928,200,100122,100,99902,100,100171,100,99900,100,100225,100,99894,100
2019-06-28 09:43:00.000000000,100062,454,100060,454,100067,100,100050,100,100074,100,99993,100,100091,100,99972,100,100099,100,99943,200,100109,100,99934,100,100116,100,99928,200,100122,100,99902,100,100171,100,99900,100,100225,100,99894,100
2019-06-28 09:43:02.743992330,100062,454,100060,454,100067,100,100050,100,100074,100,99993,100,100091,100,99972,100,100099,100,99943,200,100109,100,99934,100,100116,100,99928,200,100122,100,99902,100,100171,100,99900,100,100225,100,99894,100
2019-06-28 09:43:10.000000000,100062,220,100060,220,100067,217,100050,217,100074,217,99993,217,100091,100,99972,100,100099,100,99943,200,100109,100,99934,100,100116,100,99928,200,100122,100,99902,100,100171,100,99900,100,100225,100,99894,100
2019-06-28 09:43:13.799796467,100062,220,100060,220,100067,217,100050,217,100074,217,99993,217,100091,100,99972,100,100099,100,99943,200,100109,100,99934,100,100116,100,99928,200,100122,100,99902,100,100171,100,99900,100,100225,100,99894,100
2019-06-28 09:43:20.000000000,100062,171,100060,171,100067,171,100050,171,100074,171,99993,171,100091,171,99972,171,100099,171,99943,271,100109,100,99934,100,100116,100,99928,200,100122,100,99902,100,100171,100,99900,100,100225,100,99894,100
2019-06-28 09:43:30.000000000,100062,171,100060,171,100067,171,100050,171,100074,171,99993,171,100091,171,99972,171,100099,171,99943,271,100109,100,99934,100,100116,100,99928,200,100122,100,99902,100,100171,100,99900,100,100225,100,99894,100
2019-06-28 09:43:35.774207915,100062,71,100060,171,100067,171,100050,171,100074,71,99993,171,100091,171,99972,171,100099,171,99943,271,100109,100,99934,100,100116,100,99928,200,100122,100,99902,100,100171,100,99900,100,100225,100,99894,100
2019-06-28 09:43:40.000000000,100067,171,100060,171,100091,171,100050,171,100099,171,99993,171,100109,171,99972,171,100116,171,99943,271,100122,100,99934,100,100171,100,99928,200,100225,100,99902,100,100290,100,99900,100,100330,100,99894,100
2019-06-28 09:43:47.102936904,100067,71,100060,171,100091,171,100050,171,100099,171,99993,171,100109,171,99972,71,100116,171,99943,271,100122,100,99934,100,100171,100,99928,200,100225,100,99902,100,100290,100,99900,100,100330,100,99894,100
2019-06-28 09:43:50.000000000,100091,220,100060,220,100099,217,100050,217,100109,217,99993,217,100116,100,99943,200,100122,100,99934,100,100171,100,99928,200,100225,100,99902,100,100290,100,99900,100,100330,100,99894,100,100373,100,99893,100
2019-06-28 09:44:00.000000000,100091,277,100060,277,100099,277,100050,277,100109,100,99993,100,100116,100,99943,200,100122,100,99934,100,100171,100,99928,200,100225,100,99902,100,100290,100,99900,100,100330,100,99894,100,100373,100,99893,100
2019-06-28 09:44:10.000000000,100091,454,100060,454,100099,100,100050,100,100109,100,99993,100,100116,100,99943,200,100122,100,99934,100,100171,100,99928,200,100225,100,99902,100,100290,100,99900,100,100330,100,99894,100,100373,100,99893,100
2019-06-28 09:44:13.209546469,100091,454,100060,454,100099,100,100050,100,100109,100,99993,100,100116,100,99943,200,100122,100,99934,100,100171,100,99928,200,100290,100,99902,100,100330,100,99900,100,100373,100,99894,100,100441,100,99893,100
2019-06-28 09:44:15.926572499,100091,454,100060,454,100099,100,100050,100,100109,100,99993,100,100116,100,99943,200,100122,100,99934,100,100171,100,99928,200,100290,100,99902,100,100330,100,99900,100,100373,100,99894,100,100441,100,99893,100
2019-06-28 09:44:20.000000000,100091,220,100060,220,100099,217,100050,217,100109,217,99993,217,100116,100,99943,200,100122,100,99934,100,100171,100,99928,200,100290,100,99902,100,100330,100,99900,100,100373,100,99894,100,100441,100,99893,100
2019-06-28 09:44:24.054537236,100091,220,100060,220,100099,217,100050,217,100109,217,99993,217,100116,100,99943,100,100122,100,99934,100,100171,100,99928,200,100290,100,99902,100,100330,100,99900,100,100373,100,99894,100,100441,100,99893,100
2019-06-28 09:44:30.000000000,100091,171,100060,171,100099,171,100050,171,100109,171,99993,171,100116,171,99943,171,100122,171,99934,171,100171,100,99928,200,100290,100,99902,100,100330,100,99900,100,100373,100,99894,100,100441,100,99893,100
2019-06-28 09:44:40.000000000,100091,188,100060,188,100099,188,100050,188,100109,188,99993,188,100116,188,99943,188,100122,100,99934,100,100171,100,99928,200,100290,100,99902,100,100330,100,99900,100,100373,100,99894,100,100441,100,99893,100
2019-06-28 09:44:50.000000000,100091,171,100060,171,100099,171,100050,171,100109,171,99993,171,100116,171,99943,171,100122,171,99934,171,100171,100,99928,200,100290,100,99902,100,100330,100,99900,100,100373,100,99894,100,100441,100,99893,100
2019-06-28 09:44:58.091184673,100091,171,100060,171,100099,171,100050,171,100109,171,99993,171,100116,171,99943,171,100122,171,99934,171,100171,100,99928,200,100290,100,99902,100,100330,100,99900,100,100373,100,99894,100,100441,100,99893,100
2019-06-28 09:45:00.000000000,100091,171,100060,171,100099,171,100050,171,100109,171,99993,171,100116,171,99943,171,100122,171,99934,171,100171,100,99928,200,100290,100,99902,100,100330,100,99900,100,100373,100,99894,100,100441,100,99893,100
2019-06-28 09:45:10.000000000,100091,454,100060,454,100099,100,100050,100,100109,100,99993,100,100116,100,99943,100,100122,100,99934,100,100171,100,99928,200,100290,100,99902,100,100330,100,99900,100,100373,100,99894,100,100441,100,99893,100
2019-06-28 09:45:20.000000000,100091,277,100060,277,100099,277,100050,277,100109,100,99993,100,100116,100,99943,100,100122,100,99934,100,100171,100,99928,200,100290,100,99902,100,100330,100,99900,100,100373,100,99894,100,100441,100,99893,100
2019-06-28 09:45:29.816791892,100091,277,100060,277,100099,277,100050,277,100109,100,99993,100,100116,100,99943,100,100122,100,99934,100,100171,100,99928,200,100290,100,99902,100,100330,100,99900,100,100373,100,99894,100,100441,100,99893,100
2019-06-28 09:45:30.000000000,100091,188,100060,188,100099,188,100050,188,100109,188,99993,188,100116,188,99943,188,100122,100,99934,100,100171,100,99928,200,100290,100,99902,100,100330,100,99900,100,100373,100,99894,100,100441,100,99893,100
2019-06-28 09:45:40.000000000,100091,220,100060,220,100099,217,100050,217,100109,217,99993,217,100116,100,99943,100,100122,100,99934,100,100171,100,99928,200,100290,100,99902,100,100330,100,99900,100,100373,100,99894,100,100441,100,99893,100
2019-06-28 09:45:50.000000000,100091,188,100060,188,100099,188,100050,188,100109,188,99993,188,100116,188,99943,188,100122,100,99934,100,100171,100,99928,200,100290,100,99902,100,100330,100,99900,100,100373,100,99894,100,100441,100,99893,100
2019-06-28 09:45:59.496100601,100091,188,100060,188,100099,188,100050,188,100109,188,99993,188,100116,188,99943,188,100122,100,99934,100,100171,100,99928,200,100290,100,99902,100,100330,100,99900,100,100373,100,99894,100,100441,100,99893,100
2019-06-28 09:46:00.000000000,100091,277,100060,277,100099,277,100050,277,100109,100,99993,100,100116,100,99943,100,100122,100,99934,100,100171,100,99928,200,100290,100,99902,100,100330,100,99900,100,100373,100,99894,100,100441,100,99893,100
2019-06-28 09:46:09.538362862,100091,277,100060,277,100099,277,100050,277,100109,100,99993,100,100116,100,99943,100,100122,100,99934,100,100171,100,99928,200,100290,100,99902,100,100330,100,99900,100,100373,100,99894,100,100441,100,99893,100
2019-06-28 09:46:10.000000000,100091,171,100060,171,100099,171,100050,171,100109,171,99993,171,100116,171,99943,171,100122,171,99934,171,100171,100,99928,200,100290,100,99902,100,100330,100,99900,100,100373,100,99894,100,100441,100,99893,100
2019-06-28 09:46:20.000000000,100091,220,100060,220,100099,217,100050,217,100109,217,99993,217,100116,100,99943,100,100122,100,99934,100,100171,100,99928,200,100290,100,99902,100,100330,100,99900,100,100373,100,99894,100,100441,100,99893,100
2019-06-28 09:46:28.883816849,100091,120,100060,220,100099,217,100050,217,100109,217,99993,217,100116,100,99943,100,100122,100,99934,100,100171,100,99928,200,100290,100,99902,100,100330,100,99900,100,100373,100,99894,100,100441,100,99893,100
2019-06-28 09:46:30.000000000,100099,188,100060,188,100109,188,100050,188,100116,188,99993,188,100122,188,99943,188,100171,100,99934,100,100290,100,99928,200,100330,100,99902,100,100373,100,99900,100,100441,100,99894,100,100563,100,99893,100
2019-06-28 09:46:33.346263434,100099,88,100060,188,100109,188,100050,188,100116,188,99993,188,100122,188,99943,188,100171,100,99934,100,100290,100,99928,200,100330,100,99902,100,100373,100,99900,100,100441,100,99894,100,100563,100,99893,100
2019-06-28 09:46:40.000000000,100109,171,100060,171,100116,171,100050,171,100122,171,99993,171,100171,171,99943,171,100290,171,99934,171,100330,100,99928,200,100373,100,99902,100,100441,100,99900,100,100563,100,99894,100,100584,100,99893,100
2019-06-28 09:46:50.000000000,100109,277,100060,277,100116,277,100050,277,100122,100,99993,100,100171,100,99943,100,100290,100,99934,100,100330,100,99928,200,100373,100,99902,100,100441,100,99900,100,100563,100,99894,100,100584,100,99893,100
2019-06-28 09:46:55.179237230,100109,277,100060,277,100116,277,100050,277,100122,100,99993,100,100171,100,99943,100,100290,100,99934,100,100330,100,99928,200,100373,100,99902,100,100441,100,99900,100,100563,100,99894,100,100584,100,99893,100
2019-06-28 09:47:00.000000000,100109,220,100060,220,100116,217,100050,217,100122,217,99993,217,100171,100,99943,100,100290,100,99934,100,100330,100,99928,200,100373,100,99902,100,100441,100,99900,100,100563,100,99894,100,100584,100,99893,100
2019-06-28 09:47:05.281375883,100109,220,100091,100,100116,217,100060,220,100122,217,100050,217,100171,100,99993,217,100290,100,99943,100,100330,100,99934,100,100373,100,99928,200,100441,100,99902,100,100563,100,99900,100,100584,100,99894,100
2019-06-28 09:47:10.000000000,100109,277,100091,277,100116,277,100060,277,100122,100,100050,100,100171,100,99993,100,100290,100,99943,100,100330,100,99934,100,100373,100,99928,200,100441,100,99902,100,100563,100,99900,100,100584,100,99894,100
2019-06-28 09:47:20.000000000,100109,171,100091,171,100116,171,100060,171,100122,171,100050,171,100171,171,99993,171,100290,171,99943,171,100330,100,99934,100,100373,100,99928,200,100441,100,99902,100,100563,100,99900,100,100584,100,99894,100
2019-06-28 09:47:30.000000000,100109,277,100091,277,100116,277,100060,277,100122,100,100050,100,100171,100,99993,100,100290,100,99943,100,100330,100,99934,100,100373,100,99928,200,100441,100,99902,100,100563,100,99900,100,100584,100,99894,100
2019-06-28 09:47:33.225428893,100109,177,100091,277,100116,277,100060,277,100122,100,100050,100,100171,100,99993,100,100290,100,99943,100,100330,100,99934,100,100373,100,99928,200,100441,100,99902,100,100563,100,99900,100,100584,100,99894,100
2019-06-28 09:47:40.000000000,100116,171,100091,171,100122,171,100060,171,100171,171,100050,171,100290,171,99993,171,100330,171,99943,171,100373,100,99934,100,100441,100,99928,200,100563,100,99902,100,100584,100,99900,100,100640,100,99894,100
2019-06-28 09:47:41.751903129,100116,171,100091,171,100122,171,100060,171,100171,171,100050,171,100290,171,99993,171,100330,171,99943,171,100373,100,99934,100,100441,100,99928,200,100563,100,99902,100,100584,100,99900,100,100640,100,99894,100
2019-06-28 09:47:50.000000000,100116,171,100091,171,100122,171,100060,171,100171,171,100050,171,100290,171,99993,171,100330,171,99943,171,100373,100,99934,100,100441,100,99928,200,100563,100,99902,100,100584,100,99900,100,100640,100,99894,100
2019-06-28 09:48:00.000000000,100116,277,100091,277,100122,277,100060,277,100171,100,100050,100,100290,100,99993,100,100330,100,99943,100,100373,100,99934,100,100441,100,99928,200,100563,100,99902,100,100584,100,99900,100,100640,100,99894,100
2019-06-28 09:48:06.997465188,100116,277,100099,100,100122,277,100091,277,100171,100,100060,277,100290,100,100050,100,100330,100,99993,100,100373,100,99943,100,100441,100,99934,100,100563,100,99928,200,100584,100,99902,100,100640,100,99900,100
2019-06-28 09:48:07.438562898,100116,277,100099,200,100122,277,100091,277,100171,100,100060,277,100290,100,100050,100,100330,100,99993,100,100373,100,99943,100,100441,100,99934,100,100563,100,99928,200,100584,100,99902,100,100640,100,99900,100
2019-06-28 09:48:10.000000000,100116,277,100099,377,100122,277,100091,277,100171,100,100060,100,100290,100,100050,100,100330,100,99993,100,100373,100,99943,100,100441,100,99934,100,100563,100,99928,200,100584,100,99902,100,100640,100,99900,100
2019-06-28 09:48:12.002394186,100116,277,100099,477,100122,277,100091,277,100171,100,100050,100,100290,100,99993,100,100330,100,99943,100,100373,100,99934,100,100441,100,99928,200,100563,100,99902,100,100584,100,99900,100,100640,100,99894,100
2019-06-28 09:48:16.201916432,100116,277,100099,477,100122,277,100091,277,100171,100,100050,100,100290,100,99993,100,100330,100,99943,100,100373,100,99934,100,100441,100,99928,200,100563,100,99902,100,100584,100,99900,100,100640,100,99894,100
2019-06-28 09:48:17.481959205,100116,277,100099,477,100122,277,100091,277,100171,100,100050,100,100290,100,99993,100,100330,100,99943,100,100373,100,99934,100,100563,100,99928,200,100584,100,99902,100,100640,100,99900,100,100848,100,99894,100
2019-06-28 09:48:20.000000000,100116,220,100099,420,100122,217,100091,217,100171,217,100050,217,100290,100,99993,100,100330,100,99943,100,100373,100,99934,100,100563,100,99928,200,100584,100,99902,100,100640,100,99900,100,100848,100,99894,100
2019-06-28 09:48:30.000000000,100116,220,100099,420,100122,217,100091,217,100171,217,100050,217,100290,100,99993,100,100330,100,99943,100,100373,100,99934,100,100563,100,99928,200,100584,100,99902,100,100640,100,99900,100,100848,100,99894,100
2019-06-28 09:48:38.475810155,100116,220,100099,420,100122,217,100091,217,100171,217,100050,217,100290,100,99993,100,100330,100,99943,100,100373,100,99934,100,100563,100,99928,200,100584,100,99902,100,100640,100,99900,100,100757,100,99894,100
2019-06-28 09:48:40.000000000,100116,220,100099,420,100122,217,100091,217,100171,217,100050,217,100290,100,99993,100,100330,100,99943,100,100373,100,99934,100,100563,100,99928,200,100584,100,99902,100,100640,100,99900,100,100757,100,99894,100
2019-06-28 09:48:43.488155267,100116,220,100099,420,100122,217,100091,217,100171,217,100050,217,100290,100,99993,100,100330,100,99943,100,100373,100,99934,100,100563,100,99928,200,100584,100,99902,100,100640,100,99900,100,100757,100,99894,100
2019-06-28 09:48:50.000000000,100116,188,100099,388,100122,188,100091,188,100171,188,100050,188,100290,188,99993,188,100330,100,99943,100,100373,100,99934,100,100563,100,99928,200,100584,100,99902,100,100640,100,99900,100,100757,100,99894,100
2019-06-28 09:48:56.656484544,100116,188,100099,488,100122,188,100091,188,100171,188,100050,188,100290,188,99993,88,100330,100,99943,100,100373,100,99934,100,100563,100,99928,200,100584,100,99902,100,100640,100,99900,100,100757,100,99894,100
2019-06-28 09:49:00.000000000,100116,220,100099,520,100122,217,100091,217,100171,217,100050,217,100290,100,99943,100,100330,100,99934,100,100373,100,99928,200,100563,100,99902,100,100584,100,99900,100,100640,100,99894,100,100757,100,99893,100
2019-06-28 09:49:03.041744656,100116,220,100099,520,100122,217,100091,217,100171,217,100050,217,100290,100,99943,100,100330,100,99934,100,100373,100,99928,200,100563,100,99902,100,100584,100,99900,100,100640,100,99894,100,100757,100,99893,100
2019-06-28 09:49:10.000000000,100116,454,100099,754,100122,100,100091,100,100171,100,100050,100,100290,100,99943,100,100330,100,99934,100,100373,100,99928,200,100563,100,99902,100,100584,100,99900,100,100640,100,99894,100,100757,100,99893,100
2019-06-28 09:49:16.240028611,100116,454,100099,754,100122,100,100091,100,100171,100,100050,100,100290,100,99943,100,100330,100,99934,100,100373,100,99928,200,100563,100,99902,100,100640,100,99900,100,100757,100,99894,100,100848,100,99893,100
2019-06-28 09:49:20.000000000,100116,454,100099,754,100122,100,100091,100,100171,100,100050,100,100290,100,99943,100,100330,100,99934,100,100373,100,99928,200,100563,100,99902,100,100640,100,99900,100,100757,100,99894,100,100848,100,99893,100
2019-06-28 09:49:20.470997018,100116,454,100099,754,100122,100,100091,100,100171,100,100050,100,100290,100,99943,100,100330,100,99934,100,100373,100,99928,200,100563,100,99902,100,100640,100,99900,100,100757,100,99894,100,100831,100,99893,100
2019-06-28 09:49:30.000000000,100116,220,100099,520,100122,217,100091,217,100171,217,100050,217,100290,100,99943,100,100330,100,99934,100,100373,100,99928,200,100563,100,99902,100,100640,100,99900,100,100757,100,99894,100,100831,100,99893,100
2019-06-28 09:49:40.000000000,100116,188,100099,488,100122,188,100091,188,100171,188,100050,188,100290,188,99943,188,100330,100,99934,100,100373,100,99928,200,100563,100,99902,100,100640,100,99900,100,100757,100,99894,100,100831,100,99893,100
2019-06-28 09:49:45.337574487,100116,88,100099,488,100122,188,100091,188,100171,188,100050,188,100290,188,99943,188,100330,100,99934,100,100373,100,99928,200,100563,100,99902,100,100640,100,99900,100,100757,100,99894,100,100831,100,99893,100
2019-06-28 09:49:50.000000000,100122,188,100099,488,100171,188,100091,188,100290,188,100050,188,100330,188,99943,188,100373,100,99934,100,100563,100,99928,200,100640,100,99902,100,100757,100,99900,100,100831,100,99894,100,100848,100,99893,100
2019-06-28 09:49:53.531684916,100122,188,100099,488,100171,188,100091,188,100290,188,100050,188,100330,188,99943,188,100373,100,99934,100,100563,100,99928,200,100640,100,99902,100,100831,100,99900,100,100848,100,99894,100,100896,100,99893,100
2019-06-28 09:50:00.000000000,100122,171,100099,471,100171,171,100091,171,100290,171,100050,171,100330,171,99943,171,100373,171,99934,171,100563,100,99928,200,100640,100,99902,100,100831,100,99900,100,100848,100,99894,100,100896,100,99893,100
2019-06-28 09:50:09.187765213,100122,171,100099,471,100171,171,100091,171,100290,171,100050,171,100330,171,99943,171,100373,171,99934,171,100563,100,99928,200,100640,100,99902,100,100831,100,99900,100,100848,100,99894,100,100896,100,99893,100
2019-06-28 09:50:10.000000000,100122,188,100099,488,100171,188,100091,188,100290,188,100050,188,100330,188,99943,188,100373,100,99934,100,100563,100,99928,200,100640,100,99902,100,100831,100,99900,100,100848,100,99894,100,100896,100,99893,100
2019-06-28 09:50:13.433273055,100122,88,100099,488,100171,188,100091,188,100290,188,100050,188,100330,188,99943,188,100373,100,99934,100,100563,100,99928,200,100640,100,99902,100,100831,100,99900,100,100848,100,99894,100,100896,100,99893,100
2019-06-28 09:50:20.000000000,100171,277,100099,577,100290,277,100091,277,100330,100,100050,100,100373,100,99943,100,100563,100,99934,100,100640,100,99928,200,100831,100,99902,100,100848,100,99900,100,100896,100,99894,100,100972,100,99893,100
2019-06-28 09:50:30.000000000,100171,454,100099,754,100290,100,100091,100,100330,100,100050,100,100373,100,99943,100,100563,100,99934,100,100640,100,99928,200,100831,100,99902,100,100848,100,99900,100,100896,100,99894,100,100972,100,99893,100
2019-06-28 09:50:31.233103985,100171,454,100099,754,100290,100,100091,100,100330,100,100050,100,100373,100,99943,100,100563,100,99934,100,100640,100,99928,200,100797,100,99902,100,100831,100,99900,100,100848,100,99894,100,100896,100,99893,100
2019-06-28 09:50:40.000000000,100171,171,100099,471,100290,171,100091,171,100330,171,100050,171,100373,171,99943,171,100563,171,99934,171,100640,100,99928,200,100797,100,99902,100,100831,100,99900,100,100848,100,99894,100,100896,100,99893,100
2019-06-28 09:50:45.967868795,100171,171,100099,471,100290,171,100091,171,100330,171,100050,171,100373,171,99943,171,100563,171,99934,171,100640,100,99928,200,100797,100,99902,100,100831,100,99900,100,100848,100,99894,100,100896,100,99893,100
2019-06-28 09:50:50.000000000,100171,188,100099,488,100290,188,100091,188,100330,188,100050,188,100373,188,99943,188,100563,100,99934,100,100640,100,99928,200,100797,100,99902,100,100831,100,99900,100,100848,100,99894,100,100896,100,99893,100
2019-06-28 09:50:51.022125401,100171,88,100099,488,100290,188,100091,188,100330,188,100050,188,100373,188,99943,188,100563,100,99934,100,100640,100,99928,200,100797,100,99902,100,100831,100,99900,100,100848,100,99894,100,100896,100,99893,100
2019-06-28 09:50:53.213271844,100171,88,100122,100,100290,188,100099,488,100330,188,100091,188,100373,188,100050,188,100563,100,99943,188,100640,100,99934,100,100797,100,99928,200,100831,100,99902,100,100848,100,99900,100,100896,100,99894,100
2019-06-28 09:50:56.625400852,100171,88,100122,100,100290,188,100099,488,100330,188,100091,188,100373,188,100050,188,100563,100,99943,188,100640,100,99934,100,100797,100,99928,200,100831,100,99902,100,100848,100,99900,100,100896,100,99893,100
2019-06-28 09:51:00.000000000,100290,454,100122,454,100330,100,100099,400,100373,100,100091,100,100563,100,100050,100,100640,100,99943,100,100797,100,99934,100,100831,100,99928,200,100848,100,99902,100,100896,100,99900,100,100979,100,99893,100
2019-06-28 09:51:10.000000000,100290,171,100122,171,100330,171,100099,471,100373,171,100091,171,100563,171,100050,171,100640,171,99943,171,100797,100,99934,100,100831,100,99928,200,100848,100,99902,100,100896,100,99900,100,100979,100,99893,100
2019-06-28 09:51:20.000000000,100290,188,100122,188,100330,188,100099,488,100373,188,100091,188,100563,188,100050,188,100640,100,99943,100,100797,100,99934,100,100831,100,99928,200,100848,100,99902,100,100896,100,99900,100,100979,100,99893,100
2019-06-28 09:51:30.000000000,100290,171,100122,171,100330,171,100099,471,100373,171,100091,171,100563,171,100050,171,100640,171,99943,171,100797,100,99934,100,100831,100,99928,200,100848,100,99902,100,100896,100,99900,100,100979,100,99893,100
2019-06-28 09:51:40.000000000,100290,188,100122,188,100330,188,100099,488,100373,188,100091,188,100563,188,100050,188,100640,100,99943,100,100797,100,99934,100,100831,100,99928,200,100848,100,99902,100,100896,100,99900,100,100979,100,99893,100
2019-06-28 09:51:50.000000000,100290,454,100122,454,100330,100,100099,400,100373,100,100091,100,100563,100,100050,100,100640,100,99943,100,100797,100,99934,100,100831,100,99928,200,100848,100,99902,100,100896,100,99900,100,100979,100,99893,100
2019-06-28 09:51:59.671957977,100290,354,100122,454,100330,100,100099,400,100373,100,100091,100,100563,100,100050,100,100640,100,99943,100,100797,100,99934,100,100831,100,99928,200,100848,100,99902,100,100896,100,99900,100,100979,100,99893,100
2019-06-28 09:52:00.000000000,100330,188,100122,188,100373,188,100099,488,100563,188,100091,188,100640,188,100050,188,100797,100,99943,100,100831,100,99934,100,100848,100,99928,200,100896,100,99902,100,100979,100,99900,100,101016,100,99893,100
2019-06-28 09:52:03.590503672,100330,188,100122,188,100373,188,100099,488,100563,188,100091,188,100640,188,100050,188,100797,100,99934,100,100831,100,99928,200,100848,100,99902,100,100896,100,99900,100,100979,100,99893,100,101016,100,99805,100
2019-06-28 09:52:10.000000000,100330,188,100122,188,100373,188,100099,488,100563,188,100091,188,100640,188,100050,188,100797,100,99934,100,100831,100,99928,200,100848,100,99902,100,100896,100,99900,100,100979,100,99893,100,101016,100,99805,100
2019-06-28 09:52:20.000000000,100330,220,100122,220,100373,217,100099,517,100563,217,100091,217,100640,100,100050,100,100797,100,99934,100,100831,100,99928,200,100848,100,99902,100,100896,100,99900,100,100979,100,99893,100,101016,100,99805,100
2019-06-28 09:52:30.000000000,100330,277,100122,277,100373,277,100099,577,100563,100,100091,100,100640,100,100050,100,100797,100,99934,100,100831,100,99928,200,100848,100,99902,100,100896,100,99900,100,100979,100,99893,100,101016,100,99805,100
2019-06-28 09:52:33.192210261,100330,177,100122,277,100373,277,100099,577,100563,100,100091,100,100640,100,100050,100,100797,100,99934,100,100831,100,99928,200,100848,100,99902,100,100896,100,99900,100,100979,100,99893,100,101059,100,99805,100
2019-06-28 09:52:40.000000000,100373,277,100122,277,100563,277,100099,577,100640,100,100091,100,100797,100,100050,100,100831,100,99934,100,100848,100,99928,200,100896,100,99902,100,100979,100,99900,100,101059,100,99893,100,101097,100,99805,100
2019-06-28 09:52:40.310283171,100373,177,100122,277,100563,277,100099,577,100640,100,100091,100,100797,100,100050,100,100831,100,99934,100,100848,100,99928,200,100896,100,99902,100,100979,100,99900,100,101059,100,99893,100,101097,100,99805,100
2019-06-28 09:52:50.000000000,100563,171,100122,171,100640,171,100099,471,100797,171,100091,171,100831,171,100050,171,100848,171,99934,171,100896,100,99928,200,100979,100,99902,100,101059,100,99900,100,101097,100,99893,100,101106,100,99805,100
2019-06-28 09:52:53.271276190,100563,71,100122,171,100640,171,100099,471,100797,171,100091,171,100831,171,100050,171,100848,171,99934,171,100896,100,99928,200,100979,100,99902,100,101097,100,99900,100,101106,100,99893,100,101109,100,99805,100
2019-06-28 09:53:00.000000000,100640,171,100122,171,100797,171,100099,471,100831,171,100091,171,100848,171,100050,171,100896,171,99934,171,100979,100,99928,200,101097,100,99902,100,101106,100,99900,100,101109,100,99893,100,101129,100,99805,100
2019-06-28 09:53:10.000000000,100640,454,100122,454,100797,100,100099,400,100831,100,100091,100,100848,100,100050,100,100896,100,99934,100,100979,100,99928,200,101097,100,99902,100,101106,100,99900,100,101109,100,99893,100,101129,100,99805,100
2019-06-28 09:53:11.921104678,100640,354,100122,454,100797,100,100099,400,100831,100,100091,100,100848,100,100050,100,100896,100,99934,100,100979,100,99928,200,101097,100,99902,100,101106,100,99900,100,101109,100,99893,100,101129,100,99805,100
2019-06-28 09:53:20.000000000,100797,220,100122,220,100831,217,100099,517,100848,217,100091,217,100896,100,100050,100,100979,100,99934,100,101097,100,99928,200,101106,100,99902,100,101109,100,99900,100,101129,100,99893,100,101285,100,99805,100
2019-06-28 09:53:21.621740787,100797,220,100563,100,100831,217,100122,220,100848,217,100099,517,100896,100,100091,217,100979,100,100050,100,101097,100,99934,100,101106,100,99928,200,101109,100,99902,100,101129,100,99900,100,101285,100,99893,100
2019-06-28 09:53:24.002870195,100797,220,100563,100,100831,217,100122,220,100848,217,100099,517,100896,100,100091,217,100979,100,100050,100,101097,100,99934,100,101106,100,99928,200,101109,100,99902,100,101129,100,99900,100,101285,100,99893,100
2019-06-28 09:53:30.000000000,100797,188,100563,188,100831,188,100122,188,100848,188,100099,488,100896,188,100091,188,100979,100,100050,100,101097,100,99934,100,101106,100,99928,200,101109,100,99902,100,101129,100,99900,100,101285,100,99893,100
2019-06-28 09:53:35.462370649,100797,188,100563,188,100831,188,100122,188,100848,188,100099,488,100896,188,100091,188,100979,100,100050,100,101097,100,99934,100,101106,100,99928,200,101109,100,99902,100,101129,100,99900,100,101285,100,99893,100
2019-06-28 09:53:40.000000000,100797,188,100563,188,100831,188,100122,188,100848,188,100099,488,100896,188,100091,188,100979,100,100050,100,101097,100,99934,100,101106,100,99928,200,101109,100,99902,100,101129,100,99900,100,101285,100,99893,100
2019-06-28 09:53:50.000000000,100797,171,100563,171,100831,171,100122,171,100848,171,100099,471,100896,171,100091,171,100979,171,100050,171,101097,100,99934,100,101106,100,99928,200,101109,100,99902,100,101129,100,99900,100,101285,100,99893,100
2019-06-28 09:53:54.026384884,100797,171,100563,171,100831,171,100122,171,100848,171,100099,371,100896,171,100091,171,100979,171,100050,171,101097,100,99934,100,101106,100,99928,200,101109,100,99902,100,101129,100,99900,100,101285,100,99893,100
2019-06-28 09:53:56.874448482,100797,171,100563,171,100831,171,100122,171,100848,171,100099,271,100896,171,100091,171,100979,171,100050,171,101097,100,99934,100,101106,100,99928,200,101109,100,99902,100,101129,100,99900,100,101285,100,99893,100
2019-06-28 09:54:00.000000000,100797,277,100563,277,100831,277,100122,277,100848,100,100099,200,100896,100,100091,100,100979,100,100050,100,101097,100,99934,100,101106,100,99928,200,101109,100,99902,100,101129,100,99900,100,101285,100,99893,100
2019-06-28 09:54:10.000000000,100797,220,100563,220,100831,217,100122,217,100848,217,100099,317,100896,100,100091,100,100979,100,100050,100,101097,100,99934,100,101106,100,99928,200,101109,100,99902,100,101129,100,99900,100,101285,100,99893,100
2019-06-28 09:54:12.713928901,100797,220,100730,100,100831,217,100563,220,100848,217,100122,217,100896,100,100099,317,100979,100,100091,100,101097,100,100050,100,101106,100,99934,100,101109,100,99928,200,101129,100,99902,100,101285,100,99900,100
2019-06-28 09:54:17.980801571,100797,220,100730,100,100831,217,100563,320,100848,217,100122,217,100896,100,100099,317,100979,100,100091,100,101097,100,100050,100,101106,100,99934,100,101109,100,99928,200,101129,100,99902,100,101285,100,99900,100
2019-06-28 09:54:20.000000000,100797,220,100730,220,100831,217,100563,317,100848,217,100122,217,100896,100,100099,200,100979,100,100091,100,101097,100,100050,100,101106,100,99934,100,101109,100,99928,200,101129,100,99902,100,101285,100,99900,100
2019-06-28 09:54:28.609235883,100797,220,100730,120,100831,217,100563,317,100848,217,100122,217,100896,100,100099,200,100979,100,100091,100,101097,100,100050,100,101106,100,99934,100,101109,100,99928,200,101129,100,99902,100,101285,100,99900,100
2019-06-28 09:54:30.000000000,100797,171,100563,271,100831,171,100122,171,100848,171,100099,271,100896,171,100091,171,100979,171,100050,171,101097,100,99934,100,101106,100,99928,200,101109,100,99902,100,101129,100,99900,100,101285,100,99805,100
2019-06-28 09:54:40.000000000,100797,220,100563,320,100831,217,100122,217,100848,217,100099,317,100896,100,100091,100,100979,100,100050,100,101097,100,99934,100,101106,100,99928,200,101109,100,99902,100,101129,100,99900,100,101285,100,99805,100
2019-06-28 09:54:50.000000000,100797,454,100563,554,100831,100,100122,100,100848,100,100099,200,100896,100,100091,100,100979,100,100050,100,101097,100,99934,100,101106,100,99928,200,101109,100,99902,100,101129,100,99900,100,101285,100,99805,100
2019-06-28 09:55:00.000000000,100797,277,100563,377,100831,277,100122,277,100848,100,100099,200,100896,100,100091,100,100979,100,100050,100,101097,100,99934,100,101106,100,99928,200,101109,100,99902,100,101129,100,99900,100,101285,100,99805,100
2019-06-28 09:55:10.000000000,100797,188,100563,288,100831,188,100122,188,100848,188,100099,288,100896,188,100091,188,100979,100,100050,100,101097,100,99934,100,101106,100,99928,200,101109,100,99902,100,101129,100,99900,100,101285,100,99805,100
2019-06-28 09:55:20.000000000,100797,220,100563,320,100831,217,100122,217,100848,217,100099,317,100896,100,100091,100,100979,100,100050,100,101097,100,99934,100,101106,100,99928,200,101109,100,99902,100,101129,100,99900,100,101285,100,99805,100
2019-06-28 09:55:29.886450495,100797,220,100640,100,100831,217,100563,320,100848,217,100122,217,100896,100,100099,317,100979,100,100091,100,101097,100,100050,100,101106,100,99934,100,101109,100,99928,200,101129,100,99902,100,101285,100,99900,100
2019-06-28 09:55:30.000000000,100797,277,100640,277,100831,277,100563,377,100848,100,100122,100,100896,100,100099,200,100979,100,100091,100,101097,100,100050,100,101106,100,99934,100,101109,100,99928,200,101129,100,99902,100,101285,100,99900,100
2019-06-28 09:55:34.797283660,100797,277,100640,277,100831,277,100563,377,100848,100,100099,200,100896,100,100091,100,100979,100,100050,100,101097,100,99934,100,101106,100,99928,200,101109,100,99902,100,101129,100,99900,100,101285,100,99805,100
2019-06-28 09:55:40.000000000,100797,277,100640,277,100831,277,100563,377,100848,100,100099,200,100896,100,100091,100,100979,100,100050,100,101097,100,99934,100,101106,100,99928,200,101109,100,99902,100,101129,100,99900,100,101285,100,99805,100
2019-06-28 09:55:47.452427507,100797,277,100652,100,100831,277,100640,277,100848,100,100563,377,100896,100,100099,200,100979,100,100091,100,101097,100,100050,100,101106,100,99934,100,101109,100,99928,200,101129,100,99902,100,101285,100,99900,100
2019-06-28 09:55:50.000000000,100797,188,100652,188,100831,188,100640,188,100848,188,100563,288,100896,188,100099,288,100979,100,100091,100,101097,100,100050,100,101106,100,99934,100,101109,100,99928,200,101129,100,99902,100,101285,100,99900,100
2019-06-28 09:55:56.406105980,100797,188,100652,188,100831,188,100640,188,100848,188,100563,288,100896,188,100250,100,100979,100,100099,288,101097,100,100091,100,101106,100,100050,100,101109,100,99934,100,101129,100,99928,100,101285,100,99902,100
2019-06-28 09:56:00.000000000,100797,171,100652,171,100831,171,100640,171,100848,171,100563,271,100896,171,100250,171,100979,171,100099,271,101097,100,100091,100,101106,100,100050,100,101109,100,99934,100,101129,100,99928,100,101285,100,99902,100
2019-06-28 09:56:10.000000000,100797,171,100652,171,100831,171,100640,171,100848,171,100563,271,100896,171,100250,171,100979,171,100099,271,101097,100,100091,100,101106,100,100050,100,101109,100,99934,100,101129,100,99928,100,101285,100,99902,100
2019-06-28 09:56:17.669450026,100797,171,100652,171,100831,171,100640,171,100848,171,100563,271,100896,171,100250,171,100979,171,100099,271,101097,100,100050,100,101106,100,99934,100,101109,100,99928,100,101129,100,99902,100,101285,100,99900,100
2019-06-28 09:56:20.000000000,100797,220,100652,220,100831,217,100640,217,100848,217,100563,317,100896,100,100250,100,100979,100,100099,200,101097,100,100050,100,101106,100,99934,100,101109,100,99928,100,101129,100,99902,100,101285,100,99900,100
2019-06-28 09:56:29.260935831,100769,100,100652,220,100797,220,100640,217,100831,217,100563,317,100848,217,100250,100,100896,100,100099,200,100979,100,100050,100,101097,100,99934,100,101106,100,99928,100,101109,100,99902,100,101129,100,99900,100
2019-06-28 09:56:30.000000000,100769,171,100652,171,100797,171,100640,171,100831,171,100563,271,100848,171,100250,171,100896,171,100099,271,100979,100,100050,100,101097,100,99934,100,101106,100,99928,100,101109,100,99902,100,101129,100,99900,100
2019-06-28 09:56:40.000000000,100769,171,100652,171,100797,171,100640,171,100831,171,100563,271,100848,171,100250,171,100896,171,100099,271,100979,100,100050,100,101097,100,99934,100,101106,100,99928,100,101109,100,99902,100,101129,100,99900,100
2019-06-28 09:56:50.000000000,100769,220,100652,220,100797,217,100640,217,100831,217,100563,317,100848,100,100250,100,100896,100,100099,200,100979,100,100050,100,101097,100,99934,100,101106,100,99928,100,101109,100,99902,100,101129,100,99900,100
2019-06-28 09:56:56.231130617,100730,100,100652,220,100769,220,100640,117,100797,217,100563,317,100831,217,100250,100,100848,100,100099,200,100896,100,100050,100,100979,100,99934,100,101097,100,99928,100,101106,100,99902,100,101109,100,99900,100
2019-06-28 09:57:00.000000000,100730,220,100652,220,100769,217,100563,317,100797,217,100250,217,100831,100,100099,200,100848,100,100050,100,100896,100,99934,100,100979,100,99928,100,101097,100,99902,100,101106,100,99900,100,101109,100,99805,100
2019-06-28 09:57:03.045517629,100730,220,100652,220,100769,217,100594,100,100797,217,100563,317,100831,100,100250,217,100848,100,100099,200,100896,100,100050,100,100979,100,99934,100,101097,100,99928,100,101106,100,99902,100,101109,100,99900,100
2019-06-28 09:57:10.000000000,100730,277,100652,277,100769,277,100594,277,100797,100,100563,200,100831,100,100250,100,100848,100,100099,200,100896,100,100050,100,100979,100,99934,100,101097,100,99928,100,101106,100,99902,100,101109,100,99900,100
2019-06-28 09:57:10.053208460,100730,277,100652,277,100769,277,100594,277,100797,100,100563,200,100831,100,100337,100,100848,100,100250,100,100896,100,100099,200,100979,100,100050,100,101097,100,99934,100,101106,100,99928,100,101109,100,99902,100
2019-06-28 09:57:13.936144694,100730,277,100652,177,100769,277,100594,277,100797,100,100563,200,100831,100,100337,100,100848,100,100250,100,100896,100,100099,200,100979,100,100050,100,101097,100,99934,100,101106,100,99928,100,101109,100,99902,100
2019-06-28 09:57:20.000000000,100730,220,100594,220,100769,217,100563,317,100797,217,100337,217,100831,100,100250,100,100848,100,100099,200,100896,100,100050,100,100979,100,99934,100,101097,100,99928,100,101106,100,99902,100,101109,100,99900,100
2019-06-28 09:57:27.078678993,100730,220,100594,220,100769,217,100563,317,100797,217,100393,100,100831,100,100337,217,100848,100,100250,100,100896,100,100099,200,100979,100,100050,100,101097,100,99934,100,101109,100,99928,100,101129,100,99902,100
2019-06-28 09:57:30.000000000,100730,188,100594,188,100769,188,100563,288,100797,188,100393,188,100831,188,100337,188,100848,100,100250,100,100896,100,100099,200,100979,100,100050,100,101097,100,99934,100,101109,100,99928,100,101129,100,99902,100
2019-06-28 09:57:32.468832357,100730,188,100594,88,100769,188,100563,288,100797,188,100393,188,100831,188,100337,188,100848,100,100250,100,100896,100,100099,200,100979,100,100050,100,101097,100,99934,100,101109,100,99928,100,101129,100,99902,100
2019-06-28 09:57:40.000000000,100730,454,100563,554,100769,100,100393,100,100797,100,100337,100,100831,100,100250,100,100848,100,100099,200,100896,100,100050,100,100979,100,99934,100,101097,100,99928,100,101109,100,99902,100,101129,100,99900,100
2019-06-28 09:57:50.000000000,100730,171,100563,271,100769,171,100393,171,100797,171,100337,171,100831,171,100250,171,100848,171,100099,271,100896,100,100050,100,100979,100,99934,100,101097,100,99928,100,101109,100,99902,100,101129,100,99900,100
2019-06-28 09:57:50.944822404,100730,171,100563,171,100769,171,100393,171,100797,171,100337,171,100831,171,100250,171,100848,171,100099,271,100896,100,100050,100,100979,100,99934,100,101097,100,99928,100,101109,100,99902,100,101129,100,99900,100
2019-06-28 09:58:00.000000000,100730,188,100563,188,100769,188,100393,188,100797,188,100337,188,100831,188,100250,188,100848,100,100099,200,100896,100,100050,100,100979,100,99934,100,101097,100,99928,100,101109,100,99902,100,101129,100,99900,100
2019-06-28 09:58:10.000000000,100730,454,100563,454,100769,100,100393,100,100797,100,100337,100,100831,100,100250,100,100848,100,100099,200,100896,100,100050,100,100979,100,99934,100,101097,100,99928,100,101109,100,99902,100,101129,100,99900,100
2019-06-28 09:58:20.000000000,100730,454,100563,454,100769,100,100393,100,100797,100,100337,100,100831,100,100250,100,100848,100,100099,200,100896,100,100050,100,100979,100,99934,100,101097,100,99928,100,101109,100,99902,100,101129,100,99900,100
2019-06-28 09:58:20.266654351,100730,454,100563,454,100769,100,100445,100,100797,100,100393,100,100831,100,100337,100,100848,100,100250,100,100896,100,100099,200,100979,100,100050,100,101097,100,99934,100,101109,100,99928,100,101129,100,99902,100
2019-06-28 09:58:30.000000000,100730,188,100563,188,100769,188,100445,188,100797,188,100393,188,100831,188,100337,188,100848,100,100250,100,100896,100,100099,200,100979,100,100050,100,101097,100,99934,100,101109,100,99928,100,101129,100,99902,100
2019-06-28 09:58:39.836047405,100730,188,100563,88,100769,188,100445,188,100797,188,100393,188,100831,188,100337,188,100848,100,100250,100,100896,100,100099,200,100979,100,100050,100,101097,100,99934,100,101109,100,99928,100,101129,100,99902,100
2019-06-28 09:58:40.000000000,100730,277,100445,277,100769,277,100393,277,100797,100,100337,100,100831,100,100250,100,100848,100,100099,200,100896,100,100050,100,100979,100,99934,100,101097,100,99928,100,101109,100,99902,100,101129,100,99900,100
2019-06-28 09:58:50.000000000,100730,220,100445,220,100769,217,100393,217,100797,217,100337,217,100831,100,100250,100,100848,100,100099,200,100896,100,100050,100,100979,100,99934,100,101097,100,99928,100,101109,100,99902,100,101129,100,99900,100
2019-06-28 09:58:58.378535992,100707,100,100445,220,100730,220,100393,217,100769,217,100337,217,100797,217,100250,100,100831,100,100099,200,100848,100,100050,100,100896,100,99934,100,100979,100,99928,100,101097,100,99902,100,101109,100,99900,100
2019-06-28 09:59:00.000000000,100707,220,100445,220,100730,217,100393,217,100769,217,100337,217,100797,100,100250,100,100831,100,100099,200,100848,100,100050,100,100896,100,99934,100,100979,100,99928,100,101097,100,99902,100,101109,100,99900,100
2019-06-28 09:59:04.102444208,100707,220,100595,100,100730,217,100445,220,100769,217,100393,217,100797,100,100337,217,100831,100,100250,100,100848,100,100099,200,100896,100,100050,100,100979,100,99934,100,101097,100,99928,100,101109,100,99902,100
2019-06-28 09:59:10.000000000,100707,277,100595,277,100730,277,100445,277,100769,100,100393,100,100797,100,100337,100,100831,100,100250,100,100848,100,100099,200,100896,100,100050,100,100979,100,99934,100,101097,100,99928,100,101109,100,99902,100
2019-06-28 09:59:20.000000000,100707,454,100595,454,100730,100,100445,100,100769,100,100393,100,100797,100,100337,100,100831,100,100250,100,100848,100,100099,200,100896,100,100050,100,100979,100,99934,100,101097,100,99928,100,101109,100,99902,100
2019-06-28 09:59:28.602781844,100707,454,100595,454,100730,100,100582,100,100769,100,100445,100,100797,100,100393,100,100831,100,100337,100,100848,100,100250,100,100896,100,100099,200,100979,100,100050,100,101097,100,99934,100,101109,100,99928,100
2019-06-28 09:59:30.000000000,100707,188,100595,188,100730,188,100582,188,100769,188,100445,188,100797,188,100393,188,100831,100,100337,100,100848,100,100250,100,100896,100,100099,200,100979,100,100050,100,101097,100,99934,100,101109,100,99928,100
2019-06-28 09:59:40.000000000,100707,454,100595,454,100730,100,100582,100,100769,100,100445,100,100797,100,100393,100,100831,100,100337,100,100848,100,100250,100,100896,100,100099,200,100979,100,100050,100,101097,100,99934,100,101109,100,99928,100
2019-06-28 09:59:40.204791152,100707,454,100595,454,100730,100,100582,100,100769,100,100445,100,100797,100,100393,100,100831,100,100337,100,100848,100,100250,100,100896,100,100099,100,100979,100,100050,100,101097,100,99934,100,101109,100,99928,100
2019-06-28 09:59:44.219290089,100707,454,100595,354,100730,100,100582,100,100797,100,100445,100,100831,100,100393,100,100848,100,100337,100,100896,100,100250,100,100979,100,100099,100,101097,100,100050,100,101109,100,99934,100,101129,100,99928,100
2019-06-28 09:59:49.865407227,100707,454,100632,100,100730,100,100595,354,100797,100,100582,100,100848,100,100445,100,100896,100,100393,100,100979,100,100337,100,101097,100,100250,100,101109,100,100099,100,101129,100,100050,100,101353,100,99934,100
2019-06-28 09:59:50.000000000,100707,277,100632,277,100730,277,100582,277,100797,100,100445,100,100848,100,100393,100,100896,100,100337,100,100979,100,100250,100,101097,100,100099,100,101109,100,100050,100,101129,100,99934,100,101353,100,99928,100
2019-06-28 10:00:00.000000000,100707,188,100632,188,100730,188,100582,188,100797,188,100445,188,100848,188,100393,188,100896,100,100337,100,100979,100,100250,100,101097,100,100099,100,101109,100,100050,100,101129,100,99934,100,101353,100,99928,100
2019-06-28 10:00:04.473393482,100707,188,100632,188,100730,188,100582,188,100797,188,100470,100,100848,188,100445,188,100896,100,100393,188,100979,100,100337,100,101097,100,100250,100,101109,100,100099,100,101129,100,100050,100,101353,100,99934,100
2019-06-28 10:00:08.647651665,100707,188,100632,188,100730,188,100582,188,100797,188,100470,100,100848,188,100469,100,100896,100,100445,188,100979,100,100393,188,101097,100,100337,100,101109,100,100250,100,101129,100,100099,100,101353,100,100050,100
2019-06-28 10:00:10.000000000,100707,454,100632,454,100730,100,100582,100,100797,100,100470,100,100848,100,100469,100,100896,100,100445,100,100979,100,100393,100,101097,100,100337,100,101109,100,100250,100,101129,100,100099,100,101353,100,100050,100
2019-06-28 10:00:16.419054504,100707,454,100632,354,100730,100,100582,100,100797,100,100470,100,100848,100,100469,100,100896,100,100445,100,100979,100,100393,100,101097,100,100337,100,101109,100,100250,100,101129,100,100099,100,101353,100,100050,100
2019-06-28 10:00:20.000000000,100707,454,100582,454,100730,100,100470,100,100797,100,100469,100,100848,100,100445,100,100896,100,100393,100,100979,100,100337,100,101097,100,100250,100,101109,100,100099,100,101129,100,100050,100,101353,100,99934,100
2019-06-28 10:00:28.552801893,100632,100,100582,454,100707,454,100470,100,100730,100,100469,100,100797,100,100445,100,100848,100,100393,100,100896,100,100337,100,100979,100,100250,100,101097,100,100099,100,101109,100,99934,100,101129,100,99928,100
2019-06-28 10:00:30.000000000,100632,171,100582,171,100707,171,100470,171,100730,171,100469,171,100797,171,100445,171,100848,171,100393,171,100896,100,100337,100,100979,100,100250,100,101097,100,100099,100,101109,100,99934,100,101129,100,99928,100
2019-06-28 10:00:31.287306069,100632,171,100582,171,100707,171,100520,100,100730,171,100470,171,100797,171,100469,171,100848,171,100445,171,100896,100,100393,171,100979,100,100337,100,101097,100,100250,100,101109,100,100099,100,101129,100,99934,100
2019-06-28 10:00:40.000000000,100632,220,100582,220,100707,217,100520,217,100730,217,100470,217,100797,100,100469,100,100848,100,100445,100,100896,100,100393,100,100979,100,100337,100,101097,100,100250,100,101109,100,100099,100,101129,100,99934,100
2019-06-28 10:00:45.224847764,100632,220,100582,120,100707,217,100520,217,100730,217,100470,217,100797,100,100469,100,100848,100,100445,100,100896,100,100393,100,100979,100,100337,100,101097,100,100250,100,101109,100,100099,100,101129,100,100083,100
2019-06-28 10:00:50.000000000,100632,220,100520,220,100707,217,100470,217,100730,217,100469,217,100797,100,100445,100,100848,100,100393,100,100896,100,100337,100,100979,100,100250,100,101097,100,100099,100,101109,100,100083,100,101129,100,99934,100
2019-06-28 10:01:00.000000000,100632,188,100520,188,100707,188,100470,188,100730,188,100469,188,100797,188,100445,188,100848,100,100393,100,100896,100,100337,100,100979,100,100250,100,101097,100,100099,100,101109,100,100083,100,101129,100,99934,100
2019-06-28 10:01:10.000000000,100632,171,100520,171,100707,171,100470,171,100730,171,100469,171,100797,171,100445,171,100848,171,100393,171,100896,100,100337,100,100979,100,100250,100,101097,100,100099,100,101109,100,100083,100,101129,100,99934,100
2019-06-28 10:01:15.350471970,100632,171,100520,71,100707,171,100470,171,100730,171,100469,171,100797,171,100445,171,100848,171,100393,171,100896,100,100337,100,100979,100,100250,100,101097,100,100099,100,101129,100,100083,100,101353,100,99934,100
2019-06-28 10:01:19.959818787,100520,29,100470,171,100632,171,100469,171,100707,171,100445,171,100730,171,100393,171,100797,171,100337,100,100848,171,100250,100,100896,100,100099,100,100979,100,100083,100,101097,100,99934,100,101129,100,99928,100
2019-06-28 10:01:20.000000000,100520,117,100470,188,100632,188,100469,188,100707,188,100445,188,100730,188,100393,188,100797,100,100337,100,100848,100,100250,100,100896,100,100099,100,100979,100,100083,100,101097,100,99934,100,101129,100,99928,100
2019-06-28 10:01:20.583294096,100520,117,100470,188,100632,188,100469,188,100707,188,100445,188,100730,188,100393,188,100797,100,100337,100,100896,100,100250,100,100979,100,100099,100,101097,100,100083,100,101129,100,99934,100,101353,100,99928,100
2019-06-28 10:01:28.822169500,100520,117,100470,188,100632,188,100469,188,100707,188,100445,188,100730,188,100393,188,100797,100,100337,100,100896,100,100250,100,100979,100,100099,100,101097,100,100083,100,101129,100,99934,100,101353,100,99928,100
2019-06-28 10:01:30.000000000,100520,117,100470,188,100632,188,100469,188,100707,188,100445,188,100730,188,100393,188,100797,100,100337,100,100896,100,100250,100,100979,100,100099,100,101097,100,100083,100,101129,100,99934,100,101353,100,99928,100
2019-06-28 10:01:34.914732469,100520,117,100470,88,100632,188,100469,188,100707,188,100445,188,100730,188,100393,88,100797,100,100337,100,100896,100,100250,100,100979,100,100099,100,101097,100,100083,100,101129,100,99934,100,101353,100,99928,100
2019-06-28 10:01:40.000000000,100520,100,100469,171,100632,171,100445,171,100707,171,100337,171,100730,171,100250,171,100797,171,100099,171,100896,100,100083,100,100979,100,99934,100,101097,100,99928,100,101129,100,99902,100,101353,100,99900,100
2019-06-28 10:01:50.000000000,100520,149,100469,220,100632,217,100445,217,100707,217,100337,217,100730,100,100250,100,100797,100,100099,100,100896,100,100083,100,100979,100,99934,100,101097,100,99928,100,101129,100,99902,100,101353,100,99900,100
2019-06-28 10:02:00.000000000,100520,149,100469,220,100632,217,100445,217,100707,217,100337,217,100730,100,100250,100,100797,100,100099,100,100896,100,100083,100,100979,100,99934,100,101097,100,99928,100,101129,100,99902,100,101353,100,99900,100
2019-06-28 10:02:02.090988013,100520,149,100469,120,100632,217,100445,217,100707,217,100337,217,100730,100,100250,100,100797,100,100099,100,100896,100,100083,100,100979,100,99934,100,101097,100,99928,100,101129,100,99902,100,101353,100,99900,100
2019-06-28 10:02:10.000000000,100520,383,100445,454,100632,100,100337,100,100707,100,100250,100,100730,100,100099,100,100797,100,100083,100,100896,100,99934,100,100979,100,99928,100,101097,100,99902,100,101129,100,99900,100,101353,100,99836,100
2019-06-28 10:02:14.616203088,100520,383,100445,454,100632,100,100337,100,100707,100,100250,100,100730,100,100099,100,100797,100,100083,100,100979,100,99934,100,101097,100,99928,100,101129,100,99902,100,101353,100,99900,100,101370,100,99836,100
2019-06-28 10:02:20.000000000,100520,117,100445,188,100632,188,100337,188,100707,188,100250,188,100730,188,100099,188,100797,100,100083,100,100979,100,99934,100,101097,100,99928,100,101129,100,99902,100,101353,100,99900,100,101370,100,99836,100
2019-06-28 10:02:20.628242110,100520,117,100445,188,100632,188,100337,188,100707,188,100250,188,100730,188,100099,188,100797,100,100083,100,100979,100,99934,100,101097,100,99928,100,101129,100,99902,100,101353,100,99900,100,101370,100,99836,100
2019-06-28 10:02:30.000000000,100520,117,100445,188,100632,188,100337,188,100707,188,100250,188,100730,188,100099,188,100797,100,100083,100,100979,100,99934,100,101097,100,99928,100,101129,100,99902,100,101353,100,99900,100,101370,100,99836,100
2019-06-28 10:02:36.859971937,100520,117,100445,188,100632,188,100337,188,100707,188,100250,188,100730,188,100099,188,100797,100,100083,100,100979,100,99934,100,101097,100,99928,100,101129,100,99902,100,101353,100,99836,100,101370,100,99805,100
2019-06-28 10:02:40.000000000,100520,383,100445,454,100632,100,100337,100,100707,100,100250,100,100730,100,100099,100,100797,100,100083,100,100979,100,99934,100,101097,100,99928,100,101129,100,99902,100,101353,100,99836,100,101370,100,99805,100
2019-06-28 10:02:45.332872529,100520,383,100445,454,100632,100,100337,100,100730,100,100250,100,100797,100,100099,100,100979,100,100083,100,101097,100,99934,100,101129,100,99928,100,101353,100,99902,100,101370,100,99836,100,,,99805,100
2019-06-28 10:02:50.000000000,100520,383,100445,454,100632,100,100337,100,100730,100,100250,100,100797,100,100099,100,100979,100,100083,100,101097,100,99934,100,101129,100,99928,100,101353,100,99902,100,101370,100,99836,100,,,99805,100
2019-06-28 10:02:56.767189219,100470,100,100445,454,100520,383,100337,100,100632,100,100250,100,100730,100,100099,100,100797,100,100083,100,100979,100,99934,100,101097,100,99928,100,101129,100,99902,100,101353,100,99836,100,101370,100,99805,100
2019-06-28 10:03:00.000000000,100470,188,100445,188,100520,117,100337,188,100632,188,100250,188,100730,188,100099,188,100797,100,100083,100,100979,100,99934,100,101097,100,99928,100,101129,100,99902,100,101353,100,99836,100,101370,100,99805,100
2019-06-28 10:03:01.095685126,100470,188,100445,188,100520,117,100337,188,100632,188,100250,188,100730,188,100099,188,100797,100,100083,100,100979,100,99934,100,101097,100,99928,100,101129,100,99902,100,101353,100,99836,100,101370,100,99805,100
2019-06-28 10:03:08.970743875,100470,188,100445,188,100520,117,100337,188,100632,188,100250,188,100730,188,100099,188,100797,100,100083,100,100979,100,99934,100,101097,100,99928,100,101129,100,99902,100,101353,100,99836,100,101370,100,99805,100
2019-06-28 10:03:10.000000000,100470,171,100445,171,100520,100,100337,171,100632,171,100250,171,100730,171,100099,171,100797,171,100083,171,100979,100,99934,100,101097,100,99928,100,101129,100,99902,100,101353,100,99836,100,101370,100,99805,100
2019-06-28 10:03:10.452894476,100470,171,100445,171,100520,100,100337,171,100632,171,100250,171,100730,171,100099,171,100797,71,100083,171,100979,100,99934,100,101097,100,99928,100,101129,100,99902,100,101353,100,99836,100,101370,100,99805,100
2019-06-28 10:03:20.000000000,100470,454,100445,454,100520,29,100337,100,100632,100,100250,100,100730,100,100099,100,100979,100,100083,100,101097,100,99934,100,101129,100,99928,100,101353,100,99902,100,101370,100,99836,100,,,99805,100
2019-06-28 10:03:30.000000000,100470,454,100445,454,100520,29,100337,100,100632,100,100250,100,100730,100,100099,100,100979,100,100083,100,101097,100,99934,100,101129,100,99928,100,101353,100,99902,100,101370,100,99836,100,,,99805,100
2019-06-28 10:03:34.407976938,100470,454,100445,354,100520,29,100337,100,100632,100,100250,100,100730,100,100099,100,100979,100,100083,100,101097,100,99934,100,101129,100,99928,100,101353,100,99902,100,101370,100,99836,100,,,99805,100
2019-06-28 10:03:36.424866843,100470,454,100445,254,100520,29,100337,100,100632,100,100250,100,100730,100,100099,100,100979,100,100083,100,101097,100,99934,100,101129,100,99928,100,101353,100,99902,100,101370,100,99836,100,,,99805,100
2019-06-28 10:03:40.000000000,100470,277,100337,277,100520,206,100250,277,100632,100,100099,100,100730,100,100083,100,100979,100,99934,100,101097,100,99928,100,101129,100,99902,100,101353,100,99836,100,101370,100,99805,100,,,99716,100
2019-06-28 10:03:42.082554831,100470,277,100337,277,100520,206,100250,277,100632,100,100099,100,100730,100,100083,100,100979,100,99934,100,101097,100,99928,100,101129,100,99902,100,101353,100,99805,100,101370,100,99716,100,,,99617,100
2019-06-28 10:03:50.000000000,100470,171,100337,171,100520,100,100250,171,100632,171,100099,171,100730,171,100083,171,100979,171,99934,171,101097,100,99928,100,101129,100,99902,100,101353,100,99805,100,101370,100,99716,100,,,99617,100
2019-06-28 10:04:00.000000000,100470,171,100337,171,100520,100,100250,171,100632,171,100099,171,100730,171,100083,171,100979,171,99934,171,101097,100,99928,100,101129,100,99902,100,101353,100,99805,100,101370,100,99716,100,,,99617,100
2019-06-28 10:04:10.000000000,100470,454,100337,454,100520,29,100250,100,100632,100,100099,100,100730,100,100083,100,100979,100,99934,100,101097,100,99928,100,101129,100,99902,100,101353,100,99805,100,101370,100,99716,100,,,99617,100
2019-06-28 10:04:10.428678181,100470,454,100337,454,100520,29,100250,100,100632,100,100099,100,100730,100,100083,100,100979,100,99934,100,101097,100,99902,100,101129,100,99805,100,101353,100,99716,100,101370,100,99682,100,,,99617,100
2019-06-28 10:04:20.000000000,100470,188,100337,188,100520,117,100250,188,100632,188,100099,188,100730,188,100083,188,100979,100,99934,100,101097,100,99902,100,101129,100,99805,100,101353,100,99716,100,101370,100,99682,100,,,99617,100
2019-06-28 10:04:30.000000000,100470,188,100337,188,100520,117,100250,188,100632,188,100099,188,100730,188,100083,188,100979,100,99934,100,101097,100,99902,100,101129,100,99805,100,101353,100,99716,100,101370,100,99682,100,,,99617,100
2019-06-28 10:04:39.990810525,100470,188,100337,88,100520,117,100250,188,100632,188,100099,188,100730,188,100083,188,100979,100,99934,100,101097,100,99902,100,101129,100,99805,100,101353,100,99716,100,101370,100,99682,100,,,99617,100
2019-06-28 10:04:40.000000000,100470,171,100250,171,100520,100,100099,171,100632,171,100083,171,100730,171,99934,171,100979,171,99902,171,101097,100,99805,100,101129,100,99716,100,101353,100,99682,100,101370,100,99617,100,,,99613,100
2019-06-28 10:04:50.000000000,100470,277,100250,277,100520,206,100099,277,100632,100,100083,100,100730,100,99934,100,100979,100,99902,100,101097,100,99805,100,101129,100,99716,100,101353,100,99682,100,101370,100,99617,100,,,99613,100
2019-06-28 10:04:52.093409887,100470,277,100250,277,100520,206,100099,277,100730,100,100083,100,100979,100,99934,100,101097,100,99902,100,101129,100,99805,100,101353,100,99716,100,101370,100,99682,100,,,99617,100,,,99613,100
2019-06-28 10:04:58.300208384,100470,277,100250,277,100520,206,100103,100,100730,100,100099,277,100979,100,100083,100,101097,100,99934,100,101129,100,99902,100,101353,100,99805,100,101370,100,99716,100,,,99682,100,,,99617,100
2019-06-28 10:05:00.000000000,100470,188,100250,188,100520,117,100103,188,100730,188,100099,188,100979,188,100083,188,101097,100,99934,100,101129,100,99902,100,101353,100,99805,100,101370,100,99716,100,,,99682,100,,,99617,100
2019-06-28 10:05:10.000000000,100470,454,100250,454,100520,29,100103,100,100730,100,100099,100,100979,100,100083,100,101097,100,99934,100,101129,100,99902,100,101353,100,99805,100,101370,100,99716,100,,,99682,100,,,99617,100
2019-06-28 10:05:20.000000000,100470,188,100250,188,100520,117,100103,188,100730,188,100099,188,100979,188,100083,188,101097,100,99934,100,101129,100,99902,100,101353,100,99805,100,101370,100,99716,100,,,99682,100,,,99617,100
2019-06-28 10:05:30.000000000,100470,171,100250,171,100520,100,100103,171,100730,171,100099,171,100979,171,100083,171,101097,171,99934,171,101129,100,99902,100,101353,100,99805,100,101370,100,99716,100,,,99682,100,,,99617,100
2019-06-28 10:05:40.000000000,100470,171,100250,171,100520,100,100103,171,100730,171,100099,171,100979,171,100083,171,101097,171,99934,171,101129,100,99902,100,101353,100,99805,100,101370,100,99716,100,,,99682,100,,,99617,100
2019-06-28 10:05:50.000000000,100470,171,100250,171,100520,100,100103,171,100730,171,100099,171,100979,171,100083,171,101097,171,99934,171,101129,100,99902,100,101353,100,99805,100,101370,100,99716,100,,,99682,100,,,99617,100
2019-06-28 10:05:53.778054217,100470,171,100250,71,100520,100,100103,171,100730,171,100099,171,100979,171,100083,171,101097,171,99934,171,101129,100,99902,100,101353,100,99805,100,101370,100,99716,100,,,99682,100,,,99617,100
2019-06-28 10:06:00.000000000,100470,171,100103,171,100520,100,100099,171,100730,171,100083,171,100979,171,99934,171,101097,171,99902,171,101129,100,99805,100,101353,100,99716,100,101370,100,99682,100,,,99617,100,,,99613,100
2019-06-28 10:06:10.000000000,100470,188,100103,188,100520,117,100099,188,100730,188,100083,188,100979,188,99934,188,101097,100,99902,100,101129,100,99805,100,101353,100,99716,100,101370,100,99682,100,,,99617,100,,,99613,100
2019-06-28 10:06:14.981463083,100470,188,100103,188,100520,117,100099,188,100730,188,100083,188,100979,188,100074,100,101097,100,99934,188,101129,100,99902,100,101353,100,99805,100,101370,100,99716,100,,,99682,100,,,99617,100
2019-06-28 10:06:18.845813734,100470,188,100103,188,100520,117,100099,188,100730,188,100083,188,100979,188,100074,100,101097,100,100013,100,101129,100,99934,188,101353,100,99902,100,101370,100,99805,100,,,99716,100,,,99617,100
2019-06-28 10:06:20.000000000,100470,220,100103,220,100520,146,100099,217,100730,217,100083,217,100979,100,100074,100,101097,100,100013,100,101129,100,99934,100,101353,100,99902,100,101370,100,99805,100,,,99716,100,,,99617,100
2019-06-28 10:06:30.000000000,100470,171,100103,171,100520,100,100099,171,100730,171,100083,171,100979,171,100074,171,101097,171,100013,171,101129,100,99934,100,101353,100,99902,100,101370,100,99805,100,,,99716,100,,,99617,100
2019-06-28 10:06:31.976898571,100470,171,100103,171,100520,100,100099,171,100730,171,100083,171,100979,171,100074,171,101097,171,100055,100,101129,100,100013,171,101353,100,99934,100,101370,100,99902,100,,,99805,100,,,99716,100
2019-06-28 10:06:40.000000000,100470,454,100103,454,100520,29,100099,100,100730,100,100083,100,100979,100,100074,100,101097,100,100055,100,101129,100,100013,100,101353,100,99934,100,101370,100,99902,100,,,99805,100,,,99716,100
2019-06-28 10:06:50.000000000,100470,188,100103,188,100520,117,100099,188,100730,188,100083,188,100979,188,100074,188,101097,100,100055,100,101129,100,100013,100,101353,100,99934,100,101370,100,99902,100,,,99805,100,,,99716,100
2019-06-28 10:06:54.381921165,100470,188,100103,188,100520,117,100099,88,100730,188,100083,188,100979,188,100074,188,101097,100,100055,100,101129,100,100013,100,101353,100,99934,100,101370,100,99902,100,,,99805,100,,,99716,100
2019-06-28 10:06:56.683819962,100470,188,100103,288,100520,88,100099,88,100730,188,100083,188,100979,188,100074,188,101097,100,100055,100,101129,100,100013,100,101353,100,99934,100,101370,100,99902,100,,,99805,100,,,99716,100
