,ask_price_1,ask_size_1,bid_price_1,bid_size_1,ask_price_2,ask_size_2,bid_price_2,bid_size_2,ask_price_3,ask_size_3,bid_price_3,bid_size_3,ask_price_4,ask_size_4,bid_price_4,bid_size_4,ask_price_5,ask_size_5,bid_price_5,bid_size_5,ask_price_6,ask_size_6,bid_price_6,bid_size_6,ask_price_7,ask_size_7,bid_price_7,bid_size_7,ask_price_8,ask_size_8,bid_price_8,bid_size_8,ask_price_9,ask_size_9,bid_price_9,bid_size_9,ask_price_10,ask_size_10,bid_price_10,bid_size_10
2019-06-28 09:30:00.000000001,100178,100,,,,,,,,,,,,,,,,,,,,,,,,,,,,,,,,,,,,,,
2019-06-28 09:30:00.000000003,100161,100,,,100178,100,,,,,,,,,,,,,,,,,,,,,,,,,,,,,,,,,,
2019-06-28 09:30:00.000000004,100072,100,,,100098,100,,,100161,100,,,100178,100,,,,,,,,,,,,,,,,,,,,,,,,,,
2019-06-28 09:30:00.000000006,99984,100,99969,100,100042,100,,,100072,100,,,100098,100,,,100161,100,,,100178,100,,,,,,,,,,,,,,,,,,
2019-06-28 09:30:00.000000012,99984,100,99969,100,100042,100,99934,100,100072,100,99879,100,100098,100,,,100161,100,,,100178,100,,,,,,,,,,,,,,,,,,
2019-06-28 09:30:00.000000013,99984,100,99969,100,100006,100,99934,100,100042,100,99879,100,100072,100,,,100098,100,,,100161,100,,,100178,100,,,,,,,,,,,,,,
2019-06-28 09:30:00.000000014,100006,100,99934,100,100042,100,99879,100,100072,100,99803,100,100098,100,,,100161,100,,,100178,100,,,,,,,,,,,,,,,,,,
2019-06-28 09:30:00.000000017,99984,100,99934,100,100006,100,99879,100,100042,100,99803,100,100072,100,,,100098,100,,,100161,100,,,100178,100,,,,,,,,,,,,,,
2019-06-28 09:30:00.000000022,99984,100,99934,100,100006,100,99879,100,100014,100,99803,100,100042,200,,,100072,100,,,100098,100,,,100161,100,,,100178,100,,,,,,,,,,
2019-06-28 09:30:00.000000023,99984,100,99934,100,100006,100,99879,100,100014,100,99803,100,100042,200,,,100046,100,,,100072,100,,,100098,100,,,100161,100,,,100178,100,,,,,,
2019-06-28 09:30:00.000000024,99984,100,99934,100,100006,100,99879,100,100014,100,99803,100,100042,200,,,100046,100,,,100051,100,,,100072,100,,,100098,100,,,100161,100,,,100178,100,,
2019-06-28 09:30:00.000000025,100006,100,99879,100,100014,100,99803,100,100042,200,,,100046,100,,,100051,100,,,100072,100,,,100098,100,,,100161,100,,,100178,100,,,,,,
2019-06-28 09:30:00.000000027,100006,100,99879,100,100014,100,99803,100,100042,200,,,100046,100,,,100051,100,,,100072,100,,,100077,100,,,100090,100,,,100098,100,,,100159,100,,
2019-06-28 09:30:00.000000029,100006,100,99879,100,100014,100,99803,100,100042,200,,,100046,100,,,100051,100,,,100072,100,,,100077,200,,,100090,100,,,100098,100,,,100159,100,,
2019-06-28 09:30:00.000000033,100006,100,99879,100,100014,100,99803,100,100042,200,,,100046,100,,,100051,100,,,100072,100,,,100077,200,,,100090,100,,,100098,200,,,100159,100,,
2019-06-28 09:30:00.000000034,100006,100,99879,100,100014,100,99803,100,100042,200,,,100046,100,,,100051,100,,,100072,100,,,100077,200,,,100090,100,,,100098,200,,,100112,100,,
2019-06-28 09:30:00.000000035,100006,100,99985,100,100014,100,99879,100,100042,200,99803,100,100046,100,,,100051,100,,,100072,100,,,100077,200,,,100082,100,,,100090,100,,,100098,200,,
2019-06-28 09:30:00.000000036,100014,100,99985,100,100042,200,99879,100,100046,100,99803,100,100051,100,,,100072,100,,,100077,200,,,100082,100,,,100090,100,,,100098,200,,,100112,100,,
2019-06-28 09:30:00.000000038,100042,200,99985,100,100046,100,99879,100,100051,100,99803,100,100072,100,,,100077,200,,,100082,100,,,100090,100,,,100098,200,,,100112,100,,,100159,100,,
2019-06-28 09:30:00.000000039,100032,100,99985,100,100042,200,99879,100,100046,100,99803,100,100051,100,,,100072,100,,,100077,200,,,100082,100,,,100090,100,,,100098,200,,,100112,100,,
2019-06-28 09:30:00.000000042,100042,200,99985,100,100046,100,99879,100,100051,100,99803,100,100072,100,,,100077,200,,,100082,100,,,100090,100,,,100098,200,,,100112,100,,,100159,100,,
2019-06-28 09:30:00.000000045,100004,100,99985,100,100042,200,99879,100,100046,100,99803,100,100051,100,,,100072,100,,,100077,200,,,100082,100,,,100090,100,,,100098,200,,,100112,100,,
2019-06-28 09:30:00.000000047,100004,100,99985,100,100042,200,99927,100,100046,100,99879,100,100051,100,99803,100,100072,100,,,100077,200,,,100082,100,,,100090,100,,,100098,200,,,100112,100,,
2019-06-28 09:30:00.000000050,100004,100,99985,100,100042,200,99927,100,100046,100,99879,100,100051,100,99804,100,100072,100,99803,100,100077,200,,,100082,100,,,100090,100,,,100098,200,,,100112,100,,
2019-06-28 09:30:00.000000052,100042,200,99985,100,100046,100,99927,100,100051,100,99879,100,100072,200,99804,100,100077,200,99803,100,100082,100,,,100090,100,,,100098,200,,,100112,100,,,100159,100,,
2019-06-28 09:30:00.000000056,100042,200,99995,100,100046,100,99985,100,100051,100,99927,100,100072,200,99879,100,100077,200,99804,100,100082,100,99803,100,100090,100,,,100098,200,,,100112,100,,,100159,100,,
2019-06-28 09:30:00.000000057,100042,200,99995,100,100046,100,99985,100,100051,100,99927,100,100072,200,99879,100,100077,200,99804,100,100082,100,99803,100,100090,100,,,100098,200,,,100112,100,,,100123,100,,
2019-06-28 09:30:00.000000058,100022,100,100004,100,100042,200,99995,100,100046,100,99985,100,100051,100,99927,100,100072,200,99879,100,100077,200,99804,100,100082,100,99803,100,100090,100,,,100098,200,,,100112,100,,
2019-06-28 09:30:00.000000060,100022,100,100004,100,100042,200,99995,100,100046,100,99985,100,100051,100,99970,100,100072,200,99927,100,100077,200,99879,100,100082,100,99804,100,100090,100,99803,100,100098,200,,,100112,100,,
2019-06-28 09:30:00.000000061,100019,100,100004,100,100022,100,99995,100,100042,200,99985,100,100046,100,99970,100,100051,100,99927,100,100072,200,99879,100,100077,200,99804,100,100082,100,99803,100,100090,100,,,100098,200,,
2019-06-28 09:30:00.000000068,100019,100,99995,100,100022,100,99985,100,100042,200,99970,100,100046,100,99927,100,100051,100,99879,100,100072,200,99804,100,100077,200,99803,100,100082,100,,,100090,100,,,100098,200,,
2019-06-28 09:30:00.000000069,100014,100,99995,100,100019,100,99985,100,100022,100,99970,100,100042,200,99927,100,100046,100,99879,100,100051,100,99804,100,100072,200,99803,100,100077,200,,,100082,100,,,100090,100,,
2019-06-28 09:30:00.000000070,100019,100,99995,100,100022,100,99985,100,100042,200,99970,100,100046,100,99927,100,100051,100,99879,100,100072,200,99804,100,100077,200,99803,100,100082,100,,,100090,100,,,100098,200,,
2019-06-28 09:30:00.000000075,100019,100,99995,100,100022,100,99985,100,100042,200,99970,100,100046,100,99927,100,100051,100,99879,100,100072,200,99804,100,100077,200,99803,100,100080,100,,,100082,100,,,100090,100,,
2019-06-28 09:30:00.000000078,100014,100,99995,100,100019,100,99985,100,100022,100,99970,100,100042,200,99927,100,100046,100,99879,100,100051,100,99804,100,100072,200,99803,100,100077,200,,,100080,100,,,100082,100,,
2019-06-28 09:30:00.000000079,100014,100,99995,100,100019,200,99985,100,100022,100,99970,100,100042,200,99927,100,100046,100,99879,100,100051,100,99804,100,100072,200,99803,100,100077,200,,,100080,100,,,100082,100,,
2019-06-28 09:30:00.000000082,100007,100,99995,100,100014,100,99985,100,100019,200,99970,100,100022,100,99927,100,100042,200,99879,100,100046,100,99804,100,100051,100,99803,100,100072,200,99749,100,100077,200,,,100080,100,,
2019-06-28 09:30:00.000000083,100007,100,99995,100,100014,100,99985,100,100019,200,99970,100,100022,100,99927,100,100042,200,99879,100,100046,100,99827,100,100051,100,99804,100,100072,200,99803,100,100077,200,99749,100,100080,100,,
2019-06-28 09:30:00.000000087,100007,100,99995,100,100014,100,99985,100,100019,200,99970,100,100022,100,99927,100,100042,200,99924,100,100046,100,99879,100,100051,100,99827,100,100072,200,99804,100,100077,200,99803,100,100080,100,99749,100
2019-06-28 09:30:00.000000088,100014,100,99995,100,100019,200,99985,100,100022,100,99970,100,100042,200,99927,100,100046,100,99924,100,100051,100,99879,100,100072,200,99827,100,100077,200,99804,100,100080,100,99803,100,100082,100,99749,100
2019-06-28 09:30:00.000000090,100014,100,100007,100,100019,200,99995,100,100022,100,99985,100,100042,200,99970,100,100046,100,99927,100,100051,100,99924,100,100072,200,99879,100,100077,200,99838,100,100080,100,99827,100,100082,100,99804,100
2019-06-28 09:30:00.000000093,100014,100,100007,100,100019,200,99995,100,100022,100,99985,100,100042,200,99970,100,100046,100,99927,100,100051,100,99924,100,100072,200,99879,100,100077,200,99838,100,100080,100,99827,100,100082,100,99804,100
2019-06-28 09:30:00.000000094,100014,100,100007,200,100019,200,100003,100,100022,100,99995,100,100042,200,99985,100,100046,100,99970,100,100051,100,99927,100,100072,200,99924,100,100077,200,99879,100,100080,100,99838,100,100082,100,99827,100
2019-06-28 09:30:00.000000096,100013,100,100007,200,100014,100,100003,100,100019,200,99995,100,100022,100,99985,100,100042,200,99970,100,100046,100,99927,100,100051,100,99924,100,100072,200,99879,100,100077,200,99838,100,100080,100,99827,100
2019-06-28 09:30:00.000000097,100013,100,100007,200,100014,100,100003,100,100019,200,99995,100,100022,100,99985,100,100042,200,99970,100,100046,100,99927,100,100051,100,99924,100,100072,200,99879,100,100077,200,99838,100,100080,100,99827,100
2019-06-28 09:30:00.000000098,100013,200,100007,200,100014,100,100003,100,100019,200,99995,100,100022,100,99985,100,100042,200,99970,100,100046,100,99927,100,100051,100,99924,100,100072,200,99879,100,100077,200,99838,100,100080,100,99827,100
2019-06-28 09:30:09.284317568,100013,200,100007,200,100014,100,100003,100,100019,200,99995,100,100022,100,99985,100,100042,200,99970,100,100046,100,99968,100,100051,100,99927,100,100072,200,99924,100,100077,200,99879,100,100080,100,99838,100
2019-06-28 09:30:10.000000000,100013,314,100007,314,100014,211,100003,211,100019,311,99995,211,100022,100,99985,100,100042,200,99970,100,100046,100,99968,100,100051,100,99927,100,100072,200,99924,100,100077,200,99879,100,100080,100,99838,100
2019-06-28 09:30:16.056634696,100013,314,100007,314,100014,211,100003,211,100019,311,99995,211,100022,100,99985,100,100042,200,99970,100,100046,100,99968,100,100051,100,99927,100,100072,200,99924,100,100077,200,99879,100,100080,100,99838,100
2019-06-28 09:30:19.628769463,100013,314,100007,314,100014,211,100003,211,100019,311,99995,211,100022,100,99985,100,100042,200,99970,100,100046,100,99968,100,100051,100,99927,100,100072,200,99924,100,100077,200,99879,100,100080,100,99838,100
2019-06-28 09:30:20.000000000,100013,284,100007,284,100014,184,100003,184,100019,284,99995,184,100022,184,99985,184,100042,200,99970,100,100046,100,99968,100,100051,100,99927,100,100072,200,99924,100,100077,200,99879,100,100080,100,99838,100
2019-06-28 09:30:29.693753340,100013,284,100007,284,100014,184,100003,184,100019,284,99995,184,100022,184,99985,184,100042,200,99970,100,100046,100,99968,100,100051,100,99927,100,100072,100,99924,100,100077,200,99879,100,100080,100,99838,100
2019-06-28 09:30:30.000000000,100013,267,100007,267,100014,167,100003,167,100019,267,99995,167,100022,167,99985,167,100042,267,99970,167,100046,100,99968,100,100051,100,99927,100,100072,100,99924,100,100077,200,99879,100,100080,100,99838,100
2019-06-28 09:30:40.000000000,100013,536,100007,536,100014,100,100003,100,100019,200,99995,100,100022,100,99985,100,100042,200,99970,100,100046,100,99968,100,100051,100,99927,100,100072,100,99924,100,100077,200,99879,100,100080,100,99838,100
2019-06-28 09:30:50.000000000,100013,267,100007,267,100014,167,100003,167,100019,267,99995,167,100022,167,99985,167,100042,267,99970,167,100046,100,99968,100,100051,100,99927,100,100072,100,99924,100,100077,200,99879,100,100080,100,99838,100
2019-06-28 09:31:00.000000000,100013,314,100007,314,100014,211,100003,211,100019,311,99995,211,100022,100,99985,100,100042,200,99970,100,100046,100,99968,100,100051,100,99927,100,100072,100,99924,100,100077,200,99879,100,100080,100,99838,100
2019-06-28 09:31:07.230492941,100011,100,100007,314,100013,314,100003,211,100014,211,99995,211,100019,311,99985,100,100022,100,99970,100,100042,200,99968,100,100046,100,99927,100,100051,100,99924,100,100072,100,99879,100,100077,200,99827,100
2019-06-28 09:31:09.580879445,100013,314,100007,314,100014,211,100003,211,100019,311,99995,211,100022,100,99985,100,100042,200,99970,100,100046,100,99968,100,100051,100,99927,100,100072,100,99924,100,100077,200,99879,100,100080,100,99827,100
2019-06-28 09:31:10.000000000,100013,536,100007,536,100014,100,100003,100,100019,200,99995,100,100022,100,99985,100,100042,200,99970,100,100046,100,99968,100,100051,100,99927,100,100072,100,99924,100,100077,200,99879,100,100080,100,99827,100
2019-06-28 09:31:20.000000000,100013,536,100007,536,100014,100,100003,100,100019,200,99995,100,100022,100,99985,100,100042,200,99970,100,100046,100,99968,100,100051,100,99927,100,100072,100,99924,100,100077,200,99879,100,100080,100,99827,100
2019-06-28 09:31:23.152436276,100010,100,100007,536,100013,536,100003,100,100014,100,99995,100,100019,200,99985,100,100022,100,99970,100,100042,200,99968,100,100046,100,99927,100,100051,100,99924,100,100072,100,99879,100,100077,200,99827,100
2019-06-28 09:31:30.000000000,100010,184,100007,284,100013,284,100003,184,100014,184,99995,184,100019,284,99985,184,100022,100,99970,100,100042,200,99968,100,100046,100,99927,100,100051,100,99924,100,100072,100,99879,100,100077,200,99827,100
2019-06-28 09:31:38.316842814,100010,184,100007,284,100013,284,100003,184,100014,184,99995,184,100019,284,99985,84,100022,100,99970,100,100042,200,99968,100,100046,100,99927,100,100051,100,99924,100,100072,100,99879,100,100077,200,99827,100
2019-06-28 09:31:40.000000000,100010,167,100007,267,100013,267,100003,167,100014,167,99995,167,100019,267,99970,167,100022,167,99968,167,100042,200,99927,100,100046,100,99924,100,100051,100,99879,100,100072,100,99827,100,100077,200,99804,100
2019-06-28 09:31:49.833685441,100010,167,100007,267,100013,267,100003,167,100014,167,99995,167,100019,267,99970,167,100022,167,99968,67,100042,200,99927,100,100046,100,99924,100,100051,100,99879,100,100072,100,99827,100,100077,200,99804,100
2019-06-28 09:31:50.000000000,100010,268,100007,368,100013,368,100003,268,100014,100,99995,100,100019,200,99970,100,100022,100,99927,100,100042,200,99924,100,100046,100,99879,100,100051,100,99827,100,100072,100,99804,100,100077,200,99803,100
2019-06-28 09:31:50.630472522,100010,268,100007,368,100013,368,100003,268,100014,100,99995,100,100019,200,99970,100,100022,100,99927,100,100042,200,99924,100,100046,100,99879,100,100051,100,99857,100,100072,100,99827,100,100077,200,99804,100
2019-06-28 09:31:52.411395036,100010,268,100007,368,100013,368,100003,268,100014,100,99995,100,100019,200,99970,100,100022,100,99927,100,100042,200,99924,100,100046,100,99879,100,100051,100,99857,100,100072,100,99804,100,100077,200,99803,100
2019-06-28 09:31:54.758196371,100010,268,100007,268,100013,368,100003,268,100014,100,99995,100,100019,200,99970,100,100022,100,99927,100,100042,200,99924,100,100046,100,99879,100,100051,100,99857,100,100072,100,99804,100,100077,200,99803,100
2019-06-28 09:32:00.000000000,100010,268,100007,268,100013,368,100003,268,100014,100,99995,100,100019,200,99970,100,100022,100,99927,100,100042,200,99924,100,100046,100,99879,100,100051,100,99857,100,100072,100,99804,100,100077,200,99803,100
2019-06-28 09:32:10.000000000,100010,184,100007,184,100013,284,100003,184,100014,184,99995,184,100019,284,99970,184,100022,100,99927,100,100042,200,99924,100,100046,100,99879,100,100051,100,99857,100,100072,100,99804,100,100077,200,99803,100
2019-06-28 09:32:20.000000000,100010,184,100007,184,100013,284,100003,184,100014,184,99995,184,100019,284,99970,184,100022,100,99927,100,100042,200,99924,100,100046,100,99879,100,100051,100,99857,100,100072,100,99804,100,100077,200,99803,100
2019-06-28 09:32:30.000000000,100010,167,100007,167,100013,267,100003,167,100014,167,99995,167,100019,267,99970,167,100022,167,99927,167,100042,200,99924,100,100046,100,99879,100,100051,100,99857,100,100072,100,99804,100,100077,200,99803,100
2019-06-28 09:32:40.000000000,100010,184,100007,184,100013,284,100003,184,100014,184,99995,184,100019,284,99970,184,100022,100,99927,100,100042,200,99924,100,100046,100,99879,100,100051,100,99857,100,100072,100,99804,100,100077,200,99803,100
2019-06-28 09:32:50.000000000,100010,184,100007,184,100013,284,100003,184,100014,184,99995,184,100019,284,99970,184,100022,100,99927,100,100042,200,99924,100,100046,100,99879,100,100051,100,99857,100,100072,100,99804,100,100077,200,99803,100
2019-06-28 09:32:52.389675007,100010,184,100007,184,100013,284,100003,184,100014,184,99995,184,100019,284,99970,184,100022,100,99927,100,100042,200,99924,100,100046,100,99879,100,100051,100,99857,100,100072,100,99804,100,100077,200,99803,100
2019-06-28 09:33:00.000000000,100010,214,100007,214,100013,311,100003,211,100014,211,99995,211,100019,200,99970,100,100022,100,99927,100,100042,200,99924,100,100046,100,99879,100,100051,100,99857,100,100072,100,99804,100,100077,200,99803,100
2019-06-28 09:33:10.000000000,100010,184,100007,184,100013,284,100003,184,100014,184,99995,184,100019,284,99970,184,100022,100,99927,100,100042,200,99924,100,100046,100,99879,100,100051,100,99857,100,100072,100,99804,100,100077,200,99803,100
2019-06-28 09:33:18.549735776,100010,184,100007,84,100013,284,100003,184,100014,184,99995,184,100019,284,99970,184,100022,100,99927,100,100042,200,99924,100,100046,100,99879,100,100051,100,99857,100,100072,100,99804,100,100077,200,99803,100
2019-06-28 09:33:20.000000000,100010,184,100003,184,100013,284,99995,184,100014,184,99970,184,100019,284,99927,184,100022,100,99924,100,100042,200,99879,100,100046,100,99857,100,100051,100,99804,100,100072,100,99803,100,100077,200,99794,100
2019-06-28 09:33:30.000000000,100010,184,100003,184,100013,284,99995,184,100014,184,99970,184,100019,284,99927,184,100022,100,99924,100,100042,200,99879,100,100046,100,99857,100,100051,100,99804,100,100072,100,99803,100,100077,200,99794,100
2019-06-28 09:33:40.000000000,100010,214,100003,214,100013,311,99995,211,100014,211,99970,211,100019,200,99927,100,100022,100,99924,100,100042,200,99879,100,100046,100,99857,100,100051,100,99804,100,100072,100,99803,100,100077,200,99794,100
2019-06-28 09:33:47.785963875,100010,214,100003,214,100013,311,99995,211,100014,211,99970,211,100019,200,99927,100,100022,100,99924,100,100042,200,99857,100,100046,100,99804,100,100051,100,99803,100,100072,100,99794,100,100077,200,99767,100
2019-06-28 09:33:50.000000000,100010,214,100003,214,100013,311,99995,211,100014,211,99970,211,100019,200,99927,100,100022,100,99924,100,100042,200,99857,100,100046,100,99804,100,100051,100,99803,100,100072,100,99794,100,100077,200,99767,100
2019-06-28 09:33:56.848831824,100007,100,100003,214,100010,214,99995,211,100013,311,99970,211,100014,211,99927,100,100019,200,99924,100,100022,100,99857,100,100042,200,99804,100,100046,100,99803,100,100051,100,99794,100,100072,100,99767,100
2019-06-28 09:33:58.583469052,100007,100,100003,214,100010,214,99995,211,100013,311,99970,211,100014,211,99927,100,100019,200,99924,100,100022,100,99857,100,100042,200,99804,100,100046,100,99803,100,100051,100,99794,100,100072,100,99767,100
2019-06-28 09:33:59.872353246,100007,200,100003,214,100010,214,99995,211,100013,311,99970,211,100014,211,99927,100,100019,200,99924,100,100022,100,99857,100,100042,200,99804,100,100046,100,99803,100,100051,100,99794,100,100072,100,99767,100
2019-06-28 09:34:00.000000000,100007,536,100003,436,100010,100,99995,100,100013,200,99970,100,100014,100,99927,100,100019,200,99924,100,100022,100,99857,100,100042,200,99804,100,100046,100,99803,100,100051,100,99794,100,100072,100,99767,100
2019-06-28 09:34:03.822273880,100007,536,100003,436,100010,100,99995,100,100013,200,99970,100,100014,100,99927,100,100019,200,99924,100,100022,100,99857,100,100042,200,99804,100,100046,100,99803,100,100051,100,99794,100,100072,100,99767,100
2019-06-28 09:34:09.625602081,100007,536,100003,436,100010,100,99995,100,100013,200,99970,100,100014,100,99927,100,100019,200,99924,100,100022,100,99857,100,100042,200,99804,100,100046,100,99803,100,100051,100,99794,100,100072,100,99767,100
2019-06-28 09:34:10.000000000,100007,536,100003,436,100010,100,99995,100,100013,200,99970,100,100014,100,99927,100,100019,200,99924,100,100022,100,99857,100,100042,200,99804,100,100046,100,99803,100,100051,100,99794,100,100072,100,99767,100
2019-06-28 09:34:16.585177793,100007,636,100003,436,100010,100,99995,100,100013,200,99970,100,100014,100,99927,100,100019,200,99924,100,100022,100,99857,100,100042,200,99804,100,100046,100,99803,100,100051,100,99794,100,100072,100,99767,100
2019-06-28 09:34:20.000000000,100007,367,100003,167,100010,167,99995,167,100013,267,99970,167,100014,167,99927,167,100019,267,99924,167,100022,100,99857,100,100042,200,99804,100,100046,100,99803,100,100051,100,99794,100,100072,100,99767,100
2019-06-28 09:34:30.000000000,100007,414,100003,214,100010,211,99995,211,100013,311,99970,211,100014,100,99927,100,100019,200,99924,100,100022,100,99857,100,100042,200,99804,100,100046,100,99803,100,100051,100,99794,100,100072,100,99767,100
2019-06-28 09:34:40.000000000,100007,414,100003,214,100010,211,99995,211,100013,311,99970,211,100014,100,99927,100,100019,200,99924,100,100022,100,99857,100,100042,200,99804,100,100046,100,99803,100,100051,100,99794,100,100072,100,99767,100
2019-06-28 09:34:50.000000000,100007,414,100003,214,100010,211,99995,211,100013,311,99970,211,100014,100,99927,100,100019,200,99924,100,100022,100,99857,100,100042,200,99804,100,100046,100,99803,100,100051,100,99794,100,100072,100,99767,100
2019-06-28 09:35:00.000000000,100007,468,100003,268,100010,268,99995,268,100013,200,99970,100,100014,100,99927,100,100019,200,99924,100,100022,100,99857,100,100042,200,99804,100,100046,100,99803,100,100051,100,99794,100,100072,100,99767,100
2019-06-28 09:35:06.779074065,100007,568,100003,268,100010,268,99995,268,100013,200,99970,100,100014,100,99927,100,100019,200,99924,100,100022,100,99857,100,100042,200,99804,100,100046,100,99803,100,100051,100,99794,100,100077,200,99767,100
2019-06-28 09:35:10.000000000,100007,568,100003,268,100010,268,99995,268,100013,200,99970,100,100014,100,99927,100,100019,200,99924,100,100022,100,99857,100,100042,200,99804,100,100046,100,99803,100,100051,100,99794,100,100077,200,99767,100
2019-06-28 09:35:20.000000000,100007,467,100003,167,100010,167,99995,167,100013,267,99970,167,100014,167,99927,167,100019,267,99924,167,100022,100,99857,100,100042,200,99804,100,100046,100,99803,100,100051,100,99794,100,100077,200,99767,100
2019-06-28 09:35:30.000000000,100007,514,100003,214,100010,211,99995,211,100013,311,99970,211,100014,100,99927,100,100019,200,99924,100,100022,100,99857,100,100042,200,99804,100,100046,100,99803,100,100051,100,99794,100,100077,200,99767,100
2019-06-28 09:35:40.000000000,100007,736,100003,436,100010,100,99995,100,100013,200,99970,100,100014,100,99927,100,100019,200,99924,100,100022,100,99857,100,100042,200,99804,100,100046,100,99803,100,100051,100,99794,100,100077,200,99767,100
2019-06-28 09:35:50.000000000,100007,514,100003,214,100010,211,99995,211,100013,311,99970,211,100014,100,99927,100,100019,200,99924,100,100022,100,99857,100,100042,200,99804,100,100046,100,99803,100,100051,100,99794,100,100077,200,99767,100
2019-06-28 09:36:00.000000000,100007,736,100003,436,100010,100,99995,100,100013,200,99970,100,100014,100,99927,100,100019,200,99924,100,100022,100,99857,100,100042,200,99804,100,100046,100,99803,100,100051,100,99794,100,100077,200,99767,100
2019-06-28 09:36:04.742511300,100007,636,100003,436,100010,100,99995,100,100013,200,99927,100,100014,100,99924,100,100019,200,99857,100,100022,100,99804,100,100042,200,99803,100,100046,100,99794,100,100051,100,99767,100,100077,200,99748,100
2019-06-28 09:36:06.868259399,100007,636,100003,436,100010,100,99995,100,100013,200,99927,100,100014,100,99925,100,100019,200,99924,100,100022,100,99857,100,100042,200,99804,100,100046,100,99803,100,100051,100,99794,100,100077,200,99767,100
2019-06-28 09:36:09.162152012,100007,536,100003,436,100010,100,99995,100,100013,200,99927,100,100014,100,99925,100,100019,200,99924,100,100022,100,99857,100,100042,200,99804,100,100046,100,99803,100,100077,200,99794,100,100090,100,99767,100
2019-06-28 09:36:09.278258191,100007,436,100003,436,100010,100,99995,100,100013,200,99927,100,100014,100,99925,100,100019,200,99924,100,100022,100,99857,100,100042,100,99804,100,100046,100,99803,100,100077,200,99794,100,100090,100,99767,100
2019-06-28 09:36:10.000000000,100007,184,100003,184,100010,184,99995,184,100013,284,99927,184,100014,184,99925,184,100019,200,99924,100,100022,100,99857,100,100042,100,99804,100,100046,100,99803,100,100077,200,99794,100,100090,100,99767,100
2019-06-28 09:36:12.399122768,100007,84,100003,184,100010,184,99995,184,100013,284,99927,184,100014,184,99925,184,100019,200,99924,100,100022,100,99857,100,100042,100,99804,100,100046,100,99803,100,100077,200,99794,100,100090,100,99767,100
2019-06-28 09:36:15.661497552,100007,84,100003,184,100010,184,100001,100,100013,284,99995,184,100014,184,99927,184,100019,200,99925,84,100022,100,99924,100,100042,100,99857,100,100046,100,99804,100,100077,200,99803,100,100090,100,99794,100
2019-06-28 09:36:20.000000000,100010,214,100003,214,100013,311,100001,211,100014,211,99995,211,100019,200,99927,100,100022,100,99924,100,100042,100,99857,100,100046,100,99804,100,100077,200,99803,100,100090,100,99794,100,100098,200,99767,100
2019-06-28 09:36:20.640689638,100010,114,100003,214,100013,311,100001,211,100014,211,99995,211,100019,200,99927,100,100022,100,99924,100,100042,100,99857,100,100046,100,99804,100,100077,200,99803,100,100090,100,99794,100,100098,200,99767,100
2019-06-28 09:36:30.000000000,100013,314,100003,214,100014,211,100001,211,100019,311,99995,211,100022,100,99927,100,100042,100,99924,100,100046,100,99857,100,100077,200,99804,100,100090,100,99803,100,100098,200,99794,100,100112,100,99767,100
2019-06-28 09:36:40.000000000,100013,267,100003,167,100014,167,100001,167,100019,267,99995,167,100022,167,99927,167,100042,167,99924,167,100046,100,99857,100,100077,200,99804,100,100090,100,99803,100,100098,200,99794,100,100112,100,99767,100
2019-06-28 09:36:50.000000000,100013,368,100003,268,100014,268,100001,268,100019,200,99995,100,100022,100,99927,100,100042,100,99924,100,100046,100,99857,100,100077,200,99804,100,100090,100,99803,100,100098,200,99794,100,100112,100,99767,100
2019-06-28 09:36:52.150055707,100013,268,100003,268,100014,268,100001,268,100019,200,99995,100,100022,100,99927,100,100042,100,99924,100,100046,100,99857,100,100077,200,99803,100,100090,100,99794,100,100098,200,99767,100,100112,100,99748,100
2019-06-28 09:37:00.000000000,100013,436,100003,436,100014,100,100001,100,100019,200,99995,100,100022,100,99927,100,100042,100,99924,100,100046,100,99857,100,100077,200,99803,100,100090,100,99794,100,100098,200,99767,100,100112,100,99748,100
2019-06-28 09:37:10.000000000,100013,214,100003,214,100014,211,100001,211,100019,311,99995,211,100022,100,99927,100,100042,100,99924,100,100046,100,99857,100,100077,200,99803,100,100090,100,99794,100,100098,200,99767,100,100112,100,99748,100
2019-06-28 09:37:10.656196737,100013,214,100010,100,100014,211,100003,214,100019,311,100001,211,100022,100,99995,211,100042,100,99927,100,100046,100,99924,100,100077,200,99857,100,100090,100,99803,100,100098,200,99794,100,100112,100,99767,100
2019-06-28 09:37:20.000000000,100013,436,100010,436,100014,100,100003,100,100019,200,100001,100,100022,100,99995,100,100042,100,99927,100,100046,100,99924,100,100077,200,99857,100,100090,100,99803,100,100098,200,99794,100,100112,100,99767,100
2019-06-28 09:37:27.522297153,100013,336,100010,436,100014,100,100003,100,100019,200,100001,100,100022,100,99995,100,100042,100,99927,100,100046,100,99924,100,100077,200,99857,100,100090,100,99803,100,100098,200,99794,100,100112,100,99767,100
2019-06-28 09:37:30.000000000,100014,268,100010,268,100019,368,100003,268,100022,100,100001,100,100042,100,99995,100,100046,100,99927,100,100077,200,99924,100,100090,100,99857,100,100098,200,99803,100,100112,100,99794,100,100126,100,99767,100
2019-06-28 09:37:35.612736178,100014,168,100010,268,100019,368,100003,268,100022,100,100001,100,100042,100,99995,100,100046,100,99927,100,100077,200,99924,100,100090,100,99857,100,100098,200,99803,100,100112,100,99794,100,100126,100,99767,100
2019-06-28 09:37:40.000000000,100019,368,100010,268,100022,268,100003,268,100042,100,100001,100,100046,100,99995,100,100077,200,99927,100,100090,100,99924,100,100098,200,99857,100,100112,100,99803,100,100126,100,99794,100,100158,100,99767,100
2019-06-28 09:37:42.259236554,100019,268,100010,268,100022,268,100003,268,100042,100,100001,100,100046,100,99995,100,100077,200,99927,100,100090,100,99924,100,100098,200,99857,100,100112,100,99803,100,100126,100,99794,100,100158,100,99767,100
2019-06-28 09:37:50.000000000,100019,167,100010,167,100022,167,100003,167,100042,167,100001,167,100046,167,99995,167,100077,267,99927,167,100090,100,99924,100,100098,200,99857,100,100112,100,99803,100,100126,100,99794,100,100158,100,99767,100
2019-06-28 09:38:00.000000000,100019,184,100010,184,100022,184,100003,184,100042,184,100001,184,100046,184,99995,184,100077,200,99927,100,100090,100,99924,100,100098,200,99857,100,100112,100,99803,100,100126,100,99794,100,100158,100,99767,100
2019-06-28 09:38:05.327707273,100019,84,100010,184,100022,184,100003,184,100042,184,100001,184,100046,184,99995,184,100077,200,99927,100,100090,100,99924,100,100098,200,99857,100,100112,100,99803,100,100126,100,99794,100,100158,100,99767,100
2019-06-28 09:38:10.000000000,100022,268,100010,268,100042,268,100003,268,100046,100,100001,100,100077,200,99995,100,100090,100,99927,100,100098,200,99924,100,100112,100,99857,100,100126,100,99803,100,100158,100,99794,100,100159,100,99767,100
2019-06-28 09:38:20.000000000,100022,184,100010,184,100042,184,100003,184,100046,184,100001,184,100077,284,99995,184,100090,100,99927,100,100098,200,99924,100,100112,100,99857,100,100126,100,99803,100,100158,100,99794,100,100159,100,99767,100
2019-06-28 09:38:30.000000000,100022,268,100010,268,100042,268,100003,268,100046,100,100001,100,100077,200,99995,100,100090,100,99927,100,100098,200,99924,100,100112,100,99857,100,100126,100,99803,100,100158,100,99794,100,100159,100,99767,100
2019-06-28 09:38:37.611568413,100022,168,100010,268,100042,268,100003,268,100046,100,100001,100,100077,200,99995,100,100090,100,99927,100,100098,200,99924,100,100112,100,99857,100,100126,100,99803,100,100158,100,99794,100,100159,100,99767,100
2019-06-28 09:38:40.000000000,100042,184,100010,184,100046,184,100003,184,100077,284,100001,184,100090,184,99995,184,100098,200,99927,100,100112,100,99924,100,100126,100,99857,100,100158,100,99803,100,100159,100,99794,100,100161,100,99767,100
2019-06-28 09:38:47.126003294,100042,184,100010,184,100046,184,100003,184,100077,284,100001,184,100090,184,99995,184,100098,200,99927,100,100112,100,99924,100,100126,100,99857,100,100158,100,99803,100,100159,100,99794,100,100161,100,99767,100
2019-06-28 09:38:48.259277195,100042,184,100010,184,100046,184,100003,184,100077,284,100001,184,100090,184,99995,184,100098,100,99927,100,100112,100,99924,100,100126,100,99857,100,100158,100,99803,100,100159,100,99794,100,100161,100,99767,100
2019-06-28 09:38:50.000000000,100042,167,100010,167,100046,167,100003,167,100077,267,100001,167,100090,167,99995,167,100098,167,99927,167,100112,100,99924,100,100126,100,99857,100,100158,100,99803,100,100159,100,99794,100,100161,100,99767,100
2019-06-28 09:38:52.614199175,100042,167,100019,100,100046,167,100010,167,100077,267,100003,167,100090,167,100001,167,100098,167,99995,167,100112,100,99927,167,100126,100,99924,100,100158,100,99857,100,100159,100,99803,100,100161,100,99794,100
2019-06-28 09:38:59.202603538,100042,167,100019,100,100046,167,100010,167,100077,267,100003,167,100090,167,100001,167,100098,167,99995,167,100112,100,99927,167,100126,100,99924,100,100158,100,99857,100,100159,100,99803,100,100161,100,99767,100
2019-06-28 09:39:00.000000000,100042,214,100019,214,100046,211,100010,211,100077,311,100003,211,100090,100,100001,100,100098,100,99995,100,100112,100,99927,100,100126,100,99924,100,100158,100,99857,100,100159,100,99803,100,100161,100,99767,100
2019-06-28 09:39:06.636751595,100042,214,100019,314,100046,211,100010,211,100077,311,100003,211,100090,100,100001,100,100098,100,99995,100,100112,100,99927,100,100126,100,99924,100,100158,100,99857,100,100159,100,99803,100,100178,100,99767,100
2019-06-28 09:39:08.879402900,100042,214,100019,414,100046,211,100010,211,100077,311,100003,211,100090,100,100001,100,100098,100,99995,100,100112,100,99927,100,100126,100,99924,100,100158,100,99857,100,100159,100,99803,100,100178,100,99767,100
2019-06-28 09:39:10.000000000,100042,184,100019,384,100046,184,100010,184,100077,284,100003,184,100090,184,100001,184,100098,100,99995,100,100112,100,99927,100,100126,100,99924,100,100158,100,99857,100,100159,100,99803,100,100178,100,99767,100
2019-06-28 09:39:10.134865917,100042,184,100019,384,100046,184,100010,184,100077,284,100003,184,100090,184,100001,184,100098,100,99995,100,100108,100,99927,100,100112,100,99924,100,100126,100,99857,100,100158,100,99803,100,100159,100,99767,100
2019-06-28 09:39:20.000000000,100042,436,100019,636,100046,100,100010,100,100077,200,100003,100,100090,100,100001,100,100098,100,99995,100,100108,100,99927,100,100112,100,99924,100,100126,100,99857,100,100158,100,99803,100,100159,100,99767,100
2019-06-28 09:39:30.000000000,100042,214,100019,414,100046,211,100010,211,100077,311,100003,211,100090,100,100001,100,100098,100,99995,100,100108,100,99927,100,100112,100,99924,100,100126,100,99857,100,100158,100,99803,100,100159,100,99767,100
2019-06-28 09:39:40.000000000,100042,214,100019,414,100046,211,100010,211,100077,311,100003,211,100090,100,100001,100,100098,100,99995,100,100108,100,99927,100,100112,100,99924,100,100126,100,99857,100,100158,100,99803,100,100159,100,99767,100
2019-06-28 09:39:50.000000000,100042,214,100019,414,100046,211,100010,211,100077,311,100003,211,100090,100,100001,100,100098,100,99995,100,100108,100,99927,100,100112,100,99924,100,100126,100,99857,100,100158,100,99803,100,100159,100,99767,100
2019-06-28 09:39:52.581597158,100042,214,100019,414,100046,211,100010,211,100077,311,100003,211,100090,100,100001,100,100098,100,99995,100,100108,100,99927,100,100112,100,99924,100,100126,100,99857,100,100158,100,99803,100,100159,100,99767,100
2019-06-28 09:40:00.000000000,100042,167,100019,367,100046,167,100010,167,100077,267,100003,167,100090,167,100001,167,100098,167,99995,167,100108,100,99927,100,100112,100,99924,100,100126,100,99857,100,100158,100,99803,100,100159,100,99767,100
2019-06-28 09:40:10.000000000,100042,268,100019,468,100046,268,100010,268,100077,200,100003,100,100090,100,100001,100,100098,100,99995,100,100108,100,99927,100,100112,100,99924,100,100126,100,99857,100,100158,100,99803,100,100159,100,99767,100
2019-06-28 09:40:20.000000000,100042,214,100019,414,100046,211,100010,211,100077,311,100003,211,100090,100,100001,100,100098,100,99995,100,100108,100,99927,100,100112,100,99924,100,100126,100,99857,100,100158,100,99803,100,100159,100,99767,100
2019-06-28 09:40:30.000000000,100042,436,100019,636,100046,100,100010,100,100077,200,100003,100,100090,100,100001,100,100098,100,99995,100,100108,100,99927,100,100112,100,99924,100,100126,100,99857,100,100158,100,99803,100,100159,100,99767,100
2019-06-28 09:40:34.860350826,100042,336,100019,636,100046,100,100010,100,100077,200,100003,100,100090,100,100001,100,100098,100,99995,100,100108,100,99927,100,100112,100,99924,100,100126,100,99857,100,100158,100,99803,100,100159,100,99767,100
2019-06-28 09:40:40.000000000,100046,268,100019,468,100077,368,100010,268,100090,100,100003,100,100098,100,100001,100,100108,100,99995,100,100112,100,99927,100,100126,100,99924,100,100158,100,99857,100,100159,100,99803,100,100178,100,99767,100
2019-06-28 09:40:50.000000000,100046,268,100019,468,100077,368,100010,268,100090,100,100003,100,100098,100,100001,100,100108,100,99995,100,100112,100,99927,100,100126,100,99924,100,100158,100,99857,100,100159,100,99803,100,100178,100,99767,100
2019-06-28 09:41:00.000000000,100046,184,100019,384,100077,284,100010,184,100090,184,100003,184,100098,184,100001,184,100108,100,99995,100,100112,100,99927,100,100126,100,99924,100,100158,100,99857,100,100159,100,99803,100,100178,100,99767,100
2019-06-28 09:41:01.969988032,100046,184,100041,100,100077,284,100019,384,100090,184,100010,184,100098,184,100003,184,100108,100,100001,184,100112,100,99995,100,100126,100,99927,100,100158,100,99924,100,100159,100,99857,100,100178,100,99803,100
2019-06-28 09:41:10.000000000,100046,214,100041,214,100077,311,100019,411,100090,211,100010,211,100098,100,100003,100,100108,100,100001,100,100112,100,99995,100,100126,100,99927,100,100158,100,99924,100,100159,100,99857,100,100178,100,99803,100
2019-06-28 09:41:20.000000000,100046,184,100041,184,100077,284,100019,384,100090,184,100010,184,100098,184,100003,184,100108,100,100001,100,100112,100,99995,100,100126,100,99927,100,100158,100,99924,100,100159,100,99857,100,100178,100,99803,100
2019-06-28 09:41:29.463438080,100046,184,100041,184,100077,284,100022,100,100090,184,100019,384,100098,184,100010,84,100108,100,100003,184,100112,100,100001,100,100126,100,99995,100,100158,100,99927,100,100159,100,99924,100,100178,100,99857,100
2019-06-28 09:41:30.000000000,100046,184,100041,184,100077,284,100022,184,100090,184,100019,384,100098,184,100003,184,100108,100,100001,100,100112,100,99995,100,100126,100,99927,100,100158,100,99924,100,100159,100,99857,100,100178,100,99803,100
2019-06-28 09:41:31.357797091,100046,184,100041,184,100077,284,100022,184,100090,184,100019,384,100098,184,100003,184,100108,100,100001,100,100112,100,99995,100,100126,100,99927,100,100158,100,99924,100,100159,100,99857,100,100178,100,99803,100
2019-06-28 09:41:33.410409975,100046,184,100041,184,100077,284,100022,284,100090,184,100019,384,100098,84,100003,184,100108,100,100001,100,100112,100,99995,100,100126,100,99927,100,100158,100,99924,100,100159,100,99857,100,100178,100,99803,100
2019-06-28 09:41:40.000000000,100046,436,100041,436,100077,200,100022,200,100090,100,100019,300,100108,100,100003,100,100112,100,100001,100,100126,100,99995,100,100158,100,99927,100,100159,100,99924,100,100178,100,99857,100,100199,100,99803,100
2019-06-28 09:41:50.000000000,100046,268,100041,268,100077,368,100022,368,100090,100,100019,300,100108,100,100003,100,100112,100,100001,100,100126,100,99995,100,100158,100,99927,100,100159,100,99924,100,100178,100,99857,100,100199,100,99803,100
2019-06-28 09:42:00.000000000,100046,214,100041,214,100077,311,100022,311,100090,211,100019,411,100108,100,100003,100,100112,100,100001,100,100126,100,99995,100,100158,100,99927,100,100159,100,99924,100,100178,100,99857,100,100199,100,99803,100
2019-06-28 09:42:10.000000000,100046,436,100041,436,100077,200,100022,200,100090,100,100019,300,100108,100,100003,100,100112,100,100001,100,100126,100,99995,100,100158,100,99927,100,100159,100,99924,100,100178,100,99857,100,100199,100,99803,100
2019-06-28 09:42:20.000000000,100046,436,100041,436,100077,200,100022,200,100090,100,100019,300,100108,100,100003,100,100112,100,100001,100,100126,100,99995,100,100158,100,99927,100,100159,100,99924,100,100178,100,99857,100,100199,100,99803,100
2019-06-28 09:42:25.207562674,100046,336,100041,336,100077,200,100022,200,100090,100,100019,300,100108,100,100003,100,100112,100,100001,100,100126,100,99995,100,100158,100,99927,100,100159,100,99924,100,100178,100,99857,100,100199,100,99803,100
2019-06-28 09:42:28.841708819,100046,336,100041,336,100077,200,100022,200,100090,100,100019,300,100108,100,100003,100,100112,100,100001,100,100126,100,99995,100,100159,100,99927,100,100178,100,99924,100,100199,100,99857,100,100249,100,99803,100
2019-06-28 09:42:30.000000000,100077,267,100022,267,100090,167,100019,367,100108,167,100003,167,100112,167,100001,167,100126,167,99995,167,100159,100,99927,100,100178,100,99924,100,100199,100,99857,100,100249,100,99803,100,100433,200,99767,100
2019-06-28 09:42:35.842812377,100077,167,100022,267,100090,167,100019,367,100108,167,100003,167,100112,167,100001,167,100126,67,99995,167,100159,100,99927,100,100178,100,99924,100,100199,100,99857,100,100249,100,99803,100,100433,200,99767,100
2019-06-28 09:42:40.000000000,100077,268,100022,368,100090,268,100019,468,100108,100,100003,100,100112,100,100001,100,100159,100,99995,100,100178,100,99927,100,100199,100,99924,100,100249,100,99857,100,100433,200,99803,100,100514,100,99767,100
2019-06-28 09:42:50.000000000,100077,184,100022,284,100090,184,100019,384,100108,184,100003,184,100112,184,100001,184,100159,100,99995,100,100178,100,99927,100,100199,100,99924,100,100249,100,99857,100,100433,200,99803,100,100514,100,99767,100
2019-06-28 09:43:00.000000000,100077,184,100022,284,100090,184,100019,384,100108,184,100003,184,100112,184,100001,184,100159,100,99995,100,100178,100,99927,100,100199,100,99924,100,100249,100,99857,100,100433,200,99803,100,100514,100,99767,100
2019-06-28 09:43:10.000000000,100077,268,100022,368,100090,268,100019,468,100108,100,100003,100,100112,100,100001,100,100159,100,99995,100,100178,100,99927,100,100199,100,99924,100,100249,100,99857,100,100433,200,99803,100,100514,100,99767,100
2019-06-28 09:43:16.564308979,100077,168,100022,368,100090,268,100019,468,100108,100,100003,100,100112,100,100001,100,100159,100,99995,100,100178,100,99927,100,100199,100,99924,100,100249,100,99857,100,100433,200,99803,100,100514,100,99767,100
2019-06-28 09:43:20.000000000,100090,436,100022,536,100108,100,100019,300,100112,100,100003,100,100159,100,100001,100,100178,100,99995,100,100199,100,99927,100,100249,100,99924,100,100433,200,99857,100,100514,100,99803,100,100607,100,99767,100
2019-06-28 09:43:30.000000000,100090,268,100022,368,100108,268,100019,468,100112,100,100003,100,100159,100,100001,100,100178,100,99995,100,100199,100,99927,100,100249,100,99924,100,100433,200,99857,100,100514,100,99803,100,100607,100,99767,100
2019-06-28 09:43:36.928364655,100090,268,100022,368,100108,268,100019,468,100112,100,100003,100,100159,100,100001,100,100178,100,99995,100,100199,100,99927,100,100249,100,99924,100,100433,200,99857,100,100514,100,99803,100,100607,100,99767,100
2019-06-28 09:43:39.224929644,100090,268,100022,368,100108,268,100019,468,100112,100,100003,100,100159,100,100001,100,100178,100,99995,100,100249,100,99927,100,100433,200,99924,100,100514,100,99857,100,100607,100,99803,100,100651,100,99767,100
2019-06-28 09:43:40.000000000,100090,268,100022,368,100108,268,100019,468,100112,100,100003,100,100159,100,100001,100,100178,100,99995,100,100249,100,99927,100,100433,200,99924,100,100514,100,99857,100,100607,100,99803,100,100651,100,99767,100
2019-06-28 09:43:50.000000000,100090,167,100022,267,100108,167,100019,367,100112,167,100003,167,100159,167,100001,167,100178,167,99995,167,100249,100,99927,100,100433,200,99924,100,100514,100,99857,100,100607,100,99803,100,100651,100,99767,100
2019-06-28 09:44:00.000000000,100090,436,100022,536,100108,100,100019,300,100112,100,100003,100,100159,100,100001,100,100178,100,99995,100,100249,100,99927,100,100433,200,99924,100,100514,100,99857,100,100607,100,99803,100,100651,100,99767,100
2019-06-28 09:44:04.645908637,100090,336,100022,536,100108,100,100019,300,100112,100,100003,100,100159,100,100001,100,100178,100,99995,100,100249,100,99927,100,100433,200,99924,100,100514,100,99857,100,100607,100,99803,100,100651,100,99767,100
2019-06-28 09:44:10.000000000,100108,268,100022,368,100112,268,100019,468,100159,100,100003,100,100178,100,100001,100,100249,100,99995,100,100433,200,99927,100,100514,100,99924,100,100607,100,99857,100,100651,100,99803,100,101200,100,99767,100
2019-06-28 09:44:20.000000000,100108,436,100022,536,100112,100,100019,300,100159,100,100003,100,100178,100,100001,100,100249,100,99995,100,100433,200,99927,100,100514,100,99924,100,100607,100,99857,100,100651,100,99803,100,101200,100,99767,100
2019-06-28 09:44:23.287965752,100108,336,100022,536,100112,100,100019,300,100159,100,100003,100,100249,100,100001,100,100433,200,99995,100,100514,100,99927,100,100607,100,99924,100,100651,100,99857,100,101200,100,99803,100,101294,100,99767,100
2019-06-28 09:44:30.000000000,100112,436,100022,536,100159,100,100019,300,100249,100,100003,100,100433,200,100001,100,100514,100,99995,100,100607,100,99927,100,100651,100,99924,100,101200,100,99857,100,101294,100,99803,100,101548,100,99767,100
2019-06-28 09:44:40.000000000,100112,268,100022,368,100159,268,100019,468,100249,100,100003,100,100433,200,100001,100,100514,100,99995,100,100607,100,99927,100,100651,100,99924,100,101200,100,99857,100,101294,100,99803,100,101548,100,99767,100
2019-06-28 09:44:50.000000000,100112,268,100022,368,100159,268,100019,468,100249,100,100003,100,100433,200,100001,100,100514,100,99995,100,100607,100,99927,100,100651,100,99924,100,101200,100,99857,100,101294,100,99803,100,101548,100,99767,100
2019-06-28 09:44:54.118765205,100112,168,100022,368,100159,268,100019,468,100249,100,100003,100,100433,200,100001,100,100514,100,99927,100,100607,100,99924,100,100651,100,99857,100,101200,100,99803,100,101294,100,99767,100,101548,100,99557,100
2019-06-28 09:44:55.827596207,100112,168,100108,100,100159,268,100022,368,100249,100,100019,468,100433,200,100003,100,100514,100,100001,100,100607,100,99927,100,100651,100,99924,100,101200,100,99857,100,101294,100,99803,100,101548,100,99767,100
2019-06-28 09:45:00.000000000,100159,214,100108,214,100249,211,100022,311,100433,311,100019,411,100514,100,100003,100,100607,100,100001,100,100651,100,99927,100,101200,100,99924,100,101294,100,99857,100,101548,100,99803,100,,,99767,100
2019-06-28 09:45:03.056606726,100159,214,100108,214,100249,211,100022,311,100433,211,100019,411,100514,100,100003,100,100607,100,100001,100,100651,100,99927,100,101200,100,99924,100,101286,100,99857,100,101294,100,99803,100,101548,100,99767,100
2019-06-28 09:45:10.000000000,100159,214,100108,214,100249,211,100022,311,100433,211,100019,411,100514,100,100003,100,100607,100,100001,100,100651,100,99927,100,101200,100,99924,100,101286,100,99857,100,101294,100,99803,100,101548,100,99767,100
2019-06-28 09:45:10.028283636,100159,114,100108,214,100249,211,100022,311,100433,211,100019,411,100514,100,100003,100,100607,100,100001,100,100651,100,99927,100,101200,100,99924,100,101286,100,99857,100,101294,100,99803,100,101548,100,99767,100
2019-06-28 09:45:20.000000000,100249,268,100108,268,100433,268,100022,368,100514,100,100019,300,100607,100,100003,100,100651,100,100001,100,101200,100,99927,100,101286,100,99924,100,101294,100,99857,100,101548,100,99803,100,,,99767,100
2019-06-28 09:45:22.754524772,100249,268,100108,268,100433,268,100022,368,100514,100,100019,300,100607,100,100001,100,100651,100,99927,100,101200,100,99924,100,101286,100,99857,100,101294,100,99803,100,101501,100,99767,100,101548,100,99557,100
2019-06-28 09:45:30.000000000,100249,268,100108,268,100433,268,100022,368,100514,100,100019,300,100607,100,100001,100,100651,100,99927,100,101200,100,99924,100,101286,100,99857,100,101294,100,99803,100,101501,100,99767,100,101548,100,99557,100
2019-06-28 09:45:40.000000000,100249,214,100108,214,100433,211,100022,311,100514,211,100019,411,100607,100,100001,100,100651,100,99927,100,101200,100,99924,100,101286,100,99857,100,101294,100,99803,100,101501,100,99767,100,101548,100,99557,100
2019-06-28 09:45:41.584034870,100249,214,100108,214,100433,211,100022,211,100514,211,100019,411,100607,100,100001,100,100651,100,99927,100,101200,100,99924,100,101286,100,99857,100,101294,100,99803,100,101501,100,99767,100,101548,100,99557,100
2019-06-28 09:45:50.000000000,100249,184,100108,184,100433,184,100022,184,100514,184,100019,384,100607,184,100001,184,100651,100,99927,100,101200,100,99924,100,101286,100,99857,100,101294,100,99803,100,101501,100,99767,100,101548,100,99557,100
2019-06-28 09:46:00.000000000,100249,436,100108,436,100433,100,100022,100,100514,100,100019,300,100607,100,100001,100,100651,100,99927,100,101200,100,99924,100,101286,100,99857,100,101294,100,99803,100,101501,100,99767,100,101548,100,99557,100
2019-06-28 09:46:10.000000000,100249,167,100108,167,100433,167,100022,167,100514,167,100019,367,100607,167,100001,167,100651,167,99927,167,101200,100,99924,100,101286,100,99857,100,101294,100,99803,100,101501,100,99767,100,101548,100,99557,100
2019-06-28 09:46:20.000000000,100249,436,100108,436,100433,100,100022,100,100514,100,100019,300,100607,100,100001,100,100651,100,99927,100,101200,100,99924,100,101286,100,99857,100,101294,100,99803,100,101501,100,99767,100,101548,100,99557,100
2019-06-28 09:46:30.000000000,100249,214,100108,214,100433,211,100022,211,100514,211,100019,411,100607,100,100001,100,100651,100,99927,100,101200,100,99924,100,101286,100,99857,100,101294,100,99803,100,101501,100,99767,100,101548,100,99557,100
2019-06-28 09:46:34.738171056,100249,214,100108,214,100433,211,100022,211,100514,211,100019,411,100517,100,100001,100,100607,100,99927,100,100651,100,99924,100,101200,100,99857,100,101286,100,99803,100,101294,100,99767,100,101501,100,99557,100
2019-06-28 09:46:37.085307839,100249,214,100108,214,100433,211,100089,100,100514,211,100022,211,100517,100,100019,411,100651,100,100001,100,101200,100,99927,100,101286,100,99924,100,101294,100,99857,100,101501,100,99803,100,101548,100,99767,100
2019-06-28 09:46:40.000000000,100249,214,100108,214,100433,211,100089,211,100514,211,100022,211,100517,100,100019,300,100651,100,100001,100,101200,100,99927,100,101286,100,99924,100,101294,100,99857,100,101501,100,99803,100,101548,100,99767,100
2019-06-28 09:46:40.974609135,100249,214,100108,214,100433,211,100089,211,100514,211,100023,100,100517,100,100022,211,100651,100,100019,300,101200,100,100001,100,101286,100,99927,100,101294,100,99924,100,101501,100,99857,100,101548,100,99803,100
2019-06-28 09:46:50.000000000,100249,436,100108,436,100433,100,100089,100,100514,100,100023,100,100517,100,100022,100,100651,100,100019,300,101200,100,100001,100,101286,100,99927,100,101294,100,99924,100,101501,100,99857,100,101548,100,99803,100
2019-06-28 09:47:00.000000000,100249,268,100108,268,100433,268,100089,268,100514,100,100023,100,100517,100,100022,100,100651,100,100019,300,101200,100,100001,100,101286,100,99927,100,101294,100,99924,100,101501,100,99857,100,101548,100,99803,100
2019-06-28 09:47:10.000000000,100249,214,100108,214,100433,211,100089,211,100514,211,100023,211,100517,100,100022,100,100651,100,100019,300,101200,100,100001,100,101286,100,99927,100,101294,100,99924,100,101501,100,99857,100,101548,100,99803,100
2019-06-28 09:47:20.000000000,100249,268,100108,268,100433,268,100089,268,100514,100,100023,100,100517,100,100022,100,100651,100,100019,300,101200,100,100001,100,101286,100,99927,100,101294,100,99924,100,101501,100,99857,100,101548,100,99803,100
2019-06-28 09:47:27.382196010,100249,168,100108,268,100433,268,100089,268,100514,100,100023,100,100517,100,100022,100,100651,100,100019,300,101200,100,100001,100,101286,100,99927,100,101294,100,99924,100,101501,100,99803,100,101548,100,99767,100
2019-06-28 09:47:30.000000000,100433,184,100108,184,100514,184,100089,184,100517,184,100023,184,100651,184,100022,184,101200,100,100019,300,101286,100,100001,100,101294,100,99927,100,101501,100,99924,100,101548,100,99803,100,,,99767,100
2019-06-28 09:47:40.000000000,100433,436,100108,436,100514,100,100089,100,100517,100,100023,100,100651,100,100022,100,101200,100,100019,300,101286,100,100001,100,101294,100,99927,100,101501,100,99924,100,101548,100,99803,100,,,99767,100
2019-06-28 09:47:42.978088093,100433,436,100159,100,100514,100,100108,336,100517,100,100089,100,100651,100,100023,100,101200,100,100022,100,101286,100,100019,300,101294,100,100001,100,101501,100,99927,100,101548,100,99924,100,,,99803,100
2019-06-28 09:47:50.000000000,100433,167,100159,167,100514,167,100089,167,100517,167,100023,167,100651,167,100022,167,101200,167,100019,367,101286,100,100001,100,101294,100,99927,100,101501,100,99924,100,101548,100,99803,100,,,99767,100
2019-06-28 09:48:00.000000000,100433,436,100159,436,100514,100,100089,100,100517,100,100023,100,100651,100,100022,100,101200,100,100019,300,101286,100,100001,100,101294,100,99927,100,101501,100,99924,100,101548,100,99803,100,,,99767,100
2019-06-28 09:48:01.062304561,100328,100,100159,436,100433,436,100023,100,100514,100,100022,100,100517,100,100019,300,100651,100,100001,100,101200,100,99927,100,101286,100,99924,100,101294,100,99803,100,101501,100,99767,100,101548,100,99557,100
2019-06-28 09:48:01.381909961,100278,100,100159,436,100328,100,100023,100,100433,436,100022,100,100514,100,100019,300,100517,100,100001,100,100651,100,99927,100,101200,100,99924,100,101286,100,99803,100,101294,100,99767,100,101501,100,99557,100
2019-06-28 09:48:10.000000000,100278,167,100159,167,100328,167,100023,167,100433,167,100022,167,100514,167,100019,367,100517,167,100001,167,100651,100,99927,100,101200,100,99924,100,101286,100,99803,100,101294,100,99767,100,101501,100,99557,100
2019-06-28 09:48:16.069391764,100278,167,100159,167,100328,167,100023,167,100340,100,100022,167,100433,167,100019,367,100514,167,100001,167,100517,167,99927,100,100651,100,99924,100,101200,100,99803,100,101286,100,99767,100,101294,100,99557,100
2019-06-28 09:48:20.000000000,100278,167,100159,167,100328,167,100023,167,100340,167,100022,167,100433,167,100019,367,100514,167,100001,167,100517,100,99927,100,100651,100,99924,100,101200,100,99803,100,101286,100,99767,100,101294,100,99557,100
2019-06-28 09:48:30.000000000,100278,436,100159,436,100328,100,100023,100,100340,100,100022,100,100433,100,100019,300,100514,100,100001,100,100517,100,99927,100,100651,100,99924,100,101200,100,99803,100,101286,100,99767,100,101294,100,99557,100
2019-06-28 09:48:34.792775126,100192,100,100159,436,100278,436,100023,100,100328,100,100022,100,100340,100,100019,300,100433,100,100001,100,100514,100,99927,100,100651,100,99924,100,101200,100,99803,100,101286,100,99767,100,101294,100,99557,100
2019-06-28 09:48:40.000000000,100192,167,100159,167,100278,167,100023,167,100328,167,100022,167,100340,167,100019,367,100433,167,100001,167,100514,100,99927,100,100651,100,99924,100,101200,100,99803,100,101286,100,99767,100,101294,100,99557,100
2019-06-28 09:48:50.000000000,100192,184,100159,184,100278,184,100023,184,100328,184,100022,184,100340,184,100019,384,100433,100,100001,100,100514,100,99927,100,100651,100,99924,100,101200,100,99803,100,101286,100,99767,100,101294,100,99557,100
2019-06-28 09:48:56.396492114,100192,184,100159,184,100278,184,100023,184,100302,100,100022,184,100328,184,100019,384,100340,184,100001,100,100433,100,99927,100,100514,100,99924,100,101200,100,99803,100,101286,100,99767,100,101294,100,99557,100
2019-06-28 09:49:00.000000000,100192,214,100159,214,100278,211,100023,211,100302,211,100022,211,100328,100,100019,300,100340,100,100001,100,100433,100,99927,100,100514,100,99924,100,101200,100,99803,100,101286,100,99767,100,101294,100,99557,100
2019-06-28 09:49:10.000000000,100192,268,100159,268,100278,268,100023,268,100302,100,100022,100,100328,100,100019,300,100340,100,100001,100,100433,100,99927,100,100514,100,99924,100,101200,100,99803,100,101286,100,99767,100,101294,100,99557,100
2019-06-28 09:49:20.000000000,100192,167,100159,167,100278,167,100023,167,100302,167,100022,167,100328,167,100019,367,100340,167,100001,167,100433,100,99927,100,100514,100,99924,100,101200,100,99803,100,101286,100,99767,100,101294,100,99557,100
2019-06-28 09:49:21.949726116,100192,167,100159,167,100278,167,100023,167,100302,167,100022,167,100328,167,100019,367,100340,167,100001,167,100413,100,99927,100,100433,100,99924,100,100514,100,99803,100,101200,100,99767,100,101286,100,99557,100
2019-06-28 09:49:30.000000000,100192,184,100159,184,100278,184,100023,184,100302,184,100022,184,100328,184,100019,384,100340,100,100001,100,100413,100,99927,100,100433,100,99924,100,100514,100,99803,100,101200,100,99767,100,101286,100,99557,100
2019-06-28 09:49:33.908784865,100192,84,100159,184,100278,184,100023,184,100302,184,100022,184,100328,184,100019,384,100340,100,100001,100,100413,100,99927,100,100433,100,99924,100,100514,100,99803,100,101200,100,99767,100,101286,100,99387,100
2019-06-28 09:49:35.005655445,100278,184,100192,16,100302,184,100159,184,100328,184,100023,184,100340,100,100022,184,100413,100,100019,384,100433,100,100001,100,100514,100,99927,100,101200,100,99924,100,101286,100,99803,100,101294,100,99767,100
2019-06-28 09:49:40.000000000,100278,436,100192,352,100302,100,100159,100,100328,100,100023,100,100340,100,100022,100,100413,100,100019,300,100433,100,100001,100,100514,100,99927,100,101200,100,99924,100,101286,100,99803,100,101294,100,99767,100
2019-06-28 09:49:50.000000000,100278,214,100192,130,100302,211,100159,211,100328,211,100023,211,100340,100,100022,100,100413,100,100019,300,100433,100,100001,100,100514,100,99927,100,101200,100,99924,100,101286,100,99803,100,101294,100,99767,100
2019-06-28 09:49:50.093980089,100278,14,100192,130,100302,211,100159,211,100328,211,100023,211,100340,100,100022,100,100413,100,100019,300,100433,100,100001,100,100514,100,99927,100,101200,100,99924,100,101286,100,99803,100,101294,100,99767,100
2019-06-28 09:50:00.000000000,100302,268,100192,184,100328,268,100159,268,100340,100,100023,100,100413,100,100022,100,100433,100,100019,300,100514,100,100001,100,101200,100,99927,100,101286,100,99924,100,101294,100,99803,100,101501,100,99767,100
2019-06-28 09:50:00.048634384,100302,268,100197,100,100328,268,100192,184,100340,100,100159,268,100413,100,100023,100,100433,100,100022,100,100514,100,100019,300,101200,100,100001,100,101286,100,99927,100,101294,100,99924,100,101501,100,99803,100
2019-06-28 09:50:10.000000000,100302,214,100197,214,100328,211,100192,127,100340,211,100159,211,100413,100,100023,100,100433,100,100022,100,100514,100,100019,300,101200,100,100001,100,101286,100,99927,100,101294,100,99924,100,101501,100,99803,100
2019-06-28 09:50:20.000000000,100302,167,100197,167,100328,167,100192,83,100340,167,100159,167,100413,167,100023,167,100433,167,100022,167,100514,100,100019,300,101200,100,100001,100,101286,100,99927,100,101294,100,99924,100,101501,100,99803,100
2019-06-28 09:50:30.000000000,100302,167,100197,167,100328,167,100192,83,100340,167,100159,167,100413,167,100023,167,100433,167,100022,167,100514,100,100019,300,101200,100,100001,100,101286,100,99927,100,101294,100,99924,100,101501,100,99803,100
2019-06-28 09:50:40.000000000,100302,214,100197,214,100328,211,100192,127,100340,211,100159,211,100413,100,100023,100,100433,100,100022,100,100514,100,100019,300,101200,100,100001,100,101286,100,99927,100,101294,100,99924,100,101501,100,99803,100
2019-06-28 09:50:50.000000000,100302,184,100197,184,100328,184,100192,100,100340,184,100159,184,100413,184,100023,184,100433,100,100022,100,100514,100,100019,300,101200,100,100001,100,101286,100,99927,100,101294,100,99924,100,101501,100,99803,100
2019-06-28 09:51:00.000000000,100302,184,100197,184,100328,184,100192,100,100340,184,100159,184,100413,184,100023,184,100433,100,100022,100,100514,100,100019,300,101200,100,100001,100,101286,100,99927,100,101294,100,99924,100,101501,100,99803,100
2019-06-28 09:51:10.000000000,100302,184,100197,184,100328,184,100192,100,100340,184,100159,184,100413,184,100023,184,100433,100,100022,100,100514,100,100019,300,101200,100,100001,100,101286,100,99927,100,101294,100,99924,100,101501,100,99803,100
2019-06-28 09:51:14.644391672,100302,184,100197,184,100328,184,100192,100,100340,184,100159,184,100413,184,100023,184,100433,100,100022,100,100514,100,100019,300,101200,100,100001,100,101286,100,99927,100,101294,100,99924,100,101501,100,99914,100
2019-06-28 09:51:20.000000000,100302,214,100197,214,100328,211,100192,127,100340,211,100159,211,100413,100,100023,100,100433,100,100022,100,100514,100,100019,300,101200,100,100001,100,101286,100,99927,100,101294,100,99924,100,101501,100,99914,100
2019-06-28 09:51:30.000000000,100302,436,100197,436,100328,100,100192,16,100340,100,100159,100,100413,100,100023,100,100433,100,100022,100,100514,100,100019,300,101200,100,100001,100,101286,100,99927,100,101294,100,99924,100,101501,100,99914,100
2019-06-28 09:51:40.000000000,100302,214,100197,214,100328,211,100192,127,100340,211,100159,211,100413,100,100023,100,100433,100,100022,100,100514,100,100019,300,101200,100,100001,100,101286,100,99927,100,101294,100,99924,100,101501,100,99914,100
2019-06-28 09:51:40.006167825,100302,214,100197,214,100328,211,100192,127,100340,211,100159,211,100413,100,100023,100,100433,100,100022,100,100514,100,100019,300,101200,100,100001,100,101286,100,99927,100,101294,100,99924,100,101501,100,99914,100
2019-06-28 09:51:44.570083785,100302,214,100197,114,100328,211,100192,127,100340,211,100159,211,100413,100,100023,100,100433,100,100022,100,100514,100,100019,300,101200,100,100001,100,101286,100,99927,100,101294,100,99924,100,101501,100,99914,100
2019-06-28 09:51:50.000000000,100302,436,100192,352,100328,100,100159,100,100340,100,100023,100,100413,100,100022,100,100433,100,100019,300,100514,100,100001,100,101200,100,99927,100,101286,100,99924,100,101294,100,99914,100,101501,100,99811,100
2019-06-28 09:52:00.000000000,100302,167,100192,83,100328,167,100159,167,100340,167,100023,167,100413,167,100022,167,100433,167,100019,367,100514,100,100001,100,101200,100,99927,100,101286,100,99924,100,101294,100,99914,100,101501,100,99811,100
2019-06-28 09:52:01.805802558,100302,167,100192,83,100328,167,100159,167,100340,67,100055,100,100413,167,100023,167,100433,167,100022,167,100514,100,100019,367,101200,100,100001,100,101286,100,99927,100,101294,100,99924,100,101501,100,99914,100
2019-06-28 09:52:07.837913240,100302,167,100198,100,100328,167,100192,83,100340,67,100159,167,100413,167,100055,100,100433,167,100023,167,100514,100,100022,167,101200,100,100019,367,101286,100,100001,100,101294,100,99927,100,101501,100,99924,100
2019-06-28 09:52:10.000000000,100302,214,100198,214,100328,211,100192,127,100413,211,100159,211,100433,100,100055,100,100514,100,100023,100,101200,100,100022,100,101286,100,100019,300,101294,100,100001,100,101501,100,99927,100,101548,100,99924,100
2019-06-28 09:52:20.000000000,100302,214,100198,214,100328,211,100192,127,100413,211,100159,211,100433,100,100055,100,100514,100,100023,100,101200,100,100022,100,101286,100,100019,300,101294,100,100001,100,101501,100,99927,100,101548,100,99924,100
2019-06-28 09:52:23.177268945,100302,214,100198,214,100328,211,100192,127,100413,211,100159,211,100433,100,100055,100,100514,100,100023,100,101200,100,100022,100,101286,100,100021,100,101294,100,100019,300,101501,100,100001,100,101548,100,99927,100
2019-06-28 09:52:30.000000000,100302,167,100198,167,100328,167,100192,83,100413,167,100159,167,100433,167,100055,167,100514,167,100023,167,101200,100,100022,100,101286,100,100021,100,101294,100,100019,300,101501,100,100001,100,101548,100,99927,100
2019-06-28 09:52:32.910539046,100277,100,100198,167,100302,167,100192,83,100328,167,100159,67,100413,167,100055,167,100433,167,100023,167,100514,167,100022,100,101200,100,100021,100,101286,100,100019,300,101294,100,100001,100,101501,100,99927,100
2019-06-28 09:52:37.074065732,100277,200,100198,167,100302,167,100192,83,100328,167,100159,67,100413,167,100055,167,100433,167,100023,167,100514,167,100022,100,101200,100,100021,100,101286,100,100019,300,101294,100,100001,100,101501,100,99927,100
2019-06-28 09:52:39.561973323,100277,200,100198,167,100302,167,100192,83,100328,167,100159,67,100413,167,100055,167,100433,167,100023,167,100514,167,100022,100,101200,100,100021,100,101286,100,100019,300,101294,100,99985,100,101501,100,99927,100
2019-06-28 09:52:40.000000000,100277,314,100198,214,100302,211,100192,127,100328,211,100055,211,100413,100,100023,100,100433,100,100022,100,100514,100,100021,100,101200,100,100019,300,101286,100,99985,100,101294,100,99927,100,101501,100,99924,100
2019-06-28 09:52:41.197046445,100277,314,100227,100,100302,211,100198,214,100328,211,100192,127,100413,100,100055,211,100433,100,100022,100,100514,100,100021,100,101200,100,100019,300,101286,100,99985,100,101294,100,99927,100,101501,100,99924,100
2019-06-28 09:52:50.000000000,100277,314,100227,214,100302,211,100198,211,100328,211,100192,127,100413,100,100055,100,100433,100,100022,100,100514,100,100021,100,101200,100,100019,300,101286,100,99985,100,101294,100,99927,100,101501,100,99924,100
2019-06-28 09:52:54.112162217,100277,314,100227,114,100302,211,100198,211,100328,211,100192,127,100413,100,100055,100,100433,100,100022,100,100514,100,100021,100,101200,100,100019,300,101286,100,99985,100,101294,100,99927,100,101501,100,99924,100
2019-06-28 09:53:00.000000000,100277,314,100198,214,100302,211,100192,127,100328,211,100055,211,100413,100,100022,100,100433,100,100021,100,100514,100,100019,300,101200,100,99985,100,101286,100,99927,100,101294,100,99924,100,101501,100,99914,100
2019-06-28 09:53:03.240571142,100277,314,100198,214,100302,211,100192,127,100328,211,100055,211,100413,100,100022,100,100433,100,100021,100,100514,100,100019,300,101200,100,99985,100,101286,100,99927,100,101294,100,99924,100,101501,100,99918,100
2019-06-28 09:53:10.000000000,100277,314,100198,214,100302,211,100192,127,100328,211,100055,211,100413,100,100022,100,100433,100,100021,100,100514,100,100019,300,101200,100,99985,100,101286,100,99927,100,101294,100,99924,100,101501,100,99918,100
2019-06-28 09:53:20.000000000,100277,368,100198,268,100302,268,100192,184,100328,100,100055,100,100413,100,100022,100,100433,100,100021,100,100514,100,100019,300,101200,100,99985,100,101286,100,99927,100,101294,100,99924,100,101501,100,99918,100
2019-06-28 09:53:22.497201352,100277,368,100198,268,100302,268,100192,184,100328,100,100055,100,100413,100,100022,100,100433,100,100021,100,100514,100,100019,300,100603,100,99985,100,101200,100,99927,100,101294,100,99924,100,101501,100,99918,100
2019-06-28 09:53:30.000000000,100277,368,100198,268,100302,268,100192,184,100328,100,100055,100,100413,100,100022,100,100433,100,100021,100,100514,100,100019,300,100603,100,99985,100,101200,100,99927,100,101294,100,99924,100,101501,100,99918,100
2019-06-28 09:53:40.000000000,100277,368,100198,268,100302,268,100192,184,100328,100,100055,100,100413,100,100022,100,100433,100,100021,100,100514,100,100019,300,100603,100,99985,100,101200,100,99927,100,101294,100,99924,100,101501,100,99918,100
2019-06-28 09:53:46.022586333,100277,368,100228,100,100302,268,100198,268,100328,100,100192,184,100413,100,100055,100,100433,100,100022,100,100514,100,100021,100,100603,100,100019,300,101200,100,99985,100,101294,100,99927,100,101501,100,99924,100
2019-06-28 09:53:50.000000000,100277,368,100228,268,100302,268,100198,268,100328,100,100192,16,100413,100,100055,100,100433,100,100022,100,100514,100,100021,100,100603,100,100019,300,101200,100,99985,100,101294,100,99927,100,101501,100,99924,100
2019-06-28 09:54:00.000000000,100277,267,100228,167,100302,167,100198,167,100328,167,100192,83,100413,167,100055,167,100433,167,100022,167,100514,100,100021,100,100603,100,100019,300,101200,100,99985,100,101294,100,99927,100,101501,100,99924,100
2019-06-28 09:54:03.307882712,100277,267,100228,267,100302,167,100198,167,100328,167,100192,83,100413,167,100055,167,100433,167,100022,167,100514,100,100021,100,100603,100,100019,300,101200,100,99985,100,101294,100,99927,100,101501,100,99924,100
2019-06-28 09:54:10.000000000,100277,314,100228,314,100302,211,100198,211,100328,211,100192,127,100413,100,100055,100,100433,100,100022,100,100514,100,100021,100,100603,100,100019,300,101200,100,99985,100,101294,100,99927,100,101501,100,99924,100
2019-06-28 09:54:13.037606441,100277,214,100228,414,100302,211,100198,211,100328,211,100192,127,100413,100,100055,100,100433,100,100022,100,100514,100,100021,100,100603,100,100019,300,101200,100,99985,100,101294,100,99927,100,101501,100,99924,100
2019-06-28 09:54:13.368685317,100277,214,100228,414,100302,211,100198,211,100328,211,100192,127,100413,100,100055,100,100433,100,100022,100,100514,100,100021,100,100603,100,100019,300,100605,100,99985,100,101200,100,99927,100,101294,100,99924,100
2019-06-28 09:54:19.395372159,100277,214,100228,414,100302,211,100223,100,100328,211,100198,211,100413,100,100192,127,100433,100,100055,100,100514,100,100022,100,100603,100,100021,100,100605,100,100019,300,101200,100,99985,100,101294,100,99927,100
2019-06-28 09:54:20.000000000,100277,214,100228,414,100302,211,100223,211,100328,211,100198,211,100413,100,100192,16,100433,100,100055,100,100514,100,100022,100,100603,100,100021,100,100605,100,100019,300,101200,100,99985,100,101294,100,99927,100
2019-06-28 09:54:28.734213000,100277,214,100228,314,100302,211,100223,211,100328,211,100198,211,100413,100,100192,16,100433,100,100055,100,100514,100,100022,100,100603,100,100021,100,100605,100,100019,300,101200,100,99985,100,101294,100,99927,100
2019-06-28 09:54:30.000000000,100277,436,100228,536,100302,100,100223,100,100328,100,100198,100,100413,100,100192,16,100433,100,100055,100,100514,100,100022,100,100603,100,100021,100,100605,100,100019,300,101200,100,99985,100,101294,100,99927,100
2019-06-28 09:54:33.126598665,100277,336,100228,536,100302,100,100223,100,100328,100,100198,100,100413,100,100192,16,100433,100,100055,100,100514,100,100022,100,100603,100,100021,100,101200,100,100019,300,101294,100,99985,100,101501,100,99927,100
2019-06-28 09:54:37.579388196,100277,236,100228,536,100302,100,100223,100,100328,100,100198,100,100413,100,100192,16,100433,100,100055,100,100514,100,100022,100,100603,100,100021,100,101200,100,100019,300,101294,100,99985,100,101501,100,99927,100
2019-06-28 09:54:40.000000000,100302,167,100228,267,100328,167,100223,167,100413,167,100198,167,100433,167,100192,83,100514,167,100055,167,100603,100,100022,100,101200,100,100021,100,101294,100,100019,300,101501,100,99985,100,101548,100,99927,100
2019-06-28 09:54:47.229627721,100302,167,100228,267,100328,167,100223,167,100413,167,100198,167,100433,167,100192,83,100514,167,100055,167,100546,100,100022,100,100603,100,100021,100,101200,100,100019,300,101294,100,99985,100,101501,100,99927,100
2019-06-28 09:54:50.000000000,100302,268,100228,368,100328,268,100223,268,100413,100,100198,100,100433,100,100192,16,100514,100,100055,100,100546,100,100022,100,100603,100,100021,100,101200,100,100019,300,101294,100,99985,100,101501,100,99927,100
2019-06-28 09:54:51.424407078,100302,268,100228,368,100328,268,100223,268,100413,100,100198,100,100433,100,100192,16,100514,100,100055,100,100546,100,100022,100,100603,100,100021,100,101200,100,100019,200,101294,100,99985,100,101501,100,99927,100
2019-06-28 09:55:00.000000000,100302,184,100228,284,100328,184,100223,184,100413,184,100198,184,100433,184,100192,100,100514,100,100055,100,100546,100,100022,100,100603,100,100021,100,101200,100,100019,200,101294,100,99985,100,101501,100,99927,100
2019-06-28 09:55:10.000000000,100302,184,100228,284,100328,184,100223,184,100413,184,100198,184,100433,184,100192,100,100514,100,100055,100,100546,100,100022,100,100603,100,100021,100,101200,100,100019,200,101294,100,99985,100,101501,100,99927,100
2019-06-28 09:55:20.000000000,100302,184,100228,284,100328,184,100223,184,100413,184,100198,184,100433,184,100192,100,100514,100,100055,100,100546,100,100022,100,100603,100,100021,100,101200,100,100019,200,101294,100,99985,100,101501,100,99927,100
2019-06-28 09:55:28.853409853,100276,100,100228,284,100302,184,100223,184,100328,184,100198,184,100413,184,100192,100,100433,184,100055,100,100514,100,100022,100,100546,100,100021,100,100603,100,100019,200,101200,100,99985,100,101294,100,99927,100
2019-06-28 09:55:30.000000000,100276,214,100228,314,100302,211,100223,211,100328,211,100198,211,100413,100,100192,16,100433,100,100055,100,100514,100,100022,100,100546,100,100021,100,100603,100,100019,200,101200,100,99985,100,101294,100,99927,100
2019-06-28 09:55:40.000000000,100276,436,100228,536,100302,100,100223,100,100328,100,100198,100,100413,100,100192,16,100433,100,100055,100,100514,100,100022,100,100546,100,100021,100,100603,100,100019,200,101200,100,99985,100,101294,100,99927,100
2019-06-28 09:55:41.324690478,100276,436,100228,536,100302,100,100223,100,100328,100,100198,100,100413,100,100192,16,100433,100,100055,100,100436,100,100022,100,100514,100,100021,100,100546,100,100019,200,101200,100,99985,100,101294,100,99927,100
2019-06-28 09:55:50.000000000,100276,268,100228,368,100302,268,100223,268,100328,100,100198,100,100413,100,100192,16,100433,100,100055,100,100436,100,100022,100,100514,100,100021,100,100546,100,100019,200,101200,100,99985,100,101294,100,99927,100
2019-06-28 09:56:00.000000000,100276,268,100228,368,100302,268,100223,268,100328,100,100198,100,100413,100,100192,16,100433,100,100055,100,100436,100,100022,100,100514,100,100021,100,100546,100,100019,200,101200,100,99985,100,101294,100,99927,100
2019-06-28 09:56:02.268179535,100276,268,100234,100,100302,268,100228,368,100328,100,100223,268,100413,100,100198,100,100433,100,100192,16,100436,100,100055,100,100514,100,100022,100,100546,100,100021,100,101200,100,100019,200,101294,100,99985,100
2019-06-28 09:56:10.000000000,100276,214,100234,214,100302,211,100228,311,100328,211,100223,211,100413,100,100198,100,100433,100,100192,16,100436,100,100055,100,100514,100,100022,100,100546,100,100021,100,101200,100,100019,200,101294,100,99985,100
2019-06-28 09:56:14.866849284,100276,214,100234,214,100302,211,100228,311,100328,211,100223,211,100413,100,100198,100,100433,100,100192,16,100436,100,100067,100,100514,100,100055,100,100546,100,100022,100,101200,100,100021,100,101294,100,100019,200
2019-06-28 09:56:20.000000000,100276,268,100234,268,100302,268,100228,368,100328,100,100223,100,100413,100,100198,100,100433,100,100192,16,100436,100,100067,100,100514,100,100055,100,100546,100,100022,100,101200,100,100021,100,101294,100,100019,200
2019-06-28 09:56:30.000000000,100276,436,100234,436,100302,100,100228,200,100328,100,100223,100,100413,100,100198,100,100433,100,100192,16,100436,100,100067,100,100514,100,100055,100,100546,100,100022,100,101200,100,100021,100,101294,100,100019,200
2019-06-28 09:56:40.000000000,100276,214,100234,214,100302,211,100228,311,100328,211,100223,211,100413,100,100198,100,100433,100,100192,16,100436,100,100067,100,100514,100,100055,100,100546,100,100022,100,101200,100,100021,100,101294,100,100019,200
2019-06-28 09:56:47.873946233,100276,214,100234,214,100302,211,100228,311,100328,211,100223,211,100433,100,100198,100,100436,100,100192,16,100514,100,100177,100,100546,100,100067,100,101200,100,100055,100,101294,100,100022,100,101501,100,100021,100
2019-06-28 09:56:50.000000000,100276,268,100234,268,100302,268,100228,368,100328,100,100223,100,100433,100,100198,100,100436,100,100192,16,100514,100,100177,100,100546,100,100067,100,101200,100,100055,100,101294,100,100022,100,101501,100,100021,100
2019-06-28 09:57:00.000000000,100276,184,100234,184,100302,184,100228,284,100328,184,100223,184,100433,184,100198,184,100436,100,100192,16,100514,100,100177,100,100546,100,100067,100,101200,100,100055,100,101294,100,100022,100,101501,100,100021,100
2019-06-28 09:57:04.761320523,100276,184,100234,184,100302,184,100228,184,100328,184,100223,184,100433,184,100198,184,100436,100,100192,16,100514,100,100177,100,100546,100,100067,100,101200,100,100055,100,101294,100,100022,100,101501,100,100021,100
2019-06-28 09:57:06.170606602,100276,184,100234,84,100302,184,100228,184,100328,184,100223,184,100433,184,100198,184,100436,100,100192,16,100514,100,100177,100,100546,100,100067,100,101200,100,100055,100,101294,100,100022,100,101501,100,100021,100
2019-06-28 09:57:10.000000000,100276,167,100228,167,100302,167,100223,167,100328,167,100198,167,100433,167,100192,83,100436,167,100177,167,100514,100,100067,100,100546,100,100055,100,101200,100,100022,100,101294,100,100021,100,101501,100,100019,200
2019-06-28 09:57:20.000000000,100276,214,100228,214,100302,211,100223,211,100328,211,100198,211,100433,100,100192,16,100436,100,100177,100,100514,100,100067,100,100546,100,100055,100,101200,100,100022,100,101294,100,100021,100,101501,100,100019,200
2019-06-28 09:57:20.040977536,100276,214,100228,214,100302,211,100223,211,100321,100,100198,211,100328,211,100192,16,100433,100,100177,100,100436,100,100067,100,100514,100,100055,100,100546,100,100022,100,101200,100,100021,100,101294,100,100019,200
2019-06-28 09:57:30.000000000,100276,167,100228,167,100302,167,100223,167,100321,167,100198,167,100328,167,100192,83,100433,167,100177,167,100436,100,100067,100,100514,100,100055,100,100546,100,100022,100,101200,100,100021,100,101294,100,100019,200
2019-06-28 09:57:40.000000000,100276,268,100228,268,100302,268,100223,268,100321,100,100198,100,100328,100,100192,16,100433,100,100177,100,100436,100,100067,100,100514,100,100055,100,100546,100,100022,100,101200,100,100021,100,101294,100,100019,200
2019-06-28 09:57:41.431920070,100276,268,100228,268,100302,268,100223,268,100321,100,100198,100,100328,100,100192,16,100433,100,100177,100,100436,100,100119,100,100514,100,100067,100,100546,100,100055,100,101200,100,100022,100,101294,100,100021,100
2019-06-28 09:57:44.427661057,100276,268,100235,100,100302,268,100228,168,100321,100,100223,268,100328,100,100198,100,100433,100,100192,16,100436,100,100177,100,100514,100,100119,100,100546,100,100067,100,101200,100,100055,100,101294,100,100022,100
2019-06-28 09:57:44.748624801,100275,100,100235,100,100276,268,100228,168,100302,268,100223,268,100321,100,100198,100,100328,100,100192,16,100433,100,100177,100,100436,100,100119,100,100514,100,100067,100,100546,100,100055,100,101200,100,100022,100
2019-06-28 09:57:50.000000000,100275,436,100235,436,100276,100,100223,100,100302,100,100198,100,100321,100,100192,16,100328,100,100177,100,100433,100,100119,100,100436,100,100067,100,100514,100,100055,100,100546,100,100022,100,101200,100,100021,100
2019-06-28 09:57:58.532554420,100275,436,100235,436,100276,100,100223,100,100302,100,100198,100,100321,100,100192,16,100328,100,100177,100,100433,100,100119,100,100436,100,100067,100,100514,100,100055,100,100546,100,100022,100,101200,100,100021,100
2019-06-28 09:58:00.000000000,100275,214,100235,214,100276,211,100223,211,100302,211,100198,211,100321,100,100192,16,100328,100,100177,100,100433,100,100119,100,100436,100,100067,100,100514,100,100055,100,100546,100,100022,100,101200,100,100021,100
2019-06-28 09:58:10.000000000,100275,184,100235,184,100276,184,100223,184,100302,184,100198,184,100321,184,100192,100,100328,100,100177,100,100433,100,100119,100,100436,100,100067,100,100514,100,100055,100,100546,100,100022,100,101200,100,100021,100
2019-06-28 09:58:14.292966151,100275,184,100235,184,100276,184,100223,184,100302,184,100198,184,100321,184,100192,100,100328,100,100177,100,100433,100,100119,100,100436,100,100067,100,100514,100,100055,100,100546,100,100022,100,101200,100,100021,100
2019-06-28 09:58:16.296116331,100275,184,100235,184,100276,184,100223,184,100284,100,100198,184,100302,184,100192,100,100321,184,100177,100,100328,100,100119,100,100433,100,100067,100,100436,100,100055,100,100514,100,100022,100,100546,100,100021,100
2019-06-28 09:58:17.254805649,100275,184,100235,184,100276,184,100223,184,100284,100,100198,184,100302,184,100192,100,100321,184,100177,100,100328,100,100119,100,100433,100,100067,100,100436,100,100055,100,100514,100,100022,100,100546,100,100021,100
2019-06-28 09:58:18.297095085,100275,184,100235,184,100276,184,100223,184,100284,100,100198,184,100302,184,100192,100,100316,100,100177,100,100321,184,100119,100,100328,100,100067,100,100433,100,100055,100,100436,100,100022,100,100514,100,100021,100
2019-06-28 09:58:20.000000000,100275,436,100235,436,100276,100,100223,100,100284,100,100198,100,100302,100,100192,16,100316,100,100177,100,100321,100,100119,100,100328,100,100067,100,100433,100,100055,100,100436,100,100022,100,100514,100,100021,100
2019-06-28 09:58:30.000000000,100275,167,100235,167,100276,167,100223,167,100284,167,100198,167,100302,167,100192,83,100316,167,100177,167,100321,100,100119,100,100328,100,100067,100,100433,100,100055,100,100436,100,100022,100,100514,100,100021,100
2019-06-28 09:58:40.000000000,100275,214,100235,214,100276,211,100223,211,100284,211,100198,211,100302,100,100192,16,100316,100,100177,100,100321,100,100119,100,100328,100,100067,100,100433,100,100055,100,100436,100,100022,100,100514,100,100021,100
2019-06-28 09:58:43.638028922,100275,114,100235,214,100276,211,100223,211,100284,211,100198,211,100302,100,100192,16,100321,100,100177,100,100328,100,100119,100,100433,100,100067,100,100436,100,100055,100,100514,100,100022,100,100546,100,100021,100
2019-06-28 09:58:50.000000000,100276,184,100235,184,100284,184,100223,184,100302,184,100198,184,100321,184,100192,100,100328,100,100177,100,100433,100,100119,100,100436,100,100067,100,100514,100,100055,100,100546,100,100022,100,101200,100,100021,100
2019-06-28 09:58:50.239544637,100276,184,100236,100,100284,184,100235,184,100302,184,100223,184,100321,184,100198,184,100328,100,100192,100,100433,100,100177,100,100436,100,100119,100,100514,100,100067,100,100546,100,100055,100,101200,100,100022,100
2019-06-28 09:59:00.000000000,100276,167,100236,167,100284,167,100235,167,100302,167,100223,167,100321,167,100198,167,100328,167,100192,83,100433,100,100177,100,100436,100,100119,100,100514,100,100067,100,100546,100,100055,100,101200,100,100022,100
2019-06-28 09:59:10.000000000,100276,268,100236,268,100284,268,100235,268,100302,100,100223,100,100321,100,100198,100,100328,100,100192,16,100433,100,100177,100,100436,100,100119,100,100514,100,100067,100,100546,100,100055,100,101200,100,100022,100
2019-06-28 09:59:20.000000000,100276,268,100236,268,100284,268,100235,268,100302,100,100223,100,100321,100,100198,100,100328,100,100192,16,100433,100,100177,100,100436,100,100119,100,100514,100,100067,100,100546,100,100055,100,101200,100,100022,100
2019-06-28 09:59:24.189575546,100276,268,100236,268,100284,268,100235,268,100297,100,100223,100,100302,100,100198,100,100321,100,100192,16,100328,100,100177,100,100433,100,100119,100,100436,100,100067,100,100514,100,100055,100,100546,100,100022,100
2019-06-28 09:59:30.000000000,100276,214,100236,214,100284,211,100235,211,100297,211,100223,211,100302,100,100198,100,100321,100,100192,16,100328,100,100177,100,100433,100,100119,100,100436,100,100067,100,100514,100,100055,100,100546,100,100022,100
2019-06-28 09:59:40.000000000,100276,184,100236,184,100284,184,100235,184,100297,184,100223,184,100302,184,100198,184,100321,100,100192,16,100328,100,100177,100,100433,100,100119,100,100436,100,100067,100,100514,100,100055,100,100546,100,100022,100
2019-06-28 09:59:48.874268975,100276,184,100236,184,100284,184,100235,184,100297,184,100223,184,100302,184,100198,184,100321,100,100192,16,100328,100,100177,100,100433,100,100119,100,100436,100,100055,100,100514,100,100022,100,100546,100,100021,100
2019-06-28 09:59:50.000000000,100276,167,100236,167,100284,167,100235,167,100297,167,100223,167,100302,167,100198,167,100321,167,100192,83,100328,100,100177,100,100433,100,100119,100,100436,100,100055,100,100514,100,100022,100,100546,100,100021,100
2019-06-28 10:00:00.000000000,100276,167,100236,167,100284,167,100235,167,100297,167,100223,167,100302,167,100198,167,100321,167,100192,83,100328,100,100177,100,100433,100,100119,100,100436,100,100055,100,100514,100,100022,100,100546,100,100021,100
2019-06-28 10:00:00.605959093,100276,167,100236,67,100284,167,100235,167,100297,167,100223,167,100302,167,100198,167,100321,167,100192,83,100328,100,100177,100,100433,100,100119,100,100514,100,100055,100,100546,100,100022,100,101200,100,100021,100
2019-06-28 10:00:10.000000000,100276,214,100235,214,100284,211,100223,211,100297,211,100198,211,100302,100,100192,16,100321,100,100177,100,100328,100,100119,100,100433,100,100055,100,100514,100,100022,100,100546,100,100021,100,101200,100,100019,200
2019-06-28 10:00:13.561591164,100276,214,100235,214,100284,211,100223,211,100297,111,100198,211,100302,100,100192,16,100321,100,100177,100,100328,100,100119,100,100433,100,100055,100,100514,100,100022,100,100546,100,100021,100,101200,100,100019,200
2019-06-28 10:00:19.463639098,100276,214,100235,214,100284,211,100223,211,100297,111,100198,211,100302,100,100192,16,100321,100,100177,100,100328,100,100119,100,100433,100,100055,100,100514,100,100022,100,100546,100,100021,100,101200,100,100019,200
2019-06-28 10:00:20.000000000,100276,214,100235,214,100284,211,100223,211,100302,211,100198,211,100321,100,100192,16,100328,100,100177,100,100433,100,100119,100,100514,100,100055,100,100546,100,100022,100,101200,100,100021,100,101294,100,100019,200
2019-06-28 10:00:30.000000000,100276,214,100235,214,100284,211,100223,211,100302,211,100198,211,100321,100,100192,16,100328,100,100177,100,100433,100,100119,100,100514,100,100055,100,100546,100,100022,100,101200,100,100021,100,101294,100,100019,200
2019-06-28 10:00:37.273343235,100276,214,100235,114,100284,211,100223,211,100302,211,100198,211,100321,100,100192,16,100328,100,100177,100,100433,100,100119,100,100514,100,100055,100,100546,100,100022,100,101200,100,100021,100,101294,100,100019,200
2019-06-28 10:00:37.582419778,100276,214,100235,14,100284,211,100223,211,100302,211,100198,211,100321,100,100192,16,100328,100,100177,100,100433,100,100119,100,100514,100,100055,100,100546,100,100022,100,101200,100,100021,100,101294,100,100019,200
2019-06-28 10:00:40.000000000,100276,214,100223,214,100284,211,100198,211,100302,211,100192,127,100321,100,100177,100,100328,100,100119,100,100433,100,100055,100,100514,100,100022,100,100546,100,100021,100,101200,100,100019,200,101294,100,100016,100
2019-06-28 10:00:50.000000000,100276,184,100223,184,100284,184,100198,184,100302,184,100192,100,100321,184,100177,184,100328,100,100119,100,100433,100,100055,100,100514,100,100022,100,100546,100,100021,100,101200,100,100019,200,101294,100,100016,100
2019-06-28 10:01:00.000000000,100276,184,100223,184,100284,184,100198,184,100302,184,100192,100,100321,184,100177,184,100328,100,100119,100,100433,100,100055,100,100514,100,100022,100,100546,100,100021,100,101200,100,100019,200,101294,100,100016,100
2019-06-28 10:01:03.631659191,100276,184,100223,184,100284,184,100198,184,100302,184,100192,100,100321,184,100177,184,100328,100,100119,100,100433,100,100055,100,100514,100,100022,100,100546,100,100021,100,101200,100,100019,100,101294,100,100016,100
2019-06-28 10:01:10.000000000,100276,167,100223,167,100284,167,100198,167,100302,167,100192,83,100321,167,100177,167,100328,167,100119,167,100433,100,100055,100,100514,100,100022,100,100546,100,100021,100,101200,100,100019,100,101294,100,100016,100
2019-06-28 10:01:20.000000000,100276,167,100223,167,100284,167,100198,167,100302,167,100192,83,100321,167,100177,167,100328,167,100119,167,100433,100,100055,100,100514,100,100022,100,100546,100,100021,100,101200,100,100019,100,101294,100,100016,100
2019-06-28 10:01:22.023466406,100276,167,100223,167,100284,167,100198,167,100302,167,100192,83,100321,167,100177,167,100328,167,100119,167,100433,100,100055,100,100514,100,100022,100,100546,100,100021,100,101200,100,100019,100,101294,100,100016,100
2019-06-28 10:01:30.000000000,100276,268,100223,268,100284,268,100198,268,100302,100,100192,16,100321,100,100177,100,100328,100,100119,100,100433,100,100055,100,100514,100,100022,100,100546,100,100021,100,101200,100,100019,100,101294,100,100016,100
2019-06-28 10:01:40.000000000,100276,214,100223,214,100284,211,100198,211,100302,211,100192,127,100321,100,100177,100,100328,100,100119,100,100433,100,100055,100,100514,100,100022,100,100546,100,100021,100,101200,100,100019,100,101294,100,100016,100
2019-06-28 10:01:45.275039221,100276,214,100223,114,100284,211,100198,211,100302,211,100192,127,100321,100,100177,100,100328,100,100119,100,100433,100,100055,100,100514,100,100022,100,100546,100,100021,100,101200,100,100019,100,101294,100,100016,100
2019-06-28 10:01:50.000000000,100276,268,100198,268,100284,268,100192,184,100302,100,100177,100,100321,100,100119,100,100328,100,100055,100,100433,100,100022,100,100514,100,100021,100,100546,100,100019,100,101200,100,100016,100,101294,100,99985,100
2019-06-28 10:02:00.000000000,100276,436,100198,436,100284,100,100192,16,100302,100,100177,100,100321,100,100119,100,100328,100,100055,100,100433,100,100022,100,100514,100,100021,100,100546,100,100019,100,101200,100,100016,100,101294,100,99985,100
2019-06-28 10:02:08.849034772,100276,436,100198,336,100284,100,100192,16,100302,100,100177,100,100321,100,100119,100,100328,100,100055,100,100433,100,100022,100,100514,100,100021,100,100546,100,100019,100,101200,100,100016,100,101294,100,99985,100
2019-06-28 10:02:10.000000000,100276,167,100192,83,100284,167,100177,167,100302,167,100119,167,100321,167,100055,167,100328,167,100022,167,100433,100,100021,100,100514,100,100019,100,100546,100,100016,100,101200,100,99985,100,101294,100,99968,100
2019-06-28 10:02:10.349773390,100276,167,100192,83,100284,167,100177,167,100302,167,100119,167,100321,167,100055,267,100328,167,100022,167,100433,100,100021,100,100514,100,100019,100,100546,100,100016,100,101200,100,99985,100,101294,100,99968,100
2019-06-28 10:02:14.001649990,100276,167,100192,83,100284,167,100177,167,100302,167,100119,167,100321,167,100055,267,100328,167,100022,167,100433,100,100021,100,100514,100,100019,200,100546,100,100016,100,101200,100,99985,100,101294,100,99968,100
2019-06-28 10:02:20.000000000,100276,436,100192,352,100284,100,100177,100,100302,100,100119,100,100321,100,100055,200,100328,100,100022,100,100433,100,100021,100,100514,100,100019,200,100546,100,100016,100,101200,100,99985,100,101294,100,99968,100
2019-06-28 10:02:30.000000000,100276,436,100192,352,100284,100,100177,100,100302,100,100119,100,100321,100,100055,200,100328,100,100022,100,100433,100,100021,100,100514,100,100019,200,100546,100,100016,100,101200,100,99985,100,101294,100,99968,100
2019-06-28 10:02:35.321390504,100276,436,100224,100,100284,100,100192,352,100302,100,100177,100,100321,100,100119,100,100328,100,100055,200,100433,100,100022,100,100514,100,100021,100,100546,100,100019,200,101200,100,100016,100,101294,100,99985,100
2019-06-28 10:02:40.000000000,100276,184,100224,184,100284,184,100192,100,100302,184,100177,184,100321,184,100119,184,100328,100,100055,200,100433,100,100022,100,100514,100,100021,100,100546,100,100019,200,101200,100,100016,100,101294,100,99985,100
2019-06-28 10:02:50.000000000,100276,268,100224,268,100284,268,100192,184,100302,100,100177,100,100321,100,100119,100,100328,100,100055,200,100433,100,100022,100,100514,100,100021,100,100546,100,100019,200,101200,100,100016,100,101294,100,99985,100
2019-06-28 10:02:50.684807480,100276,268,100224,268,100284,268,100192,184,100302,100,100177,100,100321,100,100119,100,100328,100,100106,100,100433,100,100055,200,100514,100,100022,100,100546,100,100021,100,101200,100,100019,200,101294,100,100016,100
2019-06-28 10:03:00.000000000,100276,184,100224,184,100284,184,100192,100,100302,184,100177,184,100321,184,100119,184,100328,100,100106,100,100433,100,100055,200,100514,100,100022,100,100546,100,100021,100,101200,100,100019,200,101294,100,100016,100
2019-06-28 10:03:04.575424384,100276,184,100224,184,100284,184,100192,100,100302,184,100177,184,100321,184,100119,184,100328,100,100106,100,100433,100,100055,200,100514,100,100022,100,100546,100,100021,100,101200,100,100019,200,101294,100,100016,100
2019-06-28 10:03:10.000000000,100276,214,100224,214,100284,211,100192,127,100302,211,100177,211,100321,100,100119,100,100328,100,100106,100,100433,100,100055,200,100514,100,100022,100,100546,100,100021,100,101200,100,100019,200,101294,100,100016,100
2019-06-28 10:03:20.000000000,100276,436,100224,436,100284,100,100192,16,100302,100,100177,100,100321,100,100119,100,100328,100,100106,100,100433,100,100055,200,100514,100,100022,100,100546,100,100021,100,101200,100,100019,200,101294,100,100016,100
2019-06-28 10:03:30.000000000,100276,214,100224,214,100284,211,100192,127,100302,211,100177,211,100321,100,100119,100,100328,100,100106,100,100433,100,100055,200,100514,100,100022,100,100546,100,100021,100,101200,100,100019,200,101294,100,100016,100
2019-06-28 10:03:40.000000000,100276,214,100224,214,100284,211,100192,127,100302,211,100177,211,100321,100,100119,100,100328,100,100106,100,100433,100,100055,200,100514,100,100022,100,100546,100,100021,100,101200,100,100019,200,101294,100,100016,100
2019-06-28 10:03:40.119890700,100276,214,100224,114,100284,211,100192,127,100302,211,100177,211,100321,100,100119,100,100328,100,100106,100,100433,100,100055,200,100514,100,100022,100,100546,100,100021,100,101200,100,100019,200,101294,100,100016,100
2019-06-28 10:03:44.162602223,100276,214,100224,14,100284,211,100192,127,100302,211,100177,211,100321,100,100119,100,100328,100,100106,100,100433,100,100055,200,100514,100,100022,100,100546,100,100021,100,101200,100,100019,200,101294,100,100016,100
2019-06-28 10:03:50.000000000,100276,268,100192,184,100284,268,100177,268,100302,100,100119,100,100321,100,100106,100,100328,100,100055,200,100433,100,100022,100,100514,100,100021,100,100546,100,100019,200,101200,100,100016,100,101294,100,99985,100
2019-06-28 10:03:52.024359517,100224,100,100192,184,100276,268,100177,268,100284,268,100119,100,100302,100,100106,100,100321,100,100055,200,100328,100,100022,100,100433,100,100021,100,100514,100,100019,200,100546,100,100016,100,101200,100,99985,100
2019-06-28 10:04:00.000000000,100224,268,100192,184,100276,268,100177,268,100284,100,100119,100,100302,100,100106,100,100321,100,100055,200,100328,100,100022,100,100433,100,100021,100,100514,100,100019,200,100546,100,100016,100,101200,100,99985,100
2019-06-28 10:04:01.051198077,100224,268,100192,84,100276,268,100177,268,100284,100,100119,100,100302,100,100106,100,100321,100,100055,100,100328,100,100022,100,100433,100,100021,100,100514,100,100019,200,100546,100,100016,100,101200,100,99985,100
2019-06-28 10:04:05.949327966,100224,268,100192,84,100276,268,100177,268,100284,100,100119,100,100302,100,100106,100,100328,100,100055,100,100433,100,100022,100,100514,100,100021,100,100546,100,100019,200,101200,100,100016,100,101294,100,99985,100
2019-06-28 10:04:10.000000000,100224,268,100177,268,100276,268,100119,268,100284,100,100106,100,100302,100,100055,100,100328,100,100022,100,100433,100,100021,100,100514,100,100019,200,100546,100,100016,100,101200,100,99985,100,101294,100,99968,100
2019-06-28 10:04:11.596733207,100224,268,100177,168,100276,268,100119,268,100284,100,100106,100,100302,100,100055,100,100328,100,100022,100,100433,100,100021,100,100514,100,100019,200,100546,100,100016,100,101200,100,99985,100,101294,100,99968,100
2019-06-28 10:04:11.720858054,100192,100,100177,168,100224,268,100119,268,100276,268,100106,100,100284,100,100055,100,100302,100,100022,100,100328,100,100021,100,100433,100,100019,200,100514,100,100016,100,100546,100,99985,100,101200,100,99968,100
2019-06-28 10:04:17.711330594,100192,100,100177,68,100224,268,100119,268,100276,268,100106,100,100284,100,100055,100,100302,100,100022,100,100328,100,100021,100,100433,100,100019,100,100514,100,100016,100,100546,100,99985,100,101200,100,99968,100
2019-06-28 10:04:20.000000000,100192,436,100119,436,100224,100,100106,100,100276,100,100055,100,100284,100,100022,100,100302,100,100021,100,100328,100,100019,100,100433,100,100016,100,100514,100,99985,100,100546,100,99968,100,101200,100,99914,100
2019-06-28 10:04:20.110754505,100192,436,100119,236,100224,100,100106,100,100276,100,100055,100,100284,100,100022,100,100302,100,100021,100,100328,100,100019,100,100433,100,100016,100,100514,100,99985,100,100546,100,99968,100,101200,100,99914,100
2019-06-28 10:04:30.000000000,100192,184,100106,184,100224,184,100055,184,100276,184,100022,184,100284,184,100021,184,100302,100,100019,100,100328,100,100016,100,100433,100,99985,100,100514,100,99968,100,100546,100,99914,100,101200,100,99868,200
2019-06-28 10:04:40.000000000,100192,167,100106,167,100224,167,100055,167,100276,167,100022,167,100284,167,100021,167,100302,167,100019,167,100328,100,100016,100,100433,100,99985,100,100514,100,99968,100,100546,100,99914,100,101200,100,99868,200
2019-06-28 10:04:49.302763808,100121,100,100106,167,100192,167,100055,167,100224,167,100022,167,100276,167,100021,167,100284,167,100019,167,100302,167,100016,100,100328,100,99985,100,100514,100,99968,100,100546,100,99914,100,101200,100,99868,200
2019-06-28 10:04:50.000000000,100121,167,100106,167,100192,167,100055,167,100224,167,100022,167,100276,167,100021,167,100284,167,100019,167,100302,100,100016,100,100328,100,99985,100,100514,100,99968,100,100546,100,99914,100,101200,100,99868,200
2019-06-28 10:05:00.000000000,100121,268,100106,268,100192,268,100055,268,100224,100,100022,100,100276,100,100021,100,100284,100,100019,100,100302,100,100016,100,100328,100,99985,100,100514,100,99968,100,100546,100,99914,100,101200,100,99868,200
2019-06-28 10:05:08.219627498,100121,268,100113,100,100192,268,100106,268,100224,100,100055,268,100276,100,100022,100,100284,100,100021,100,100302,100,100019,100,100328,100,100016,100,100514,100,99985,100,100546,100,99968,100,101200,100,99914,100
2019-06-28 10:05:10.000000000,100121,436,100113,436,100192,100,100106,100,100224,100,100055,100,100276,100,100022,100,100284,100,100021,100,100302,100,100019,100,100328,100,100016,100,100514,100,99985,100,100546,100,99968,100,101200,100,99914,100
2019-06-28 10:05:11.555822251,100121,336,100113,436,100192,100,100106,100,100224,100,100055,100,100276,100,100022,100,100284,100,100021,100,100302,100,100019,100,100328,100,100016,100,100514,100,99985,100,100546,100,99968,100,101200,100,99868,200
2019-06-28 10:05:15.520347149,100121,336,100113,436,100192,100,100106,100,100224,100,100055,100,100276,100,100022,100,100284,100,100021,100,100302,100,100019,100,100328,100,100016,100,100514,100,99985,100,100546,100,99968,100,100755,100,99868,200
2019-06-28 10:05:16.659724358,100121,236,100113,436,100192,100,100106,100,100224,100,100055,100,100276,100,100022,100,100284,100,100021,100,100302,100,100019,100,100328,100,100016,100,100514,100,99985,100,100546,100,99968,100,100755,100,99868,200
2019-06-28 10:05:18.443836684,100121,136,100113,436,100192,100,100106,100,100224,100,100055,100,100276,100,100022,100,100284,100,100021,100,100302,100,100019,100,100328,100,100016,100,100514,100,99985,100,100546,100,99968,100,100755,100,99868,200
2019-06-28 10:05:20.000000000,100192,436,100113,436,100224,100,100106,100,100276,100,100055,100,100284,100,100022,100,100302,100,100021,100,100328,100,100019,100,100514,100,100016,100,100546,100,99985,100,100755,100,99968,100,101294,100,99868,200
2019-06-28 10:05:30.000000000,100192,184,100113,184,100224,184,100106,184,100276,184,100055,184,100284,184,100022,184,100302,100,100021,100,100328,100,100019,100,100514,100,100016,100,100546,100,99985,100,100755,100,99968,100,101294,100,99868,200
2019-06-28 10:05:31.500770358,100192,184,100113,184,100224,184,100106,184,100276,184,100055,184,100284,184,100022,184,100302,100,100021,100,100328,100,100019,100,100482,100,100016,100,100514,100,99985,100,100546,100,99968,100,100755,100,99868,200
2019-06-28 10:05:40.000000000,100192,167,100113,167,100224,167,100106,167,100276,167,100055,167,100284,167,100022,167,100302,167,100021,167,100328,100,100019,100,100482,100,100016,100,100514,100,99985,100,100546,100,99968,100,100755,100,99868,200
2019-06-28 10:05:45.172352644,100192,167,100113,167,100224,167,100106,167,100276,167,100055,167,100284,167,100022,167,100302,167,100021,167,100328,100,100019,100,100482,100,100016,100,100499,100,99985,100,100514,100,99968,100,100546,100,99868,200
2019-06-28 10:05:50.000000000,100192,184,100113,184,100224,184,100106,184,100276,184,100055,184,100284,184,100022,184,100302,100,100021,100,100328,100,100019,100,100482,100,100016,100,100499,100,99985,100,100514,100,99968,100,100546,100,99868,200
2019-06-28 10:06:00.000000000,100192,214,100113,214,100224,211,100106,211,100276,211,100055,211,100284,100,100022,100,100302,100,100021,100,100328,100,100019,100,100482,100,100016,100,100499,100,99985,100,100514,100,99968,100,100546,100,99868,200
2019-06-28 10:06:10.000000000,100192,167,100113,167,100224,167,100106,167,100276,167,100055,167,100284,167,100022,167,100302,167,100021,167,100328,100,100019,100,100482,100,100016,100,100499,100,99985,100,100514,100,99968,100,100546,100,99868,200
