,ask_price_1,ask_size_1,bid_price_1,bid_size_1,ask_price_2,ask_size_2,bid_price_2,bid_size_2,ask_price_3,ask_size_3,bid_price_3,bid_size_3,ask_price_4,ask_size_4,bid_price_4,bid_size_4,ask_price_5,ask_size_5,bid_price_5,bid_size_5,ask_price_6,ask_size_6,bid_price_6,bid_size_6,ask_price_7,ask_size_7,bid_price_7,bid_size_7,ask_price_8,ask_size_8,bid_price_8,bid_size_8,ask_price_9,ask_size_9,bid_price_9,bid_size_9,ask_price_10,ask_size_10,bid_price_10,bid_size_10
2019-06-28 09:30:00.000000000,,,99738,100,,,,,,,,,,,,,,,,,,,,,,,,,,,,,,,,,,,,
2019-06-28 09:30:00.000000002,100028,100,99967,100,,,99738,100,,,,,,,,,,,,,,,,,,,,,,,,,,,,,,,,
2019-06-28 09:30:00.000000004,100020,100,99967,100,,,99904,100,,,99738,100,,,,,,,,,,,,,,,,,,,,,,,,,,,,
2019-06-28 09:30:00.000000006,100020,100,99975,100,,,99967,100,,,99904,100,,,99738,100,,,,,,,,,,,,,,,,,,,,,,,,
2019-06-28 09:30:00.000000009,100020,100,99975,100,100183,100,99967,100,,,99904,100,,,99738,100,,,,,,,,,,,,,,,,,,,,,,,,
2019-06-28 09:30:00.000000010,100020,100,99975,100,100111,100,99967,100,100183,100,99904,100,,,99738,100,,,,,,,,,,,,,,,,,,,,,,,,
2019-06-28 09:30:00.000000013,100020,100,99975,100,100111,100,99967,100,100183,100,99940,100,,,99904,100,,,99738,100,,,,,,,,,,,,,,,,,,,,
2019-06-28 09:30:00.000000015,100020,100,99975,100,100100,100,99967,100,100111,100,99940,100,100183,100,99904,100,,,99738,100,,,,,,,,,,,,,,,,,,,,
2019-06-28 09:30:00.000000016,100020,100,99975,100,100100,100,99967,100,100111,100,99940,100,100114,100,99904,100,100183,100,99738,100,,,,,,,,,,,,,,,,,,,,
2019-06-28 09:30:00.000000017,100020,100,99975,100,100030,100,99967,100,100100,100,99940,100,100111,100,99904,100,100114,100,99738,100,100183,100,,,,,,,,,,,,,,,,,,
2019-06-28 09:30:00.000000018,100020,100,99975,100,100030,100,99967,100,100100,100,99940,100,100111,100,99906,100,100114,100,99904,100,100183,100,99738,100,,,,,,,,,,,,,,,,
2019-06-28 09:30:00.000000019,100020,100,99975,100,100030,100,99967,100,100100,100,99940,100,100101,100,99906,100,100111,100,99904,100,100114,100,99738,100,100183,100,,,,,,,,,,,,,,
2019-06-28 09:30:00.000000020,100020,100,99975,100,100030,100,99967,100,100080,100,99940,100,100100,100,99906,100,100101,100,99904,100,100110,100,99738,100,100111,100,,,100114,100,,,100183,100,,,,,,
2019-06-28 09:30:00.000000023,100020,100,99975,100,100030,100,99967,100,100080,100,99940,100,100100,100,99906,100,100101,100,99904,100,100110,100,99738,100,100111,100,,,100114,100,,,100144,100,,,100183,100,,
2019-06-28 09:30:00.000000024,100020,100,99975,100,100030,100,99967,100,100080,100,99940,100,100100,100,99936,100,100101,100,99906,100,100110,100,99904,100,100111,100,99738,100,100114,100,,,100144,100,,,100183,100,,
2019-06-28 09:30:00.000000027,100020,100,99982,100,100030,100,99975,100,100080,100,99967,100,100100,100,99940,100,100101,100,99936,100,100110,100,99906,100,100111,100,99904,100,100114,100,99738,100,100135,100,,,100144,100,,
2019-06-28 09:30:00.000000029,100020,100,99987,100,100030,100,99982,100,100080,100,99975,100,100100,100,99967,100,100101,100,99940,100,100110,100,99936,100,100111,100,99906,100,100114,100,99904,100,100135,100,99738,100,100144,100,,
2019-06-28 09:30:00.000000030,100020,100,99987,100,100030,100,99982,100,100068,100,99975,100,100080,100,99967,100,100100,100,99940,100,100101,100,99936,100,100110,100,99906,100,100111,100,99904,100,100114,100,99738,100,100135,100,,
2019-06-28 09:30:00.000000034,100020,100,99987,100,100030,100,99982,100,100068,100,99975,100,100080,100,99967,100,100100,100,99940,100,100101,100,99936,100,100110,100,99906,100,100111,100,99904,100,100114,100,99820,100,100135,100,99738,100
2019-06-28 09:30:00.000000036,100020,100,99987,100,100030,100,99982,100,100068,100,99975,100,100080,100,99967,100,100091,100,99940,100,100099,100,99936,100,100100,100,99906,100,100101,100,99904,100,100110,100,99820,100,100111,100,99738,100
2019-06-28 09:30:00.000000037,100020,100,99987,100,100030,100,99982,100,100068,100,99975,100,100080,100,99967,100,100091,100,99940,100,100099,100,99936,100,100100,100,99906,100,100101,100,99904,100,100110,100,99897,100,100111,100,99820,100
2019-06-28 09:30:00.000000038,100020,100,99987,100,100030,100,99982,100,100068,100,99975,100,100080,100,99967,100,100091,100,99940,100,100099,100,99936,100,100100,100,99906,100,100101,100,99904,100,100110,100,99897,100,100111,100,99852,100
2019-06-28 09:30:00.000000039,100020,100,99987,100,100030,100,99982,100,100068,100,99975,100,100078,100,99967,100,100080,100,99940,100,100091,100,99936,100,100099,100,99906,100,100100,100,99904,100,100101,100,99897,100,100110,100,99852,100
2019-06-28 09:30:00.000000040,100020,100,99987,100,100030,100,99982,100,100068,100,99975,100,100078,100,99967,100,100080,100,99940,100,100089,100,99936,100,100091,100,99906,100,100099,100,99904,100,100100,100,99897,100,100101,100,99852,100
2019-06-28 09:30:00.000000042,100020,100,99987,100,100030,100,99982,100,100068,100,99975,100,100078,100,99967,100,100080,100,99949,100,100086,100,99940,100,100089,100,99936,100,100091,100,99920,100,100099,100,99906,100,100100,100,99904,100
2019-06-28 09:30:00.000000045,100020,100,99987,100,100030,100,99982,100,100068,100,99975,100,100078,100,99967,100,100080,100,99949,100,100086,100,99940,100,100089,100,99936,100,100091,100,99920,100,100099,100,99906,100,100100,100,99904,100
2019-06-28 09:30:00.000000046,100020,100,99987,100,100030,100,99982,100,100052,100,99975,100,100068,100,99967,100,100078,100,99949,100,100080,100,99940,100,100086,100,99936,100,100089,100,99920,100,100091,100,99906,100,100099,100,99904,100
2019-06-28 09:30:00.000000048,100020,100,99990,100,100030,100,99987,100,100052,100,99982,100,100068,100,99975,100,100078,100,99967,100,100080,100,99949,100,100086,100,99940,100,100089,100,99936,100,100091,100,99920,100,100099,100,99906,100
2019-06-28 09:30:00.000000049,100020,100,99990,100,100030,100,99987,100,100052,100,99982,100,100068,100,99975,100,100078,100,99967,100,100080,100,99949,100,100086,100,99940,100,100089,100,99936,100,100091,100,99920,100,100099,100,99916,100
2019-06-28 09:30:00.000000050,100020,100,99987,100,100030,100,99982,100,100052,100,99975,100,100068,100,99967,100,100078,100,99949,100,100080,100,99940,100,100086,100,99936,100,100089,100,99920,100,100091,100,99916,100,100099,100,99906,100
2019-06-28 09:30:00.000000051,100011,100,99987,100,100020,100,99982,100,100030,100,99975,100,100052,100,99967,100,100068,100,99966,100,100078,100,99949,100,100080,100,99940,100,100086,100,99936,100,100089,100,99920,100,100091,100,99916,100
2019-06-28 09:30:00.000000056,100011,100,99987,100,100020,100,99982,100,100030,100,99975,100,100052,100,99967,100,100068,100,99966,100,100078,100,99949,100,100080,100,99940,100,100086,100,99936,100,100089,100,99920,100,100091,100,99916,100
2019-06-28 09:30:00.000000057,100011,100,99987,100,100019,100,99982,100,100020,100,99975,100,100030,100,99967,100,100052,100,99966,100,100068,100,99949,100,100078,100,99940,100,100080,100,99936,100,100086,100,99920,100,100089,100,99916,100
2019-06-28 09:30:00.000000058,100011,100,99987,100,100019,100,99982,100,100020,100,99975,100,100030,100,99967,100,100052,100,99966,100,100068,100,99949,100,100078,100,99940,100,100080,100,99936,100,100086,100,99920,100,100089,100,99916,100
2019-06-28 09:30:00.000000061,100011,100,99987,100,100019,100,99982,100,100020,100,99975,100,100030,100,99967,100,100052,100,99966,100,100053,100,99949,100,100068,100,99940,100,100078,100,99936,100,100080,100,99920,100,100086,100,99916,100
2019-06-28 09:30:00.000000062,100011,100,99990,100,100019,100,99987,100,100020,100,99982,100,100030,100,99975,100,100052,100,99967,100,100053,100,99966,100,100068,100,99949,100,100078,100,99940,100,100080,100,99936,100,100086,100,99920,100
2019-06-28 09:30:00.000000063,100004,100,99990,100,100011,100,99987,100,100019,100,99982,100,100020,100,99975,100,100030,100,99967,100,100052,100,99966,100,100053,100,99949,100,100068,100,99940,100,100078,100,99936,100,100080,100,99922,100
2019-06-28 09:30:00.000000064,100004,100,99990,100,100011,100,99987,100,100019,200,99982,100,100020,100,99975,100,100027,100,99967,100,100030,100,99966,100,100052,100,99949,100,100053,100,99940,100,100068,100,99936,100,100078,100,99922,100
2019-06-28 09:30:00.000000067,100004,100,99990,100,100011,100,99987,100,100019,200,99982,100,100020,100,99975,100,100027,100,99967,100,100030,100,99966,100,100052,100,99949,100,100053,100,99940,100,100068,100,99936,100,100078,100,99922,100
2019-06-28 09:30:00.000000072,100004,100,99990,100,100011,100,99987,100,100019,300,99982,100,100020,100,99975,100,100027,100,99967,100,100030,100,99966,100,100052,100,99949,100,100053,100,99940,100,100068,100,99936,100,100078,100,99922,100
2019-06-28 09:30:00.000000074,100004,100,99990,100,100011,100,99987,100,100019,400,99982,100,100020,100,99975,100,100027,100,99967,100,100030,100,99966,100,100052,100,99949,100,100053,100,99940,100,100068,100,99936,100,100078,100,99922,100
2019-06-28 09:30:00.000000075,100004,100,99987,100,100011,100,99982,100,100019,400,99975,100,100020,100,99967,100,100027,100,99966,100,100030,100,99949,100,100052,100,99940,100,100053,100,99936,100,100068,100,99922,100,100078,100,99920,100
2019-06-28 09:30:00.000000076,100004,100,99987,100,100011,100,99982,100,100013,100,99975,100,100019,400,99967,100,100020,100,99966,100,100027,100,99949,100,100030,100,99940,100,100052,100,99936,100,100053,100,99922,100,100068,100,99920,100
2019-06-28 09:30:00.000000078,99990,100,99987,100,100004,100,99982,100,100011,100,99975,100,100013,100,99967,100,100019,400,99966,100,100020,100,99949,100,100027,100,99940,100,100030,100,99936,100,100052,100,99922,100,100053,100,99920,100
2019-06-28 09:30:00.000000079,99990,100,99987,100,100004,100,99982,100,100011,100,99975,100,100013,100,99967,100,100019,400,99966,100,100020,100,99949,100,100027,100,99940,100,100030,100,99936,100,100052,100,99922,100,100053,100,99920,100
2019-06-28 09:30:00.000000081,99990,100,99987,100,100004,100,99982,100,100011,100,99975,100,100013,100,99967,100,100019,400,99966,100,100020,100,99949,100,100027,100,99942,100,100030,100,99940,100,100052,100,99936,100,100053,100,99922,100
2019-06-28 09:30:00.000000083,100004,100,99987,100,100011,100,99982,100,100013,100,99975,100,100019,400,99967,100,100020,100,99966,100,100027,100,99949,100,100030,100,99942,100,100052,100,99940,100,100053,100,99936,100,100068,100,99922,100
2019-06-28 09:30:00.000000085,100004,100,99987,100,100009,100,99982,100,100011,100,99975,100,100013,100,99967,100,100019,400,99966,100,100020,100,99949,100,100027,100,99942,100,100030,100,99940,100,100035,100,99936,100,100052,100,99922,100
2019-06-28 09:30:00.000000090,100004,100,99987,100,100009,100,99982,100,100011,100,99975,100,100013,100,99967,100,100019,400,99966,100,100020,100,99949,100,100027,100,99942,100,100030,100,99940,100,100035,100,99936,100,100052,100,99922,100
2019-06-28 09:30:00.000000093,100004,100,99987,100,100009,100,99982,100,100011,100,99975,100,100013,100,99967,100,100019,400,99966,100,100020,100,99949,100,100027,100,99942,100,100030,100,99940,100,100035,100,99936,100,100052,100,99922,100
2019-06-28 09:30:00.000000096,100004,100,99987,100,100009,100,99982,100,100011,100,99975,100,100013,100,99967,100,100019,400,99966,100,100020,100,99949,100,100027,100,99942,100,100030,100,99940,100,100035,100,99936,100,100052,100,99922,100
2019-06-28 09:30:00.000000097,100004,100,99987,100,100009,100,99982,100,100011,100,99975,100,100013,200,99967,100,100019,400,99966,100,100020,100,99949,100,100027,100,99942,100,100030,100,99940,100,100035,100,99936,100,100052,100,99922,100
2019-06-28 09:30:01.601565488,100004,100,99987,100,100009,100,99982,100,100011,100,99975,100,100013,200,99967,100,100019,400,99966,100,100020,100,99949,100,100027,100,99942,100,100030,100,99940,100,100035,100,99936,100,100052,100,99922,100
2019-06-28 09:30:08.907893059,100004,100,99987,100,100009,100,99982,100,100011,100,99975,100,100013,200,99967,100,100019,400,99966,100,100020,100,99949,100,100027,100,99942,100,100030,100,99940,100,100035,100,99936,100,100052,100,99922,100
2019-06-28 09:30:10.000000000,100004,385,99987,385,100009,100,99982,100,100011,100,99975,100,100013,200,99967,100,100019,400,99966,100,100020,100,99949,100,100027,100,99942,100,100030,100,99940,100,100035,100,99936,100,100052,100,99922,100
2019-06-28 09:30:10.793535237,100004,385,99987,385,100009,100,99982,100,100011,100,99975,100,100013,200,99967,100,100019,400,99966,100,100020,100,99949,100,100027,100,99942,100,100030,100,99940,100,100035,100,99936,100,100052,100,99922,100
2019-06-28 09:30:20.000000000,100004,157,99987,157,100009,157,99982,157,100011,157,99975,157,100013,257,99967,157,100019,457,99966,157,100020,100,99949,100,100027,100,99942,100,100030,100,99940,100,100035,100,99936,100,100052,100,99922,100
2019-06-28 09:30:30.000000000,100004,242,99987,242,100009,242,99982,242,100011,100,99975,100,100013,200,99967,100,100019,400,99966,100,100020,100,99949,100,100027,100,99942,100,100030,100,99940,100,100035,100,99936,100,100052,100,99922,100
2019-06-28 09:30:40.000000000,100004,385,99987,385,100009,100,99982,100,100011,100,99975,100,100013,200,99967,100,100019,400,99966,100,100020,100,99949,100,100027,100,99942,100,100030,100,99940,100,100035,100,99936,100,100052,100,99922,100
2019-06-28 09:30:50.000000000,100004,171,99987,171,100009,171,99982,171,100011,171,99975,171,100013,271,99967,171,100019,400,99966,100,100020,100,99949,100,100027,100,99942,100,100030,100,99940,100,100035,100,99936,100,100052,100,99922,100
2019-06-28 09:31:00.000000000,100004,385,99987,385,100009,100,99982,100,100011,100,99975,100,100013,200,99967,100,100019,400,99966,100,100020,100,99949,100,100027,100,99942,100,100030,100,99940,100,100035,100,99936,100,100052,100,99922,100
2019-06-28 09:31:10.000000000,100004,171,99987,171,100009,171,99982,171,100011,171,99975,171,100013,271,99967,171,100019,400,99966,100,100020,100,99949,100,100027,100,99942,100,100030,100,99940,100,100035,100,99936,100,100052,100,99922,100
2019-06-28 09:31:20.000000000,100004,197,99987,197,100009,194,99982,194,100011,194,99975,194,100013,200,99967,100,100019,400,99966,100,100020,100,99949,100,100027,100,99942,100,100030,100,99940,100,100035,100,99936,100,100052,100,99922,100
2019-06-28 09:31:20.121769763,100004,97,99987,197,100009,194,99982,194,100011,194,99975,194,100013,200,99967,100,100019,400,99966,100,100020,100,99949,100,100027,100,99942,100,100030,100,99940,100,100035,100,99936,100,100052,100,99922,100
2019-06-28 09:31:30.000000000,100009,242,99987,242,100011,242,99982,242,100013,200,99975,100,100019,400,99967,100,100020,100,99966,100,100027,100,99949,100,100030,100,99942,100,100035,100,99940,100,100052,100,99936,100,100053,100,99922,100
2019-06-28 09:31:40.000000000,100009,197,99987,197,100011,194,99982,194,100013,294,99975,194,100019,400,99967,100,100020,100,99966,100,100027,100,99949,100,100030,100,99942,100,100035,100,99940,100,100052,100,99936,100,100053,100,99922,100
2019-06-28 09:31:50.000000000,100009,157,99987,157,100011,157,99982,157,100013,257,99975,157,100019,457,99967,157,100020,157,99966,157,100027,100,99949,100,100030,100,99942,100,100035,100,99940,100,100052,100,99936,100,100053,100,99922,100
2019-06-28 09:31:58.706704717,100009,57,99987,157,100011,157,99982,157,100013,257,99975,157,100019,457,99967,157,100020,157,99966,157,100027,100,99949,100,100030,100,99942,100,100035,100,99940,100,100052,100,99936,100,100053,100,99922,100
2019-06-28 09:32:00.000000000,100011,171,99987,171,100013,271,99982,171,100019,471,99975,171,100020,171,99967,171,100027,100,99966,100,100030,100,99949,100,100035,100,99942,100,100052,100,99940,100,100053,100,99936,100,100076,100,99922,100
2019-06-28 09:32:04.108053200,100011,171,99987,171,100013,271,99982,171,100019,471,99975,171,100020,171,99967,171,100027,100,99966,100,100030,100,99949,100,100035,100,99942,100,100053,100,99940,100,100076,100,99936,100,100078,100,99922,100
2019-06-28 09:32:10.000000000,100011,171,99987,171,100013,271,99982,171,100019,471,99975,171,100020,171,99967,171,100027,100,99966,100,100030,100,99949,100,100035,100,99942,100,100053,100,99940,100,100076,100,99936,100,100078,100,99922,100
2019-06-28 09:32:19.809085126,100011,171,99987,171,100013,271,99982,171,100019,471,99975,171,100020,171,99967,171,100027,100,99966,100,100030,100,99949,100,100035,100,99942,100,100053,100,99940,100,100076,100,99936,100,100078,100,99922,100
2019-06-28 09:32:20.000000000,100011,242,99987,242,100013,342,99982,242,100019,400,99975,100,100020,100,99967,100,100027,100,99966,100,100030,100,99949,100,100035,100,99942,100,100053,100,99940,100,100076,100,99936,100,100078,100,99922,100
2019-06-28 09:32:23.520176452,100011,142,99987,242,100013,342,99982,242,100019,400,99975,100,100020,100,99967,100,100027,100,99966,100,100030,100,99949,100,100035,100,99942,100,100053,100,99940,100,100076,100,99936,100,100078,100,99922,100
2019-06-28 09:32:29.752682242,100011,142,99987,242,100013,342,99982,242,100019,400,99975,100,100020,100,99967,100,100027,100,99966,100,100030,100,99949,100,100035,100,99942,100,100053,100,99936,100,100076,100,99922,100,100078,100,99920,100
2019-06-28 09:32:30.000000000,100013,271,99987,171,100019,471,99982,171,100020,171,99975,171,100027,171,99967,171,100030,100,99966,100,100035,100,99949,100,100053,100,99942,100,100076,100,99936,100,100078,100,99922,100,100080,100,99920,100
2019-06-28 09:32:40.000000000,100013,271,99987,171,100019,471,99982,171,100020,171,99975,171,100027,171,99967,171,100030,100,99966,100,100035,100,99949,100,100053,100,99942,100,100076,100,99936,100,100078,100,99922,100,100080,100,99920,100
2019-06-28 09:32:50.000000000,100013,297,99987,197,100019,494,99982,194,100020,194,99975,194,100027,100,99967,100,100030,100,99966,100,100035,100,99949,100,100053,100,99942,100,100076,100,99936,100,100078,100,99922,100,100080,100,99920,100
2019-06-28 09:32:52.238574221,100013,297,99987,197,100019,494,99982,194,100020,194,99975,194,100027,100,99967,100,100030,100,99966,100,100035,100,99949,100,100053,100,99942,100,100076,100,99936,100,100078,100,99922,100,100080,100,99920,100
2019-06-28 09:32:55.803587531,100013,297,99987,197,100019,494,99982,194,100020,194,99975,194,100027,100,99967,100,100030,100,99966,100,100035,100,99949,100,100053,100,99942,100,100076,100,99936,100,100078,100,99922,100,100080,100,99920,100
2019-06-28 09:33:00.000000000,100013,297,99987,197,100019,494,99982,194,100020,194,99975,194,100027,100,99967,100,100030,100,99966,100,100035,100,99949,100,100053,100,99942,100,100076,100,99936,100,100078,100,99922,100,100080,100,99920,100
2019-06-28 09:33:10.000000000,100013,297,99987,197,100019,494,99982,194,100020,194,99975,194,100027,100,99967,100,100030,100,99966,100,100035,100,99949,100,100053,100,99942,100,100076,100,99936,100,100078,100,99922,100,100080,100,99920,100
2019-06-28 09:33:20.000000000,100013,257,99987,157,100019,457,99982,157,100020,157,99975,157,100027,157,99967,157,100030,157,99966,157,100035,100,99949,100,100053,100,99942,100,100076,100,99936,100,100078,100,99922,100,100080,100,99920,100
2019-06-28 09:33:30.000000000,100013,485,99987,385,100019,400,99982,100,100020,100,99975,100,100027,100,99967,100,100030,100,99966,100,100035,100,99949,100,100053,100,99942,100,100076,100,99936,100,100078,100,99922,100,100080,100,99920,100
2019-06-28 09:33:40.000000000,100013,485,99987,385,100019,400,99982,100,100020,100,99975,100,100027,100,99967,100,100030,100,99966,100,100035,100,99949,100,100053,100,99942,100,100076,100,99936,100,100078,100,99922,100,100080,100,99920,100
2019-06-28 09:33:43.013899125,100013,485,99987,385,100019,400,99982,100,100020,100,99975,100,100027,100,99967,100,100030,100,99966,100,100035,100,99949,100,100053,100,99942,100,100076,100,99936,100,100078,100,99922,100,100080,100,99920,100
2019-06-28 09:33:50.000000000,100013,342,99987,242,100019,542,99982,242,100020,100,99975,100,100027,100,99967,100,100030,100,99966,100,100035,100,99949,100,100053,100,99942,100,100076,100,99936,100,100078,100,99922,100,100080,100,99920,100
2019-06-28 09:33:56.041863089,100013,242,99987,242,100019,542,99982,242,100020,100,99975,100,100027,100,99967,100,100030,100,99966,100,100035,100,99949,100,100053,100,99942,100,100078,100,99936,100,100080,100,99922,100,100086,100,99920,100
2019-06-28 09:33:59.787318297,100013,242,100011,100,100019,542,99987,242,100020,100,99982,242,100027,100,99975,100,100030,100,99967,100,100035,100,99966,100,100053,100,99949,100,100078,100,99942,100,100080,100,99936,100,100086,100,99922,100
2019-06-28 09:34:00.000000000,100013,242,100011,242,100019,542,99987,242,100020,100,99982,100,100027,100,99975,100,100030,100,99967,100,100035,100,99966,100,100053,100,99949,100,100078,100,99942,100,100080,100,99936,100,100086,100,99922,100
2019-06-28 09:34:10.000000000,100013,197,100011,197,100019,494,99987,194,100020,194,99982,194,100027,100,99975,100,100030,100,99967,100,100035,100,99966,100,100053,100,99949,100,100078,100,99942,100,100080,100,99936,100,100086,100,99922,100
2019-06-28 09:34:11.336982431,100013,97,100011,197,100019,494,99987,194,100020,194,99982,194,100027,100,99975,100,100030,100,99967,100,100053,100,99966,100,100078,100,99949,100,100080,100,99942,100,100086,100,99936,100,100089,100,99922,100
2019-06-28 09:34:20.000000000,100019,471,100011,171,100020,171,99987,171,100027,171,99982,171,100030,171,99975,171,100053,100,99967,100,100078,100,99966,100,100080,100,99949,100,100086,100,99942,100,100089,100,99936,100,100099,100,99922,100
2019-06-28 09:34:30.000000000,100019,471,100011,171,100020,171,99987,171,100027,171,99982,171,100030,171,99975,171,100053,100,99967,100,100078,100,99966,100,100080,100,99949,100,100086,100,99942,100,100089,100,99936,100,100099,100,99922,100
2019-06-28 09:34:30.577086490,100019,471,100011,171,100020,171,99987,171,100027,171,99982,171,100030,171,99975,171,100053,100,99967,100,100078,100,99966,100,100080,100,99949,100,100086,100,99942,100,100089,100,99936,100,100099,100,99922,100
2019-06-28 09:34:40.000000000,100019,471,100011,171,100020,171,99987,171,100027,171,99982,171,100030,171,99975,171,100053,100,99967,100,100078,100,99966,100,100080,100,99949,100,100086,100,99942,100,100089,100,99936,100,100099,100,99922,100
2019-06-28 09:34:42.932039866,100019,471,100011,171,100020,171,99987,171,100027,171,99982,171,100030,171,99975,171,100053,100,99967,100,100078,100,99966,100,100080,100,99949,100,100086,100,99942,100,100089,100,99936,100,100099,100,99922,100
2019-06-28 09:34:50.000000000,100019,471,100011,171,100020,171,99987,171,100027,171,99982,171,100030,171,99975,171,100053,100,99967,100,100078,100,99966,100,100080,100,99949,100,100086,100,99942,100,100089,100,99936,100,100099,100,99922,100
2019-06-28 09:35:00.000000000,100019,685,100011,385,100020,100,99987,100,100027,100,99982,100,100030,100,99975,100,100053,100,99967,100,100078,100,99966,100,100080,100,99949,100,100086,100,99942,100,100089,100,99936,100,100099,100,99922,100
2019-06-28 09:35:10.000000000,100019,497,100011,197,100020,194,99987,194,100027,194,99982,194,100030,100,99975,100,100053,100,99967,100,100078,100,99966,100,100080,100,99949,100,100086,100,99942,100,100089,100,99936,100,100099,100,99922,100
2019-06-28 09:35:20.000000000,100019,497,100011,197,100020,194,99987,194,100027,194,99982,194,100030,100,99975,100,100053,100,99967,100,100078,100,99966,100,100080,100,99949,100,100086,100,99942,100,100089,100,99936,100,100099,100,99922,100
2019-06-28 09:35:30.000000000,100019,497,100011,197,100020,194,99987,194,100027,194,99982,194,100030,100,99975,100,100053,100,99967,100,100078,100,99966,100,100080,100,99949,100,100086,100,99942,100,100089,100,99936,100,100099,100,99922,100
2019-06-28 09:35:31.656787194,100019,397,100011,197,100020,194,99987,194,100027,194,99982,194,100030,100,99975,100,100053,100,99967,100,100078,100,99966,100,100080,100,99949,100,100086,100,99942,100,100089,100,99936,100,100100,100,99922,100
2019-06-28 09:35:40.000000000,100019,371,100011,171,100020,171,99987,171,100027,171,99982,171,100030,171,99975,171,100053,100,99967,100,100078,100,99966,100,100080,100,99949,100,100086,100,99942,100,100089,100,99936,100,100100,100,99922,100
2019-06-28 09:35:50.000000000,100019,397,100011,197,100020,194,99987,194,100027,194,99982,194,100030,100,99975,100,100053,100,99967,100,100078,100,99966,100,100080,100,99949,100,100086,100,99942,100,100089,100,99936,100,100100,100,99922,100
2019-06-28 09:35:56.363670151,100019,397,100011,197,100020,194,99987,194,100027,194,99982,194,100030,100,99975,100,100053,100,99967,100,100080,100,99966,100,100086,100,99949,100,100089,100,99942,100,100100,100,99936,100,100128,100,99922,100
2019-06-28 09:35:57.235449255,100019,397,100011,197,100020,194,99987,194,100027,194,99982,194,100030,100,99975,100,100053,100,99967,100,100080,100,99966,100,100086,100,99949,100,100089,100,99942,100,100100,100,99936,100,100128,100,99911,100
2019-06-28 09:36:00.000000000,100019,397,100011,197,100020,194,99987,194,100027,194,99982,194,100030,100,99975,100,100053,100,99967,100,100080,100,99966,100,100086,100,99949,100,100089,100,99942,100,100100,100,99936,100,100128,100,99911,100
2019-06-28 09:36:10.000000000,100019,585,100011,385,100020,100,99987,100,100027,100,99982,100,100030,100,99975,100,100053,100,99967,100,100080,100,99966,100,100086,100,99949,100,100089,100,99942,100,100100,100,99936,100,100128,100,99911,100
2019-06-28 09:36:20.000000000,100019,371,100011,171,100020,171,99987,171,100027,171,99982,171,100030,171,99975,171,100053,100,99967,100,100080,100,99966,100,100086,100,99949,100,100089,100,99942,100,100100,100,99936,100,100128,100,99911,100
2019-06-28 09:36:24.287695909,100019,271,100011,171,100020,171,99987,171,100027,171,99982,171,100030,171,99975,171,100053,100,99967,100,100080,100,99966,100,100086,100,99949,100,100089,100,99942,100,100100,100,99936,100,100128,100,99911,100
2019-06-28 09:36:27.613630853,100019,271,100011,171,100020,171,99987,171,100027,171,99982,171,100030,171,99975,171,100053,100,99967,100,100080,100,99966,100,100086,100,99949,100,100089,100,99942,100,100100,100,99936,100,100128,100,99911,100
2019-06-28 09:36:30.000000000,100019,342,100011,242,100020,242,99987,242,100027,100,99982,100,100030,100,99975,100,100053,100,99967,100,100080,100,99966,100,100086,100,99949,100,100089,100,99942,100,100100,100,99936,100,100128,100,99911,100
2019-06-28 09:36:37.629759945,100019,242,100011,242,100020,242,99987,242,100027,100,99982,100,100030,100,99975,100,100053,100,99967,100,100080,100,99966,100,100086,100,99949,100,100089,100,99942,100,100100,100,99936,100,100128,100,99911,100
2019-06-28 09:36:40.000000000,100019,171,100011,171,100020,171,99987,171,100027,171,99982,171,100030,171,99975,171,100053,100,99967,100,100080,100,99966,100,100086,100,99949,100,100089,100,99942,100,100100,100,99936,100,100128,100,99911,100
2019-06-28 09:36:50.000000000,100019,171,100011,171,100020,171,99987,171,100027,171,99982,171,100030,171,99975,171,100053,100,99967,100,100080,100,99966,100,100086,100,99949,100,100089,100,99942,100,100100,100,99936,100,100128,100,99911,100
2019-06-28 09:37:00.000000000,100019,171,100011,171,100020,171,99987,171,100027,171,99982,171,100030,171,99975,171,100053,100,99967,100,100080,100,99966,100,100086,100,99949,100,100089,100,99942,100,100100,100,99936,100,100128,100,99911,100
2019-06-28 09:37:10.000000000,100019,157,100011,157,100020,157,99987,157,100027,157,99982,157,100030,157,99975,157,100053,157,99967,157,100080,100,99966,100,100086,100,99949,100,100089,100,99942,100,100100,100,99936,100,100128,100,99911,100
2019-06-28 09:37:20.000000000,100019,171,100011,171,100020,171,99987,171,100027,171,99982,171,100030,171,99975,171,100053,100,99967,100,100080,100,99966,100,100086,100,99949,100,100089,100,99942,100,100100,100,99936,100,100128,100,99911,100
2019-06-28 09:37:30.000000000,100019,171,100011,171,100020,171,99987,171,100027,171,99982,171,100030,171,99975,171,100053,100,99967,100,100080,100,99966,100,100086,100,99949,100,100089,100,99942,100,100100,100,99936,100,100128,100,99911,100
2019-06-28 09:37:37.358214120,100019,171,100011,171,100020,171,99987,171,100027,171,99982,171,100030,171,99975,171,100053,100,99967,100,100080,100,99966,100,100086,100,99949,100,100089,100,99942,100,100100,100,99936,100,100128,100,99911,100
2019-06-28 09:37:40.000000000,100019,385,100011,385,100020,100,99987,100,100027,100,99982,100,100030,100,99975,100,100053,100,99967,100,100080,100,99966,100,100086,100,99949,100,100089,100,99942,100,100100,100,99936,100,100128,100,99911,100
2019-06-28 09:37:48.834434800,100019,285,100011,385,100020,100,99987,100,100027,100,99982,100,100030,100,99975,100,100053,100,99967,100,100086,100,99966,100,100089,100,99949,100,100100,100,99942,100,100128,100,99936,100,100130,100,99911,100
2019-06-28 09:37:50.000000000,100020,385,100011,385,100027,100,99987,100,100030,100,99982,100,100053,100,99975,100,100086,100,99967,100,100089,100,99966,100,100100,100,99949,100,100128,100,99942,100,100130,100,99936,100,100135,100,99911,100
2019-06-28 09:38:00.000000000,100020,242,100011,242,100027,242,99987,242,100030,100,99982,100,100053,100,99975,100,100086,100,99967,100,100089,100,99966,100,100100,100,99949,100,100128,100,99942,100,100130,100,99936,100,100135,100,99911,100
2019-06-28 09:38:10.000000000,100020,242,100011,242,100027,242,99987,242,100030,100,99982,100,100053,100,99975,100,100086,100,99967,100,100089,100,99966,100,100100,100,99949,100,100128,100,99942,100,100130,100,99936,100,100135,100,99911,100
2019-06-28 09:38:20.000000000,100020,171,100011,171,100027,171,99987,171,100030,171,99982,171,100053,171,99975,171,100086,100,99967,100,100089,100,99966,100,100100,100,99949,100,100128,100,99942,100,100130,100,99936,100,100135,100,99911,100
2019-06-28 09:38:30.000000000,100020,197,100011,197,100027,194,99987,194,100030,194,99982,194,100053,100,99975,100,100086,100,99967,100,100089,100,99966,100,100100,100,99949,100,100128,100,99942,100,100130,100,99936,100,100135,100,99911,100
2019-06-28 09:38:40.000000000,100020,385,100011,385,100027,100,99987,100,100030,100,99982,100,100053,100,99975,100,100086,100,99967,100,100089,100,99966,100,100100,100,99949,100,100128,100,99942,100,100130,100,99936,100,100135,100,99911,100
2019-06-28 09:38:41.913048734,100020,285,100011,385,100027,100,99987,100,100030,100,99982,100,100053,100,99975,100,100086,100,99967,100,100089,100,99966,100,100100,100,99949,100,100128,100,99942,100,100130,100,99936,100,100135,100,99911,100
2019-06-28 09:38:50.000000000,100027,157,100011,157,100030,157,99987,157,100053,157,99982,157,100086,157,99975,157,100089,157,99967,157,100100,100,99966,100,100128,100,99949,100,100130,100,99942,100,100135,100,99936,100,100144,100,99911,100
2019-06-28 09:39:00.000000000,100027,385,100011,385,100030,100,99987,100,100053,100,99982,100,100086,100,99975,100,100089,100,99967,100,100100,100,99966,100,100128,100,99949,100,100130,100,99942,100,100135,100,99936,100,100144,100,99911,100
2019-06-28 09:39:10.000000000,100027,242,100011,242,100030,242,99987,242,100053,100,99982,100,100086,100,99975,100,100089,100,99967,100,100100,100,99966,100,100128,100,99949,100,100130,100,99942,100,100135,100,99936,100,100144,100,99911,100
2019-06-28 09:39:11.130754700,100027,242,100019,100,100030,242,100011,242,100053,100,99987,242,100086,100,99982,100,100089,100,99975,100,100100,100,99967,100,100128,100,99966,100,100130,100,99949,100,100135,100,99942,100,100144,100,99936,100
2019-06-28 09:39:19.118240897,100027,242,100019,100,100030,242,100011,242,100053,100,99987,242,100086,100,99982,100,100089,100,99975,100,100100,100,99967,100,100128,100,99966,100,100130,100,99949,100,100135,100,99942,100,100183,100,99936,100
2019-06-28 09:39:20.000000000,100027,171,100019,171,100030,171,100011,171,100053,171,99987,171,100086,171,99982,171,100089,100,99975,100,100100,100,99967,100,100128,100,99966,100,100130,100,99949,100,100135,100,99942,100,100183,100,99936,100
2019-06-28 09:39:27.115876537,100027,71,100019,171,100030,171,100011,171,100053,171,99987,171,100086,171,99982,171,100089,100,99975,100,100100,100,99967,100,100128,100,99966,100,100130,100,99949,100,100135,100,99942,100,100183,100,99936,100
2019-06-28 09:39:30.000000000,100030,197,100019,197,100053,194,100011,194,100086,194,99987,194,100089,100,99982,100,100100,100,99975,100,100128,100,99967,100,100130,100,99966,100,100135,100,99949,100,100183,100,99942,100,100322,100,99936,100
2019-06-28 09:39:34.659427941,100030,97,100019,197,100053,194,100011,194,100086,194,99987,194,100089,100,99982,100,100100,100,99975,100,100128,100,99967,100,100135,100,99966,100,100183,100,99949,100,100322,100,99942,100,100557,100,99936,100
2019-06-28 09:39:40.000000000,100053,157,100019,157,100086,157,100011,157,100089,157,99987,157,100100,157,99982,157,100128,157,99975,157,100135,100,99967,100,100183,100,99966,100,100322,100,99949,100,100557,100,99942,100,100579,100,99936,100
2019-06-28 09:39:50.000000000,100053,242,100019,242,100086,242,100011,242,100089,100,99987,100,100100,100,99982,100,100128,100,99975,100,100135,100,99967,100,100183,100,99966,100,100322,100,99949,100,100557,100,99942,100,100579,100,99936,100
2019-06-28 09:39:54.343962875,100053,242,100019,142,100086,242,100011,242,100089,100,99987,100,100100,100,99982,100,100128,100,99975,100,100135,100,99967,100,100183,100,99966,100,100322,100,99949,100,100557,100,99942,100,100636,100,99936,100
2019-06-28 09:39:55.899303210,100053,242,100019,142,100086,242,100011,242,100089,100,99987,100,100100,100,99982,100,100128,100,99975,100,100183,100,99967,100,100322,100,99966,100,100557,100,99949,100,100636,100,99942,100,100746,100,99936,100
2019-06-28 09:40:00.000000000,100053,157,100011,157,100086,157,99987,157,100089,157,99982,157,100100,157,99975,157,100128,157,99967,157,100183,100,99966,100,100322,100,99949,100,100557,100,99942,100,100636,100,99936,100,100746,100,99911,100
2019-06-28 09:40:07.543449927,100053,157,100011,157,100086,157,99987,157,100089,157,99982,157,100100,157,99975,157,100128,157,99967,157,100183,100,99966,100,100322,100,99949,100,100557,100,99942,100,100636,100,99936,100,100746,100,99911,100
2019-06-28 09:40:10.000000000,100053,157,100011,157,100086,157,99987,157,100089,157,99982,157,100100,157,99975,157,100128,157,99967,157,100183,100,99966,100,100322,100,99949,100,100557,100,99942,100,100636,100,99936,100,100746,100,99911,100
2019-06-28 09:40:20.000000000,100053,171,100011,171,100086,171,99987,171,100089,171,99982,171,100100,171,99975,171,100128,100,99967,100,100183,100,99966,100,100322,100,99949,100,100557,100,99942,100,100636,100,99936,100,100746,100,99911,100
2019-06-28 09:40:30.000000000,100053,171,100011,171,100086,171,99987,171,100089,171,99982,171,100100,171,99975,171,100128,100,99967,100,100183,100,99966,100,100322,100,99949,100,100557,100,99942,100,100636,100,99936,100,100746,100,99911,100
2019-06-28 09:40:40.000000000,100053,157,100011,157,100086,157,99987,157,100089,157,99982,157,100100,157,99975,157,100128,157,99967,157,100183,100,99966,100,100322,100,99949,100,100557,100,99942,100,100636,100,99936,100,100746,100,99911,100
2019-06-28 09:40:50.000000000,100053,171,100011,171,100086,171,99987,171,100089,171,99982,171,100100,171,99975,171,100128,100,99967,100,100183,100,99966,100,100322,100,99949,100,100557,100,99942,100,100636,100,99936,100,100746,100,99911,100
2019-06-28 09:41:00.000000000,100053,171,100011,171,100086,171,99987,171,100089,171,99982,171,100100,171,99975,171,100128,100,99967,100,100183,100,99966,100,100322,100,99949,100,100557,100,99942,100,100636,100,99936,100,100746,100,99911,100
2019-06-28 09:41:10.000000000,100053,385,100011,385,100086,100,99987,100,100089,100,99982,100,100100,100,99975,100,100128,100,99967,100,100183,100,99966,100,100322,100,99949,100,100557,100,99942,100,100636,100,99936,100,100746,100,99911,100
2019-06-28 09:41:12.183832424,100053,385,100011,285,100086,100,99987,100,100089,100,99982,100,100100,100,99975,100,100128,100,99967,100,100183,100,99966,100,100322,100,99949,100,100557,100,99942,100,100636,100,99936,100,100746,100,99911,100
2019-06-28 09:41:20.000000000,100053,197,99987,197,100086,194,99982,194,100089,194,99975,194,100100,100,99967,100,100128,100,99966,100,100183,100,99949,100,100322,100,99942,100,100557,100,99936,100,100636,100,99911,100,100746,100,99906,100
2019-06-28 09:41:30.000000000,100053,197,99987,197,100086,194,99982,194,100089,194,99975,194,100100,100,99967,100,100128,100,99966,100,100183,100,99949,100,100322,100,99942,100,100557,100,99936,100,100636,100,99911,100,100746,100,99906,100
2019-06-28 09:41:40.000000000,100053,197,99987,197,100086,194,99982,194,100089,194,99975,194,100100,100,99967,100,100128,100,99966,100,100183,100,99949,100,100322,100,99942,100,100557,100,99936,100,100636,100,99911,100,100746,100,99906,100
2019-06-28 09:41:50.000000000,100053,385,99987,385,100086,100,99982,100,100089,100,99975,100,100100,100,99967,100,100128,100,99966,100,100183,100,99949,100,100322,100,99942,100,100557,100,99936,100,100636,100,99911,100,100746,100,99906,100
2019-06-28 09:41:52.461389835,100053,385,99987,285,100086,100,99982,100,100089,100,99975,100,100100,100,99967,100,100128,100,99966,100,100183,100,99949,100,100322,100,99942,100,100557,100,99936,100,100636,100,99911,100,100746,100,99906,100
2019-06-28 09:41:57.440506369,100053,385,99987,285,100086,100,99982,100,100089,100,99975,100,100100,100,99967,100,100128,100,99966,100,100183,100,99949,100,100322,100,99942,100,100557,100,99936,100,100636,100,99911,100,101569,100,99906,100
2019-06-28 09:42:00.000000000,100053,385,99982,385,100086,100,99975,100,100089,100,99967,100,100100,100,99966,100,100128,100,99949,100,100183,100,99942,100,100322,100,99936,100,100557,100,99911,100,100636,100,99906,100,101569,100,99904,100
2019-06-28 09:42:05.174777758,100011,100,99982,385,100053,385,99975,100,100086,100,99967,100,100089,100,99966,100,100100,100,99949,100,100128,100,99942,100,100183,100,99936,100,100322,100,99911,100,100557,100,99906,100,100636,100,99904,100
2019-06-28 09:42:10.000000000,100011,385,99982,385,100053,100,99975,100,100086,100,99967,100,100089,100,99966,100,100100,100,99949,100,100128,100,99942,100,100183,100,99936,100,100322,100,99911,100,100557,100,99906,100,100636,100,99904,100
2019-06-28 09:42:20.000000000,100011,157,99982,157,100053,157,99975,157,100086,157,99967,157,100089,157,99966,157,100100,157,99949,157,100128,100,99942,100,100183,100,99936,100,100322,100,99911,100,100557,100,99906,100,100636,100,99904,100
2019-06-28 09:42:30.000000000,100011,157,99982,157,100053,157,99975,157,100086,157,99967,157,100089,157,99966,157,100100,157,99949,157,100128,100,99942,100,100183,100,99936,100,100322,100,99911,100,100557,100,99906,100,100636,100,99904,100
2019-06-28 09:42:30.663036617,100011,157,99982,157,100053,157,99975,157,100086,157,99967,157,100089,57,99966,157,100100,157,99949,257,100128,100,99942,100,100183,100,99936,100,100322,100,99911,100,100557,100,99906,100,100636,100,99904,100
2019-06-28 09:42:40.000000000,100011,197,99982,197,100053,194,99975,194,100086,194,99967,194,100100,100,99966,100,100128,100,99949,200,100183,100,99942,100,100322,100,99936,100,100557,100,99911,100,100636,100,99906,100,101569,100,99904,100
2019-06-28 09:42:50.000000000,100011,171,99982,171,100053,171,99975,171,100086,171,99967,171,100100,171,99966,171,100128,100,99949,200,100183,100,99942,100,100322,100,99936,100,100557,100,99911,100,100636,100,99906,100,101569,100,99904,100
2019-06-28 09:42:57.345552227,100011,171,99982,71,100053,171,99975,171,100086,171,99967,171,100100,171,99966,171,100128,100,99949,200,100183,100,99942,100,100322,100,99936,100,100557,100,99911,100,100636,100,99906,100,101569,100,99904,100
2019-06-28 09:43:00.000000000,100011,242,99975,242,100053,242,99967,242,100086,100,99966,100,100100,100,99949,200,100128,100,99942,100,100183,100,99936,100,100322,100,99911,100,100557,100,99906,100,100636,100,99904,100,101569,100,99897,100
2019-06-28 09:43:10.000000000,100011,197,99975,197,100053,194,99967,194,100086,194,99966,194,100100,100,99949,200,100128,100,99942,100,100183,100,99936,100,100322,100,99911,100,100557,100,99906,100,100636,100,99904,100,101569,100,99897,100
2019-06-28 09:43:20.000000000,100011,197,99975,197,100053,194,99967,194,100086,194,99966,194,100100,100,99949,200,100128,100,99942,100,100183,100,99936,100,100322,100,99911,100,100557,100,99906,100,100636,100,99904,100,101569,100,99897,100
2019-06-28 09:43:20.983877337,100011,197,99975,197,100053,194,99967,194,100086,194,99966,194,100100,100,99949,200,100128,100,99942,100,100183,100,99936,100,100219,100,99911,100,100322,100,99906,100,100557,100,99904,100,100636,100,99897,100
2019-06-28 09:43:30.000000000,100011,385,99975,385,100053,100,99967,100,100086,100,99966,100,100100,100,99949,200,100128,100,99942,100,100183,100,99936,100,100219,100,99911,100,100322,100,99906,100,100557,100,99904,100,100636,100,99897,100
2019-06-28 09:43:40.000000000,100011,385,99975,385,100053,100,99967,100,100086,100,99966,100,100100,100,99949,200,100128,100,99942,100,100183,100,99936,100,100219,100,99911,100,100322,100,99906,100,100557,100,99904,100,100636,100,99897,100
2019-06-28 09:43:50.000000000,100011,171,99975,171,100053,171,99967,171,100086,171,99966,171,100100,171,99949,271,100128,100,99942,100,100183,100,99936,100,100219,100,99911,100,100322,100,99906,100,100557,100,99904,100,100636,100,99897,100
2019-06-28 09:43:54.576199042,99981,100,99975,171,100011,171,99967,171,100053,171,99966,171,100086,171,99949,271,100100,171,99942,100,100128,100,99936,100,100183,100,99911,100,100219,100,99906,100,100322,100,99904,100,100636,100,99897,100
2019-06-28 09:44:00.000000000,99981,197,99975,197,100011,194,99967,194,100053,194,99966,194,100086,100,99949,200,100100,100,99942,100,100128,100,99936,100,100183,100,99911,100,100219,100,99906,100,100322,100,99904,100,100636,100,99897,100
2019-06-28 09:44:10.000000000,99981,385,99975,385,100011,100,99967,100,100053,100,99966,100,100086,100,99949,200,100100,100,99942,100,100128,100,99936,100,100183,100,99911,100,100219,100,99906,100,100322,100,99904,100,100636,100,99897,100
2019-06-28 09:44:18.973822941,99981,385,99975,385,100011,100,99967,100,100053,100,99966,100,100086,100,99949,200,100100,100,99942,100,100114,100,99936,100,100128,100,99911,100,100183,100,99906,100,100219,100,99904,100,100322,100,99897,100
2019-06-28 09:44:20.000000000,99981,157,99975,157,100011,157,99967,157,100053,157,99966,157,100086,157,99949,257,100100,157,99942,157,100114,100,99936,100,100128,100,99911,100,100183,100,99906,100,100219,100,99904,100,100322,100,99897,100
2019-06-28 09:44:29.402375867,99981,157,99975,157,100011,157,99967,157,100053,157,99966,157,100086,157,99949,257,100100,157,99942,157,100114,100,99936,100,100128,100,99911,100,100183,100,99906,100,100219,100,99904,100,100310,100,99897,100
2019-06-28 09:44:30.000000000,99981,385,99975,385,100011,100,99967,100,100053,100,99966,100,100086,100,99949,200,100100,100,99942,100,100114,100,99936,100,100128,100,99911,100,100183,100,99906,100,100219,100,99904,100,100310,100,99897,100
2019-06-28 09:44:31.143557326,99981,285,99975,385,100011,100,99967,100,100053,100,99966,100,100086,100,99949,200,100100,100,99942,100,100114,100,99936,100,100128,100,99911,100,100183,100,99906,100,100219,100,99904,100,100310,100,99897,100
2019-06-28 09:44:40.000000000,100011,197,99975,197,100053,194,99967,194,100086,194,99966,194,100100,100,99949,200,100114,100,99942,100,100128,100,99936,100,100183,100,99911,100,100219,100,99906,100,100310,100,99904,100,100322,100,99897,100
2019-06-28 09:44:50.000000000,100011,171,99975,171,100053,171,99967,171,100086,171,99966,171,100100,171,99949,271,100114,100,99942,100,100128,100,99936,100,100183,100,99911,100,100219,100,99906,100,100310,100,99904,100,100322,100,99897,100
2019-06-28 09:44:56.230360589,100011,171,99983,100,100053,171,99975,171,100086,171,99967,171,100100,171,99966,171,100114,100,99949,271,100128,100,99942,100,100183,100,99936,100,100219,100,99911,100,100310,100,99906,100,100322,100,99904,100
2019-06-28 09:45:00.000000000,100011,157,99983,157,100053,157,99975,157,100086,157,99967,157,100100,157,99966,157,100114,157,99949,257,100128,100,99942,100,100183,100,99936,100,100219,100,99911,100,100310,100,99906,100,100322,100,99904,100
2019-06-28 09:45:10.000000000,100011,242,99983,242,100053,242,99975,242,100086,100,99967,100,100100,100,99966,100,100114,100,99949,200,100128,100,99942,100,100183,100,99936,100,100219,100,99911,100,100310,100,99906,100,100322,100,99904,100
2019-06-28 09:45:17.370538101,100011,242,99983,242,100053,242,99975,242,100086,100,99967,100,100100,100,99966,100,100114,100,99949,200,100128,100,99942,100,100183,100,99936,100,100219,100,99911,100,100310,100,99906,100,100322,100,99904,100
2019-06-28 09:45:19.048271242,100011,242,99983,142,100053,242,99975,242,100086,100,99966,100,100100,100,99949,200,100114,100,99942,100,100128,100,99936,100,100183,100,99911,100,100219,100,99906,100,100310,100,99904,100,100322,100,99897,100
2019-06-28 09:45:20.000000000,100011,197,99975,197,100053,194,99966,194,100086,194,99949,294,100100,100,99942,100,100114,100,99936,100,100128,100,99911,100,100183,100,99906,100,100219,100,99904,100,100310,100,99897,100,100322,100,99870,100
2019-06-28 09:45:22.948888613,100011,197,99975,97,100053,194,99966,194,100086,194,99949,294,100100,100,99942,100,100114,100,99936,100,100128,100,99911,100,100183,100,99906,100,100219,100,99904,100,100310,100,99897,100,100636,100,99870,100
2019-06-28 09:45:30.000000000,100011,242,99966,242,100053,242,99949,342,100086,100,99942,100,100100,100,99936,100,100114,100,99911,100,100128,100,99906,100,100183,100,99904,100,100219,100,99897,100,100310,100,99870,100,100636,100,99852,100
2019-06-28 09:45:40.000000000,100011,197,99966,197,100053,194,99949,294,100086,194,99942,194,100100,100,99936,100,100114,100,99911,100,100128,100,99906,100,100183,100,99904,100,100219,100,99897,100,100310,100,99870,100,100636,100,99852,100
2019-06-28 09:45:40.806289608,99983,100,99966,197,100011,97,99949,294,100053,194,99942,194,100086,194,99936,100,100100,100,99911,100,100114,100,99906,100,100128,100,99904,100,100183,100,99897,100,100219,100,99870,100,100310,100,99852,100
2019-06-28 09:45:50.000000000,99983,197,99966,197,100053,194,99949,294,100086,194,99942,194,100100,100,99936,100,100114,100,99911,100,100128,100,99906,100,100183,100,99904,100,100219,100,99897,100,100310,100,99870,100,100636,100,99852,100
2019-06-28 09:45:58.275874066,99983,197,99966,97,100053,194,99949,294,100086,194,99942,194,100100,100,99936,100,100114,100,99911,100,100128,100,99906,100,100183,100,99904,100,100219,100,99897,100,100310,100,99870,100,100636,100,99852,100
2019-06-28 09:46:00.000000000,99983,242,99949,342,100053,242,99942,242,100086,100,99936,100,100100,100,99911,100,100114,100,99906,100,100128,100,99904,100,100183,100,99897,100,100219,100,99870,100,100310,100,99852,100,100636,100,99825,100
2019-06-28 09:46:10.000000000,99983,197,99949,297,100053,194,99942,194,100086,194,99936,194,100100,100,99911,100,100114,100,99906,100,100128,100,99904,100,100183,100,99897,100,100219,100,99870,100,100310,100,99852,100,100636,100,99825,100
2019-06-28 09:46:20.000000000,99983,385,99949,485,100053,100,99942,100,100086,100,99936,100,100100,100,99911,100,100114,100,99906,100,100128,100,99904,100,100183,100,99897,100,100219,100,99870,100,100310,100,99852,100,100636,100,99825,100
2019-06-28 09:46:28.250012940,99958,100,99949,485,99983,385,99942,100,100053,100,99936,100,100086,100,99911,100,100100,100,99906,100,100114,100,99904,100,100183,100,99897,100,100219,100,99870,100,100310,100,99852,100,100636,100,99825,100
2019-06-28 09:46:30.000000000,99958,197,99949,297,99983,194,99942,194,100053,194,99936,194,100086,100,99911,100,100100,100,99906,100,100114,100,99904,100,100183,100,99897,100,100219,100,99870,100,100310,100,99852,100,100636,100,99825,100
2019-06-28 09:46:38.019395164,99958,97,99949,297,99983,194,99942,194,100053,194,99936,194,100086,100,99911,100,100100,100,99906,100,100114,100,99904,100,100183,100,99897,100,100219,100,99870,100,100310,100,99852,100,100636,100,99825,100
2019-06-28 09:46:40.000000000,99983,197,99949,297,100053,194,99942,194,100086,194,99936,194,100100,100,99911,100,100114,100,99906,100,100183,100,99904,100,100219,100,99897,100,100310,100,99870,100,100636,100,99852,100,101569,100,99825,100
2019-06-28 09:46:50.000000000,99983,242,99949,342,100053,242,99942,242,100086,100,99936,100,100100,100,99911,100,100114,100,99906,100,100183,100,99904,100,100219,100,99897,100,100310,100,99870,100,100636,100,99852,100,101569,100,99825,100
2019-06-28 09:47:00.000000000,99983,197,99949,297,100053,194,99942,194,100086,194,99936,194,100100,100,99911,100,100114,100,99906,100,100183,100,99904,100,100219,100,99897,100,100310,100,99870,100,100636,100,99852,100,101569,100,99825,100
2019-06-28 09:47:06.470808992,99983,197,99949,297,100017,100,99942,194,100053,194,99936,194,100086,194,99911,100,100100,100,99906,100,100114,100,99904,100,100183,100,99897,100,100219,100,99870,100,100310,100,99852,100,100636,100,99825,100
2019-06-28 09:47:10.000000000,99983,171,99949,271,100017,171,99942,171,100053,171,99936,171,100086,171,99911,171,100100,100,99906,100,100114,100,99904,100,100183,100,99897,100,100219,100,99870,100,100310,100,99852,100,100636,100,99825,100
2019-06-28 09:47:13.827263381,99957,100,99949,271,99983,171,99942,171,100017,171,99936,171,100053,171,99911,171,100086,171,99906,100,100100,100,99904,100,100114,100,99897,100,100183,100,99870,100,100219,100,99852,100,100310,100,99825,100
2019-06-28 09:47:20.000000000,99957,242,99949,342,99983,242,99942,242,100017,100,99936,100,100053,100,99911,100,100086,100,99906,100,100100,100,99904,100,100114,100,99897,100,100183,100,99870,100,100219,100,99852,100,100310,100,99825,100
2019-06-28 09:47:30.000000000,99957,197,99949,297,99983,194,99942,194,100017,194,99936,194,100053,100,99911,100,100086,100,99906,100,100100,100,99904,100,100114,100,99897,100,100183,100,99870,100,100219,100,99852,100,100310,100,99825,100
2019-06-28 09:47:31.275074765,99957,197,99949,297,99983,194,99942,194,100017,194,99936,194,100053,100,99911,100,100100,100,99906,100,100114,100,99904,100,100183,100,99897,100,100219,100,99870,100,100310,100,99852,100,100636,100,99825,100
2019-06-28 09:47:36.069311756,99957,197,99949,197,99983,194,99942,194,100017,194,99936,194,100053,100,99911,100,100100,100,99904,100,100114,100,99897,100,100183,100,99870,100,100219,100,99852,100,100310,100,99825,100,100636,100,99820,100
2019-06-28 09:47:40.000000000,99957,242,99949,242,99983,242,99942,242,100017,100,99936,100,100053,100,99911,100,100100,100,99904,100,100114,100,99897,100,100183,100,99870,100,100219,100,99852,100,100310,100,99825,100,100636,100,99820,100
2019-06-28 09:47:47.320023823,99957,242,99949,242,99983,242,99942,242,100017,100,99936,100,100053,100,99911,100,100100,100,99904,100,100114,100,99897,100,100183,100,99870,100,100219,100,99852,100,100310,100,99825,100,100636,100,99820,100
2019-06-28 09:47:50.000000000,99957,171,99949,171,99983,171,99942,171,100017,171,99936,171,100053,171,99911,171,100100,100,99904,100,100114,100,99897,100,100183,100,99870,100,100219,100,99852,100,100310,100,99825,100,100636,100,99820,100
2019-06-28 09:47:57.530378307,99957,171,99949,171,99983,171,99942,171,100017,171,99936,171,100053,171,99911,171,100100,100,99904,100,100114,100,99897,100,100183,100,99870,100,100219,100,99852,100,100310,100,99825,100,100636,100,99820,100
2019-06-28 09:48:00.000000000,99957,171,99949,171,99983,171,99942,171,100017,171,99936,171,100053,171,99911,171,100100,100,99904,100,100114,100,99897,100,100183,100,99870,100,100219,100,99852,100,100310,100,99825,100,100636,100,99820,100
2019-06-28 09:48:10.000000000,99957,385,99949,385,99983,100,99942,100,100017,100,99936,100,100053,100,99911,100,100100,100,99904,100,100114,100,99897,100,100183,100,99870,100,100219,100,99852,100,100310,100,99825,100,100636,100,99820,100
2019-06-28 09:48:11.665596610,99956,100,99949,385,99957,285,99942,100,99983,100,99936,100,100017,100,99911,100,100053,100,99904,100,100100,100,99897,100,100114,100,99870,100,100183,100,99852,100,100219,100,99825,100,100310,100,99820,100
2019-06-28 09:48:17.393138389,99956,200,99949,385,99957,285,99942,100,99983,100,99936,100,100017,100,99911,100,100053,100,99904,100,100100,100,99897,100,100114,100,99870,100,100183,100,99852,100,100219,100,99825,100,100310,100,99820,100
2019-06-28 09:48:20.000000000,99956,257,99949,157,99983,157,99942,157,100017,157,99936,157,100053,157,99911,157,100100,157,99904,157,100114,100,99897,100,100183,100,99870,100,100219,100,99852,100,100310,100,99825,100,100636,100,99820,100
2019-06-28 09:48:30.000000000,99956,342,99949,242,99983,242,99942,242,100017,100,99936,100,100053,100,99911,100,100100,100,99904,100,100114,100,99897,100,100183,100,99870,100,100219,100,99852,100,100310,100,99825,100,100636,100,99820,100
2019-06-28 09:48:40.000000000,99956,271,99949,171,99983,171,99942,171,100017,171,99936,171,100053,171,99911,171,100100,100,99904,100,100114,100,99897,100,100183,100,99870,100,100219,100,99852,100,100310,100,99825,100,100636,100,99820,100
2019-06-28 09:48:41.011741097,99956,271,99949,171,99983,171,99942,171,100017,171,99936,171,100053,171,99911,171,100100,100,99904,100,100114,100,99897,100,100183,100,99870,100,100219,100,99852,100,100310,100,99825,100,100636,100,99820,100
2019-06-28 09:48:50.000000000,99956,342,99949,242,99983,242,99942,242,100017,100,99936,100,100053,100,99911,100,100100,100,99904,100,100114,100,99897,100,100183,100,99870,100,100219,100,99852,100,100310,100,99825,100,100636,100,99820,100
2019-06-28 09:49:00.000000000,99956,297,99949,197,99983,194,99942,194,100017,194,99936,194,100053,100,99911,100,100100,100,99904,100,100114,100,99897,100,100183,100,99870,100,100219,100,99852,100,100310,100,99825,100,100636,100,99820,100
2019-06-28 09:49:06.994807091,99956,297,99949,197,99983,194,99942,194,100017,194,99936,194,100053,100,99911,100,100100,100,99904,100,100114,100,99897,100,100183,100,99870,100,100219,100,99852,100,100310,100,99825,100,100636,100,99820,100
2019-06-28 09:49:10.000000000,99956,485,99949,385,99983,100,99942,100,100017,100,99936,100,100053,100,99911,100,100100,100,99904,100,100114,100,99897,100,100183,100,99870,100,100219,100,99852,100,100310,100,99825,100,100636,100,99820,100
2019-06-28 09:49:15.730960413,99956,485,99949,385,99983,100,99942,100,100017,100,99936,100,100053,100,99911,100,100100,100,99904,100,100114,100,99897,100,100183,100,99870,100,100219,100,99852,100,100636,100,99825,100,101569,100,99820,100
2019-06-28 09:49:20.000000000,99956,485,99949,385,99983,100,99942,100,100017,100,99936,100,100053,100,99911,100,100100,100,99904,100,100114,100,99897,100,100183,100,99870,100,100219,100,99852,100,100636,100,99825,100,101569,100,99820,100
2019-06-28 09:49:23.536511629,99956,585,99949,385,99983,100,99942,100,100017,100,99936,100,100053,100,99911,100,100100,100,99904,100,100114,100,99897,100,100183,100,99870,100,100219,100,99852,100,100636,100,99825,100,101569,100,99820,100
2019-06-28 09:49:27.312801976,99956,585,99949,285,99983,100,99942,100,100017,100,99936,100,100053,100,99911,100,100100,100,99904,100,100114,100,99897,100,100183,100,99870,100,100219,100,99852,100,100636,100,99825,100,101569,100,99820,100
2019-06-28 09:49:30.000000000,99956,357,99942,157,99983,157,99936,157,100017,157,99911,157,100053,157,99904,157,100100,157,99897,157,100114,100,99870,100,100183,100,99852,100,100219,100,99825,100,100636,100,99820,100,101569,100,99738,100
2019-06-28 09:49:40.000000000,99956,442,99942,242,99983,242,99936,242,100017,100,99911,100,100053,100,99904,100,100100,100,99897,100,100114,100,99870,100,100183,100,99852,100,100219,100,99825,100,100636,100,99820,100,101569,100,99738,100
2019-06-28 09:49:50.000000000,99956,585,99942,385,99983,100,99936,100,100017,100,99911,100,100053,100,99904,100,100100,100,99897,100,100114,100,99870,100,100183,100,99852,100,100219,100,99825,100,100636,100,99820,100,101569,100,99738,100
2019-06-28 09:50:00.000000000,99956,442,99942,242,99983,242,99936,242,100017,100,99911,100,100053,100,99904,100,100100,100,99897,100,100114,100,99870,100,100183,100,99852,100,100219,100,99825,100,100636,100,99820,100,101569,100,99738,100
2019-06-28 09:50:00.617946237,99956,442,99942,242,99983,242,99936,242,100017,100,99911,100,100053,100,99904,100,100100,100,99897,100,100114,100,99870,100,100147,100,99852,100,100183,100,99825,100,100219,100,99820,100,100636,100,99738,100
2019-06-28 09:50:07.460957184,99956,442,99942,142,99983,242,99936,242,100017,100,99911,100,100053,100,99904,100,100100,100,99897,100,100114,100,99870,100,100147,100,99852,100,100183,100,99825,100,100219,100,99820,100,100636,100,99738,100
2019-06-28 09:50:10.000000000,99956,397,99936,197,99983,194,99911,194,100017,194,99904,194,100053,100,99897,100,100100,100,99870,100,100114,100,99852,100,100147,100,99825,100,100183,100,99820,100,100219,100,99738,100,100636,100,99717,100
2019-06-28 09:50:20.000000000,99956,371,99936,171,99983,171,99911,171,100017,171,99904,171,100053,171,99897,171,100100,100,99870,100,100114,100,99852,100,100147,100,99825,100,100183,100,99820,100,100219,100,99738,100,100636,100,99717,100
2019-06-28 09:50:23.338055340,99956,371,99936,171,99983,171,99911,171,100017,171,99904,171,100053,171,99897,171,100100,100,99870,100,100118,100,99852,100,100147,100,99825,100,100183,100,99820,100,100219,100,99738,100,100636,100,99717,100
2019-06-28 09:50:28.595693603,99956,371,99950,100,99983,171,99936,171,100017,171,99911,171,100053,171,99904,171,100100,100,99897,171,100118,100,99870,100,100147,100,99852,100,100183,100,99825,100,100219,100,99820,100,100636,100,99738,100
2019-06-28 09:50:30.000000000,99956,357,99950,157,99983,157,99936,157,100017,157,99911,157,100053,157,99904,157,100100,157,99897,157,100118,100,99870,100,100147,100,99852,100,100183,100,99825,100,100219,100,99820,100,100636,100,99738,100
2019-06-28 09:50:30.485086369,99956,257,99950,157,99983,157,99936,157,100017,157,99911,157,100053,57,99904,157,100100,157,99897,157,100118,100,99870,100,100147,100,99852,100,100183,100,99825,100,100219,100,99820,100,100636,100,99738,100
2019-06-28 09:50:37.123065028,99956,257,99951,100,99983,157,99950,157,100017,157,99936,157,100053,57,99911,157,100100,157,99904,157,100118,100,99897,157,100147,100,99870,100,100183,100,99852,100,100219,100,99825,100,100636,100,99820,100
2019-06-28 09:50:40.000000000,99956,297,99951,197,99983,194,99950,194,100017,194,99936,194,100100,100,99911,100,100118,100,99904,100,100147,100,99897,100,100183,100,99870,100,100219,100,99852,100,100636,100,99825,100,101569,100,99820,100
2019-06-28 09:50:43.006450746,99956,197,99951,197,99983,194,99950,194,100017,194,99936,194,100100,100,99911,100,100118,100,99904,100,100147,100,99897,100,100183,100,99870,100,100219,100,99852,100,100636,100,99825,100,101569,100,99820,100
2019-06-28 09:50:50.000000000,99956,157,99951,157,99983,157,99950,157,100017,157,99936,157,100100,157,99911,157,100118,157,99904,157,100147,100,99897,100,100183,100,99870,100,100219,100,99852,100,100636,100,99825,100,101569,100,99820,100
2019-06-28 09:51:00.000000000,99956,157,99951,157,99983,157,99950,157,100017,157,99936,157,100100,157,99911,157,100118,157,99904,157,100147,100,99897,100,100183,100,99870,100,100219,100,99852,100,100636,100,99825,100,101569,100,99820,100
2019-06-28 09:51:10.000000000,99956,157,99951,157,99983,157,99950,157,100017,157,99936,157,100100,157,99911,157,100118,157,99904,157,100147,100,99897,100,100183,100,99870,100,100219,100,99852,100,100636,100,99825,100,101569,100,99820,100
2019-06-28 09:51:20.000000000,99956,197,99951,197,99983,194,99950,194,100017,194,99936,194,100100,100,99911,100,100118,100,99904,100,100147,100,99897,100,100183,100,99870,100,100219,100,99852,100,100636,100,99825,100,101569,100,99820,100
2019-06-28 09:51:23.423670786,99956,97,99951,197,99983,194,99950,194,100017,194,99936,194,100100,100,99911,100,100118,100,99904,100,100147,100,99897,100,100183,100,99870,100,100636,100,99852,100,101569,100,99825,100,101819,100,99820,100
2019-06-28 09:51:30.000000000,99983,385,99951,385,100017,100,99950,100,100100,100,99936,100,100118,100,99911,100,100147,100,99904,100,100183,100,99897,100,100636,100,99870,100,101569,100,99852,100,101819,100,99825,100,,,99820,100
2019-06-28 09:51:40.000000000,99983,385,99951,385,100017,100,99950,100,100100,100,99936,100,100118,100,99911,100,100147,100,99904,100,100183,100,99897,100,100636,100,99870,100,101569,100,99852,100,101819,100,99825,100,,,99820,100
2019-06-28 09:51:50.000000000,99983,157,99951,157,100017,157,99950,157,100100,157,99936,157,100118,157,99911,157,100147,157,99904,157,100183,100,99897,100,100636,100,99870,100,101569,100,99852,100,101819,100,99825,100,,,99820,100
2019-06-28 09:52:00.000000000,99983,197,99951,197,100017,194,99950,194,100100,194,99936,194,100118,100,99911,100,100147,100,99904,100,100183,100,99897,100,100636,100,99870,100,101569,100,99852,100,101819,100,99825,100,,,99820,100
2019-06-28 09:52:10.000000000,99983,385,99951,385,100017,100,99950,100,100100,100,99936,100,100118,100,99911,100,100147,100,99904,100,100183,100,99897,100,100636,100,99870,100,101569,100,99852,100,101819,100,99825,100,,,99820,100
2019-06-28 09:52:20.000000000,99983,197,99951,197,100017,194,99950,194,100100,194,99936,194,100118,100,99911,100,100147,100,99904,100,100183,100,99897,100,100636,100,99870,100,101569,100,99852,100,101819,100,99825,100,,,99820,100
2019-06-28 09:52:30.000000000,99983,385,99951,385,100017,100,99950,100,100100,100,99936,100,100118,100,99911,100,100147,100,99904,100,100183,100,99897,100,100636,100,99870,100,101569,100,99852,100,101819,100,99825,100,,,99820,100
2019-06-28 09:52:40.000000000,99983,157,99951,157,100017,157,99950,157,100100,157,99936,157,100118,157,99911,157,100147,157,99904,157,100183,100,99897,100,100636,100,99870,100,101569,100,99852,100,101819,100,99825,100,,,99820,100
2019-06-28 09:52:50.000000000,99983,242,99951,242,100017,242,99950,242,100100,100,99936,100,100118,100,99911,100,100147,100,99904,100,100183,100,99897,100,100636,100,99870,100,101569,100,99852,100,101819,100,99825,100,,,99820,100
2019-06-28 09:52:58.178664410,99983,242,99956,100,100017,242,99951,242,100100,100,99950,242,100118,100,99936,100,100147,100,99911,100,100183,100,99904,100,100636,100,99897,100,101569,100,99870,100,101819,100,99852,100,,,99825,100
2019-06-28 09:53:00.000000000,99983,171,99956,171,100017,171,99951,171,100100,171,99950,171,100118,171,99936,171,100147,100,99911,100,100183,100,99904,100,100636,100,99897,100,101569,100,99870,100,101819,100,99852,100,,,99825,100
2019-06-28 09:53:10.000000000,99983,197,99956,197,100017,194,99951,194,100100,194,99950,194,100118,100,99936,100,100147,100,99911,100,100183,100,99904,100,100636,100,99897,100,101569,100,99870,100,101819,100,99852,100,,,99825,100
2019-06-28 09:53:15.811490341,99983,97,99956,197,100017,194,99951,194,100100,194,99950,194,100118,100,99936,100,100147,100,99911,100,100183,100,99904,100,100636,100,99897,100,101569,100,99870,100,101819,100,99852,100,,,99825,100
2019-06-28 09:53:20.000000000,100017,171,99956,171,100100,171,99951,171,100118,171,99950,171,100147,171,99936,171,100183,100,99911,100,100636,100,99904,100,101569,100,99897,100,101819,100,99870,100,,,99852,100,,,99825,100
2019-06-28 09:53:21.127029526,100017,171,99956,171,100100,171,99951,171,100118,171,99950,171,100147,171,99936,171,100183,100,99911,100,100211,100,99904,100,100636,100,99897,100,101569,100,99870,100,,,99852,100,,,99825,100
2019-06-28 09:53:30.000000000,100017,197,99956,197,100100,194,99951,194,100118,194,99950,194,100147,100,99936,100,100183,100,99911,100,100211,100,99904,100,100636,100,99897,100,101569,100,99870,100,,,99852,100,,,99825,100
2019-06-28 09:53:33.626453319,100017,197,99957,100,100100,194,99956,197,100118,194,99951,194,100147,100,99950,194,100183,100,99936,100,100211,100,99911,100,100636,100,99904,100,101569,100,99897,100,,,99870,100,,,99852,100
2019-06-28 09:53:35.219487042,100017,197,99962,100,100100,194,99957,100,100118,194,99956,197,100147,100,99951,194,100183,100,99950,194,100211,100,99936,100,100636,100,99911,100,101569,100,99904,100,,,99897,100,,,99870,100
2019-06-28 09:53:40.000000000,100017,171,99962,171,100100,171,99957,171,100118,171,99956,171,100147,171,99951,171,100183,100,99950,100,100211,100,99936,100,100636,100,99911,100,101569,100,99904,100,,,99897,100,,,99870,100
2019-06-28 09:53:50.000000000,100017,157,99962,157,100100,157,99957,157,100118,157,99956,157,100147,157,99951,157,100183,157,99950,157,100211,100,99936,100,100636,100,99911,100,101569,100,99904,100,,,99897,100,,,99870,100
2019-06-28 09:54:00.000000000,100017,385,99962,385,100100,100,99957,100,100118,100,99956,100,100147,100,99951,100,100183,100,99950,100,100211,100,99936,100,100636,100,99911,100,101569,100,99904,100,,,99897,100,,,99870,100
2019-06-28 09:54:01.228623391,100017,385,99962,385,100100,100,99957,100,100118,100,99956,100,100147,100,99951,100,100183,100,99950,100,100211,100,99936,100,100615,100,99911,100,100636,100,99904,100,101569,100,99897,100,,,99870,100
2019-06-28 09:54:01.262420948,100017,385,99962,385,100100,100,99957,100,100118,100,99956,100,100147,100,99951,100,100183,100,99950,100,100211,100,99936,100,100490,100,99911,100,100615,100,99904,100,100636,100,99897,100,101569,100,99870,100
2019-06-28 09:54:04.033731333,100017,385,99962,385,100100,100,99957,100,100118,100,99956,100,100147,100,99951,100,100183,100,99950,100,100211,100,99936,100,100490,100,99911,100,100572,100,99904,100,100615,100,99897,100,100636,100,99870,100
2019-06-28 09:54:10.000000000,100017,242,99962,242,100100,242,99957,242,100118,100,99956,100,100147,100,99951,100,100183,100,99950,100,100211,100,99936,100,100490,100,99911,100,100572,100,99904,100,100615,100,99897,100,100636,100,99870,100
2019-06-28 09:54:20.000000000,100017,171,99962,171,100100,171,99957,171,100118,171,99956,171,100147,171,99951,171,100183,100,99950,100,100211,100,99936,100,100490,100,99911,100,100572,100,99904,100,100615,100,99897,100,100636,100,99870,100
2019-06-28 09:54:29.904826228,100017,71,99962,171,100100,171,99957,171,100118,171,99956,171,100147,171,99951,171,100183,100,99950,100,100211,100,99936,100,100490,100,99911,100,100572,100,99904,100,100615,100,99897,100,100636,100,99870,100
2019-06-28 09:54:30.000000000,100100,242,99962,242,100118,242,99957,242,100147,100,99956,100,100183,100,99951,100,100211,100,99950,100,100490,100,99936,100,100572,100,99911,100,100615,100,99904,100,100636,100,99897,100,101569,100,99870,100
2019-06-28 09:54:34.302836533,100100,142,99962,242,100118,242,99957,242,100147,100,99956,100,100183,100,99951,100,100211,100,99950,100,100490,100,99911,100,100572,100,99904,100,100615,100,99897,100,100636,100,99870,100,101569,100,99852,100
2019-06-28 09:54:40.000000000,100118,171,99962,171,100147,171,99957,171,100183,171,99956,171,100211,171,99951,171,100490,100,99950,100,100572,100,99911,100,100615,100,99904,100,100636,100,99897,100,101569,100,99870,100,,,99852,100
2019-06-28 09:54:48.303874210,100118,71,99962,171,100147,171,99957,171,100183,171,99956,171,100211,171,99951,171,100490,100,99950,100,100572,100,99911,100,100615,100,99904,100,100636,100,99897,100,101569,100,99870,100,,,99852,100
2019-06-28 09:54:50.000000000,100147,171,99962,171,100183,171,99957,171,100211,171,99956,171,100490,171,99951,171,100572,100,99950,100,100615,100,99911,100,100636,100,99904,100,101569,100,99897,100,,,99870,100,,,99852,100
2019-06-28 09:54:57.852726991,100147,71,99962,171,100183,171,99957,171,100211,171,99956,171,100490,171,99951,171,100572,100,99950,100,100615,100,99911,100,100636,100,99904,100,101569,100,99897,100,,,99870,100,,,99852,100
2019-06-28 09:55:00.000000000,100183,197,99962,197,100211,194,99957,194,100490,194,99956,194,100572,100,99951,100,100615,100,99950,100,100636,100,99911,100,101569,100,99904,100,,,99897,100,,,99870,100,,,99852,100
2019-06-28 09:55:10.000000000,100183,171,99962,171,100211,171,99957,171,100490,171,99956,171,100572,171,99951,171,100615,100,99950,100,100636,100,99911,100,101569,100,99904,100,,,99897,100,,,99870,100,,,99852,100
2019-06-28 09:55:20.000000000,100183,385,99962,385,100211,100,99957,100,100490,100,99956,100,100572,100,99951,100,100615,100,99950,100,100636,100,99911,100,101569,100,99904,100,,,99897,100,,,99870,100,,,99852,100
2019-06-28 09:55:24.201353388,100183,285,99962,385,100211,100,99957,100,100490,100,99956,100,100572,100,99951,100,100615,100,99950,100,100636,100,99911,100,101569,100,99904,100,,,99897,100,,,99870,100,,,99852,100
2019-06-28 09:55:30.000000000,100211,157,99962,157,100490,157,99957,157,100572,157,99956,157,100615,157,99951,157,100636,157,99950,157,101569,100,99911,100,,,99904,100,,,99897,100,,,99870,100,,,99852,100
2019-06-28 09:55:40.000000000,100211,197,99962,197,100490,194,99957,194,100572,194,99956,194,100615,100,99951,100,100636,100,99950,100,101569,100,99911,100,,,99904,100,,,99897,100,,,99870,100,,,99852,100
2019-06-28 09:55:50.000000000,100211,171,99962,171,100490,171,99957,171,100572,171,99956,171,100615,171,99951,171,100636,100,99950,100,101569,100,99911,100,,,99904,100,,,99897,100,,,99870,100,,,99852,100
2019-06-28 09:55:51.736050136,100211,71,99962,171,100490,171,99957,171,100572,171,99956,171,100615,171,99951,171,100636,100,99950,100,101569,100,99911,100,,,99904,100,,,99897,100,,,99870,100,,,99852,100
2019-06-28 09:55:57.618207528,100211,71,99962,171,100490,171,99957,171,100572,171,99956,171,100615,171,99951,171,100636,100,99950,100,100896,100,99911,100,101569,100,99904,100,,,99897,100,,,99870,100,,,99852,100
2019-06-28 09:56:00.000000000,100490,157,99962,157,100572,157,99957,157,100615,157,99956,157,100636,157,99951,157,100896,157,99950,157,101569,100,99911,100,,,99904,100,,,99897,100,,,99870,100,,,99852,100
2019-06-28 09:56:08.716975714,100490,157,99962,157,100572,157,99957,157,100615,157,99956,157,100636,157,99951,157,100873,100,99950,157,100896,157,99911,100,101569,100,99904,100,,,99897,100,,,99870,100,,,99852,100
2019-06-28 09:56:10.000000000,100490,157,99962,157,100572,157,99957,157,100615,157,99956,157,100636,157,99951,157,100873,157,99950,157,100896,100,99911,100,101569,100,99904,100,,,99897,100,,,99870,100,,,99852,100
2019-06-28 09:56:18.255882021,100490,57,99962,157,100572,157,99957,157,100615,157,99956,157,100636,157,99951,157,100873,157,99950,157,100896,100,99911,100,101569,100,99904,100,,,99897,100,,,99870,100,,,99852,100
2019-06-28 09:56:20.000000000,100572,242,99962,242,100615,242,99957,242,100636,100,99956,100,100873,100,99951,100,100896,100,99950,100,101569,100,99911,100,,,99904,100,,,99897,100,,,99870,100,,,99852,100
2019-06-28 09:56:30.000000000,100572,197,99962,197,100615,194,99957,194,100636,194,99956,194,100873,100,99951,100,100896,100,99950,100,101569,100,99911,100,,,99904,100,,,99897,100,,,99870,100,,,99852,100
2019-06-28 09:56:37.813139376,100572,197,100211,100,100615,194,99962,197,100636,194,99957,194,100873,100,99956,194,100896,100,99951,100,101569,100,99950,100,,,99911,100,,,99904,100,,,99897,100,,,99870,100
2019-06-28 09:56:40.000000000,100572,197,100211,197,100615,194,99962,194,100636,194,99957,194,100873,100,99956,100,100896,100,99951,100,101569,100,99950,100,,,99911,100,,,99904,100,,,99897,100,,,99870,100
2019-06-28 09:56:50.000000000,100572,242,100211,242,100615,242,99962,242,100636,100,99957,100,100873,100,99956,100,100896,100,99951,100,101569,100,99950,100,,,99911,100,,,99904,100,,,99897,100,,,99870,100
2019-06-28 09:57:00.000000000,100572,385,100211,385,100615,100,99962,100,100636,100,99957,100,100873,100,99956,100,100896,100,99951,100,101569,100,99950,100,,,99911,100,,,99904,100,,,99897,100,,,99870,100
2019-06-28 09:57:10.000000000,100572,385,100211,385,100615,100,99962,100,100636,100,99957,100,100873,100,99956,100,100896,100,99951,100,101569,100,99950,100,,,99911,100,,,99904,100,,,99897,100,,,99870,100
2019-06-28 09:57:20.000000000,100572,197,100211,197,100615,194,99962,194,100636,194,99957,194,100873,100,99956,100,100896,100,99951,100,101569,100,99950,100,,,99911,100,,,99904,100,,,99897,100,,,99870,100
2019-06-28 09:57:21.867103848,100572,197,100211,197,100615,194,99962,194,100636,194,99957,194,100873,100,99956,100,100896,100,99951,100,101569,100,99950,100,101670,100,99911,100,,,99904,100,,,99897,100,,,99870,100
2019-06-28 09:57:30.000000000,100572,197,100211,197,100615,194,99962,194,100636,194,99957,194,100873,100,99956,100,100896,100,99951,100,101569,100,99950,100,101670,100,99911,100,,,99904,100,,,99897,100,,,99870,100
2019-06-28 09:57:40.000000000,100572,197,100211,197,100615,194,99962,194,100636,194,99957,194,100873,100,99956,100,100896,100,99951,100,101569,100,99950,100,101670,100,99911,100,,,99904,100,,,99897,100,,,99870,100
2019-06-28 09:57:50.000000000,100572,171,100211,171,100615,171,99962,171,100636,171,99957,171,100873,171,99956,171,100896,100,99951,100,101569,100,99950,100,101670,100,99911,100,,,99904,100,,,99897,100,,,99870,100
2019-06-28 09:58:00.000000000,100572,385,100211,385,100615,100,99962,100,100636,100,99957,100,100873,100,99956,100,100896,100,99951,100,101569,100,99950,100,101670,100,99911,100,,,99904,100,,,99897,100,,,99870,100
2019-06-28 09:58:03.245914470,100572,285,100211,385,100615,100,99962,100,100636,100,99957,100,100873,100,99956,100,100896,100,99951,100,101569,100,99950,100,101670,100,99911,100,,,99904,100,,,99897,100,,,99870,100
2019-06-28 09:58:03.706829916,100572,285,100211,385,100615,100,99962,100,100636,100,99957,100,100873,100,99956,100,100896,100,99951,100,101367,100,99950,100,101569,100,99911,100,101670,100,99904,100,,,99897,100,,,99870,100
2019-06-28 09:58:07.254242765,100572,285,100211,385,100615,100,99962,100,100636,100,99957,100,100873,100,99956,100,100896,100,99951,100,101367,100,99950,100,101487,100,99911,100,101569,100,99904,100,101670,100,99897,100,,,99870,100
2019-06-28 09:58:09.025349553,100572,285,100211,385,100615,100,99962,100,100636,100,99957,100,100873,100,99956,100,100896,100,99951,100,101367,100,99950,100,101487,100,99911,100,101504,100,99904,100,101569,100,99897,100,101670,100,99870,100
2019-06-28 09:58:10.000000000,100615,171,100211,171,100636,171,99962,171,100873,171,99957,171,100896,171,99956,171,101367,100,99951,100,101487,100,99950,100,101504,100,99911,100,101569,100,99904,100,101670,100,99897,100,,,99870,100
2019-06-28 09:58:20.000000000,100615,242,100211,242,100636,242,99962,242,100873,100,99957,100,100896,100,99956,100,101367,100,99951,100,101487,100,99950,100,101504,100,99911,100,101569,100,99904,100,101670,100,99897,100,,,99870,100
2019-06-28 09:58:30.000000000,100615,242,100211,242,100636,242,99962,242,100873,100,99957,100,100896,100,99956,100,101367,100,99951,100,101487,100,99950,100,101504,100,99911,100,101569,100,99904,100,101670,100,99897,100,,,99870,100
2019-06-28 09:58:31.686006961,100615,142,100211,242,100636,242,99962,242,100873,100,99957,100,100896,100,99956,100,101367,100,99951,100,101487,100,99950,100,101504,100,99911,100,101569,100,99904,100,101670,100,99897,100,,,99870,100
2019-06-28 09:58:40.000000000,100636,197,100211,197,100873,194,99962,194,100896,194,99957,194,101367,100,99956,100,101487,100,99951,100,101504,100,99950,100,101569,100,99911,100,101670,100,99904,100,,,99897,100,,,99870,100
2019-06-28 09:58:44.183203148,100636,197,100572,100,100873,194,100211,97,100896,194,99962,194,101367,100,99957,194,101487,100,99956,100,101504,100,99951,100,101569,100,99950,100,101670,100,99911,100,,,99904,100,,,99897,100
2019-06-28 09:58:50.000000000,100636,171,100572,171,100873,171,99962,171,100896,171,99957,171,101367,171,99956,171,101487,100,99951,100,101504,100,99950,100,101569,100,99911,100,101670,100,99904,100,,,99897,100,,,99870,100
2019-06-28 09:59:00.000000000,100636,157,100572,157,100873,157,99962,157,100896,157,99957,157,101367,157,99956,157,101487,157,99951,157,101504,100,99950,100,101569,100,99911,100,101670,100,99904,100,,,99897,100,,,99870,100
2019-06-28 09:59:10.000000000,100636,385,100572,385,100873,100,99962,100,100896,100,99957,100,101367,100,99956,100,101487,100,99951,100,101504,100,99950,100,101569,100,99911,100,101670,100,99904,100,,,99897,100,,,99870,100
2019-06-28 09:59:16.106873401,100636,285,100572,385,100873,100,99962,100,100896,100,99957,100,101367,100,99956,100,101487,100,99951,100,101569,100,99950,100,101670,100,99911,100,,,99904,100,,,99897,100,,,99870,100
2019-06-28 09:59:20.000000000,100873,157,100572,157,100896,157,99962,157,101367,157,99957,157,101487,157,99956,157,101569,157,99951,157,101670,100,99950,100,,,99911,100,,,99904,100,,,99897,100,,,99870,100
2019-06-28 09:59:30.000000000,100873,157,100572,157,100896,157,99962,157,101367,157,99957,157,101487,157,99956,157,101569,157,99951,157,101670,100,99950,100,,,99911,100,,,99904,100,,,99897,100,,,99870,100
2019-06-28 09:59:40.000000000,100873,242,100572,242,100896,242,99962,242,101367,100,99957,100,101487,100,99956,100,101569,100,99951,100,101670,100,99950,100,,,99911,100,,,99904,100,,,99897,100,,,99870,100
2019-06-28 09:59:40.467235584,100873,142,100572,242,100896,242,99962,242,101367,100,99957,100,101487,100,99956,100,101569,100,99951,100,101670,100,99950,100,,,99911,100,,,99904,100,,,99897,100,,,99870,100
2019-06-28 09:59:50.000000000,100896,171,100572,171,101367,171,99962,171,101487,171,99957,171,101569,171,99956,171,101670,100,99951,100,,,99950,100,,,99911,100,,,99904,100,,,99897,100,,,99870,100
2019-06-28 10:00:00.000000000,100896,171,100572,171,101367,171,99962,171,101487,171,99957,171,101569,171,99956,171,101670,100,99951,100,,,99950,100,,,99911,100,,,99904,100,,,99897,100,,,99870,100
2019-06-28 10:00:10.000000000,100896,385,100572,385,101367,100,99962,100,101487,100,99957,100,101569,100,99956,100,101670,100,99951,100,,,99950,100,,,99911,100,,,99904,100,,,99897,100,,,99870,100
2019-06-28 10:00:10.493372102,100896,385,100572,385,101367,100,99962,100,101487,100,99957,100,101569,100,99956,100,101660,100,99951,100,101670,100,99950,100,,,99911,100,,,99904,100,,,99870,100,,,99852,100
2019-06-28 10:00:20.000000000,100896,242,100572,242,101367,242,99962,242,101487,100,99957,100,101569,100,99956,100,101660,100,99951,100,101670,100,99950,100,,,99911,100,,,99904,100,,,99870,100,,,99852,100
2019-06-28 10:00:30.000000000,100896,171,100572,171,101367,171,99962,171,101487,171,99957,171,101569,171,99956,171,101660,100,99951,100,101670,100,99950,100,,,99911,100,,,99904,100,,,99870,100,,,99852,100
2019-06-28 10:00:40.000000000,100896,197,100572,197,101367,194,99962,194,101487,194,99957,194,101569,100,99956,100,101660,100,99951,100,101670,100,99950,100,,,99911,100,,,99904,100,,,99870,100,,,99852,100
2019-06-28 10:00:50.000000000,100896,171,100572,171,101367,171,99962,171,101487,171,99957,171,101569,171,99956,171,101660,100,99951,100,101670,100,99950,100,,,99911,100,,,99904,100,,,99870,100,,,99852,100
2019-06-28 10:00:59.093965317,100896,171,100572,171,101367,171,99962,171,101487,171,99957,171,101569,171,99956,171,101660,100,99951,100,101670,100,99950,100,102486,100,99911,100,,,99904,100,,,99870,100,,,99852,100
2019-06-28 10:01:00.000000000,100896,171,100572,171,101367,171,99962,171,101487,171,99957,171,101569,171,99956,171,101660,100,99951,100,101670,100,99950,100,102486,100,99911,100,,,99904,100,,,99870,100,,,99852,100
2019-06-28 10:01:04.667562059,100896,171,100572,171,101367,171,99962,171,101487,171,99957,171,101569,171,99956,171,101660,100,99951,100,101670,100,99950,100,102336,100,99911,100,102486,100,99904,100,,,99870,100,,,99852,100
2019-06-28 10:01:07.577899102,100896,71,100572,171,101367,171,99962,171,101487,171,99957,171,101569,171,99956,171,101660,100,99951,100,101670,100,99950,100,102336,100,99911,100,102486,100,99904,100,,,99870,100,,,99852,100
2019-06-28 10:01:10.000000000,101367,171,100572,171,101487,171,99962,171,101569,171,99957,171,101660,171,99956,171,101670,100,99951,100,102336,100,99950,100,102486,100,99911,100,,,99904,100,,,99870,100,,,99852,100
2019-06-28 10:01:20.000000000,101367,242,100572,242,101487,242,99962,242,101569,100,99957,100,101660,100,99956,100,101670,100,99951,100,102336,100,99950,100,102486,100,99911,100,,,99904,100,,,99870,100,,,99852,100
2019-06-28 10:01:30.000000000,101367,197,100572,197,101487,194,99962,194,101569,194,99957,194,101660,100,99956,100,101670,100,99951,100,102336,100,99950,100,102486,100,99911,100,,,99904,100,,,99870,100,,,99852,100
2019-06-28 10:01:40.000000000,101367,171,100572,171,101487,171,99962,171,101569,171,99957,171,101660,171,99956,171,101670,100,99951,100,102336,100,99950,100,102486,100,99911,100,,,99904,100,,,99870,100,,,99852,100
2019-06-28 10:01:47.487967057,101367,71,100572,171,101487,171,99962,171,101569,171,99957,171,101660,171,99956,171,101670,100,99951,100,102336,100,99950,100,102486,100,99911,100,,,99904,100,,,99870,100,,,99852,100
2019-06-28 10:01:50.000000000,101487,171,100572,171,101569,171,99962,171,101660,171,99957,171,101670,171,99956,171,102336,100,99951,100,102486,100,99950,100,,,99911,100,,,99904,100,,,99870,100,,,99852,100
2019-06-28 10:02:00.000000000,101487,242,100572,242,101569,242,99962,242,101660,100,99957,100,101670,100,99956,100,102336,100,99951,100,102486,100,99950,100,,,99911,100,,,99904,100,,,99870,100,,,99852,100
2019-06-28 10:02:07.353352401,101487,242,100572,242,101569,242,99962,242,101660,100,99957,100,101670,100,99956,100,101937,100,99951,100,102336,100,99950,100,102486,100,99911,100,,,99904,100,,,99870,100,,,99852,100
2019-06-28 10:02:10.000000000,101487,171,100572,171,101569,171,99962,171,101660,171,99957,171,101670,171,99956,171,101937,100,99951,100,102336,100,99950,100,102486,100,99911,100,,,99904,100,,,99870,100,,,99852,100
2019-06-28 10:02:20.000000000,101487,171,100572,171,101569,171,99962,171,101660,171,99957,171,101670,171,99956,171,101937,100,99951,100,102336,100,99950,100,102486,100,99911,100,,,99904,100,,,99870,100,,,99852,100
2019-06-28 10:02:25.632028930,101487,71,100572,171,101569,171,99962,171,101660,171,99957,171,101670,171,99956,171,101937,100,99951,100,102336,100,99950,100,102486,100,99911,100,,,99904,100,,,99870,100,,,99852,100
2019-06-28 10:02:26.630083215,101569,171,101487,29,101660,171,100572,171,101670,171,99962,171,101937,100,99957,171,102336,100,99956,171,102486,100,99951,100,,,99950,100,,,99911,100,,,99904,100,,,99870,100
2019-06-28 10:02:30.000000000,101569,157,101487,86,101660,157,100572,157,101670,157,99962,157,101937,157,99957,157,102336,157,99956,157,102486,100,99951,100,,,99950,100,,,99911,100,,,99904,100,,,99870,100
2019-06-28 10:02:40.000000000,101569,157,101487,86,101660,157,100572,157,101670,157,99962,157,101937,157,99957,157,102336,157,99956,157,102486,100,99951,100,,,99950,100,,,99911,100,,,99904,100,,,99870,100
2019-06-28 10:02:50.000000000,101569,242,101487,171,101660,242,100572,242,101670,100,99962,100,101937,100,99957,100,102336,100,99956,100,102486,100,99951,100,,,99950,100,,,99911,100,,,99904,100,,,99870,100
2019-06-28 10:03:00.000000000,101569,197,101487,126,101660,194,100572,194,101670,194,99962,194,101937,100,99957,100,102336,100,99956,100,102486,100,99951,100,,,99950,100,,,99911,100,,,99904,100,,,99870,100
2019-06-28 10:03:06.046319962,101569,197,101487,126,101660,194,100572,194,101670,194,99962,194,101737,100,99957,100,101937,100,99956,100,102336,100,99951,100,102486,100,99950,100,,,99911,100,,,99904,100,,,99870,100
2019-06-28 10:03:10.000000000,101569,385,101487,314,101660,100,100572,100,101670,100,99962,100,101737,100,99957,100,101937,100,99956,100,102336,100,99951,100,102486,100,99950,100,,,99911,100,,,99904,100,,,99870,100
2019-06-28 10:03:20.000000000,101569,242,101487,171,101660,242,100572,242,101670,100,99962,100,101737,100,99957,100,101937,100,99956,100,102336,100,99951,100,102486,100,99950,100,,,99911,100,,,99904,100,,,99870,100
2019-06-28 10:03:23.142792211,101569,142,101487,171,101660,242,100572,242,101670,100,99962,100,101737,100,99957,100,101937,100,99956,100,102336,100,99951,100,102486,100,99950,100,,,99911,100,,,99904,100,,,99870,100
2019-06-28 10:03:30.000000000,101660,157,101487,86,101670,157,100572,157,101737,157,99962,157,101937,157,99957,157,102336,157,99956,157,102486,100,99951,100,,,99950,100,,,99911,100,,,99904,100,,,99870,100
2019-06-28 10:03:40.000000000,101660,171,101487,100,101670,171,100572,171,101737,171,99962,171,101937,171,99957,171,102336,100,99956,100,102486,100,99951,100,,,99950,100,,,99911,100,,,99904,100,,,99870,100
2019-06-28 10:03:41.128580455,101660,171,101487,100,101670,171,100572,171,101708,100,99962,171,101737,171,99957,171,101937,171,99956,100,102336,100,99951,100,102486,100,99950,100,,,99911,100,,,99904,100,,,99870,100
2019-06-28 10:03:50.000000000,101660,197,101487,126,101670,194,100572,194,101708,194,99962,194,101737,100,99957,100,101937,100,99956,100,102336,100,99951,100,102486,100,99950,100,,,99911,100,,,99904,100,,,99870,100
2019-06-28 10:03:56.190801087,101564,100,101487,126,101660,197,100572,194,101670,194,99962,194,101708,194,99957,100,101737,100,99956,100,101937,100,99951,100,102336,100,99950,100,102486,100,99911,100,,,99904,100,,,99870,100
2019-06-28 10:04:00.000000000,101564,197,101487,126,101660,194,100572,194,101670,194,99962,194,101708,100,99957,100,101737,100,99956,100,101937,100,99951,100,102336,100,99950,100,102486,100,99911,100,,,99904,100,,,99870,100
2019-06-28 10:04:09.645560784,101564,197,101487,126,101568,100,100572,194,101660,194,99962,194,101670,194,99957,100,101708,100,99956,100,101737,100,99951,100,101937,100,99911,100,102336,100,99904,100,102486,100,99870,100,,,99852,100
2019-06-28 10:04:10.000000000,101564,157,101487,86,101568,157,100572,157,101660,157,99962,157,101670,157,99957,157,101708,157,99956,157,101737,100,99951,100,101937,100,99911,100,102336,100,99904,100,102486,100,99870,100,,,99852,100
2019-06-28 10:04:20.000000000,101564,385,101487,314,101568,100,100572,100,101660,100,99962,100,101670,100,99957,100,101708,100,99956,100,101737,100,99951,100,101937,100,99911,100,102336,100,99904,100,102486,100,99870,100,,,99852,100
2019-06-28 10:04:30.000000000,101564,197,101487,126,101568,194,100572,194,101660,194,99962,194,101670,100,99957,100,101708,100,99956,100,101737,100,99951,100,101937,100,99911,100,102336,100,99904,100,102486,100,99870,100,,,99852,100
2019-06-28 10:04:36.880434961,101564,97,101487,126,101568,194,100572,194,101660,194,99962,194,101670,100,99957,100,101708,100,99956,100,101737,100,99951,100,101937,100,99911,100,102336,100,99904,100,102486,100,99870,100,,,99852,100
2019-06-28 10:04:40.000000000,101568,197,101487,126,101660,194,100572,194,101670,194,99962,194,101708,100,99957,100,101737,100,99956,100,101937,100,99951,100,102336,100,99911,100,102486,100,99904,100,,,99870,100,,,99852,100
2019-06-28 10:04:50.000000000,101568,242,101487,171,101660,242,100572,242,101670,100,99962,100,101708,100,99957,100,101737,100,99956,100,101937,100,99951,100,102336,100,99911,100,102486,100,99904,100,,,99870,100,,,99852,100
2019-06-28 10:05:00.000000000,101568,171,101487,100,101660,171,100572,171,101670,171,99962,171,101708,171,99957,171,101737,100,99956,100,101937,100,99951,100,102336,100,99911,100,102486,100,99904,100,,,99870,100,,,99852,100
2019-06-28 10:05:10.000000000,101568,242,101487,171,101660,242,100572,242,101670,100,99962,100,101708,100,99957,100,101737,100,99956,100,101937,100,99951,100,102336,100,99911,100,102486,100,99904,100,,,99870,100,,,99852,100
2019-06-28 10:05:15.668981602,101568,242,101564,100,101660,242,101487,171,101670,100,100572,242,101708,100,99962,100,101737,100,99957,100,101937,100,99956,100,102336,100,99951,100,102486,100,99911,100,,,99904,100,,,99870,100
2019-06-28 10:05:17.065549342,101568,242,101564,100,101660,242,101487,171,101670,100,100572,242,101708,100,99962,100,101737,100,99957,100,101937,100,99956,100,102057,100,99951,100,102336,100,99911,100,102486,100,99904,100,,,99870,100
2019-06-28 10:05:20.000000000,101568,385,101564,385,101660,100,101487,29,101670,100,100572,100,101708,100,99962,100,101737,100,99957,100,101937,100,99956,100,102057,100,99951,100,102336,100,99911,100,102486,100,99904,100,,,99870,100
2019-06-28 10:05:28.197264308,101568,285,101564,385,101660,100,101487,29,101670,100,100572,100,101708,100,99962,100,101737,100,99957,100,101937,100,99956,100,102057,100,99951,100,102336,100,99911,100,102486,100,99904,100,,,99870,100
2019-06-28 10:05:30.000000000,101660,242,101564,242,101670,242,101487,171,101708,100,100572,100,101737,100,99962,100,101937,100,99957,100,102057,100,99956,100,102336,100,99951,100,102486,100,99911,100,,,99904,100,,,99870,100
2019-06-28 10:05:38.412014574,101660,242,101565,100,101670,242,101564,242,101708,100,101487,171,101737,100,100572,100,101937,100,99962,100,102057,100,99957,100,102336,100,99956,100,102486,100,99951,100,,,99911,100,,,99904,100
2019-06-28 10:05:39.513880005,101660,142,101565,100,101670,242,101564,242,101708,100,101487,142,101737,100,100572,100,101937,100,99962,100,102057,100,99957,100,102336,100,99956,100,102486,100,99951,100,,,99911,100,,,99904,100
2019-06-28 10:05:40.000000000,101670,385,101565,385,101708,100,101564,100,101737,100,100572,100,101937,100,99962,100,102057,100,99957,100,102336,100,99956,100,102486,100,99951,100,,,99911,100,,,99904,100,,,99870,100
2019-06-28 10:05:50.000000000,101670,171,101565,171,101708,171,101564,171,101737,171,100572,171,101937,171,99962,171,102057,100,99957,100,102336,100,99956,100,102486,100,99951,100,,,99911,100,,,99904,100,,,99870,100
2019-06-28 10:05:53.609140931,101670,171,101565,171,101708,171,101564,171,101737,171,100572,171,101937,171,99962,171,102057,100,99956,100,102336,100,99951,100,102486,100,99911,100,,,99904,100,,,99870,100,,,99852,100
2019-06-28 10:06:00.000000000,101670,171,101565,171,101708,171,101564,171,101737,171,100572,171,101937,171,99962,171,102057,100,99956,100,102336,100,99951,100,102486,100,99911,100,,,99904,100,,,99870,100,,,99852,100
2019-06-28 10:06:10.000000000,101670,385,101565,385,101708,100,101564,100,101737,100,100572,100,101937,100,99962,100,102057,100,99956,100,102336,100,99951,100,102486,100,99911,100,,,99904,100,,,99870,100,,,99852,100
2019-06-28 10:06:20.000000000,101670,242,101565,242,101708,242,101564,242,101737,100,100572,100,101937,100,99962,100,102057,100,99956,100,102336,100,99951,100,102486,100,99911,100,,,99904,100,,,99870,100,,,99852,100
2019-06-28 10:06:20.084695806,101670,242,101565,142,101708,242,101564,242,101737,100,100572,100,101937,100,99962,100,102057,100,99956,100,102336,100,99951,100,102486,100,99911,100,,,99904,100,,,99870,100,,,99852,100
2019-06-28 10:06:29.769251561,101670,242,101565,142,101708,242,101564,242,101719,100,100572,100,101737,100,99962,100,102057,100,99956,100,102336,100,99951,100,102486,100,99911,100,,,99904,100,,,99870,100,,,99852,100
2019-06-28 10:06:30.000000000,101670,197,101564,197,101708,194,100572,194,101719,194,99962,194,101737,100,99956,100,102057,100,99951,100,102336,100,99911,100,102486,100,99904,100,,,99870,100,,,99852,100,,,99717,100
2019-06-28 10:06:31.828627980,101670,197,101568,100,101708,194,101564,197,101719,194,100572,194,101737,100,99962,194,102057,100,99956,100,102336,100,99951,100,102486,100,99911,100,,,99904,100,,,99870,100,,,99852,100
2019-06-28 10:06:40.000000000,101670,385,101568,385,101708,100,101564,100,101719,100,100572,100,101737,100,99962,100,102057,100,99956,100,102336,100,99951,100,102486,100,99911,100,,,99904,100,,,99870,100,,,99852,100
2019-06-28 10:06:44.280804987,101670,385,101568,285,101708,100,100572,100,101719,100,99962,100,101737,100,99956,100,102057,100,99951,100,102336,100,99911,100,102486,100,99904,100,,,99870,100,,,99852,100,,,99717,100
2019-06-28 10:06:49.004804083,101670,385,101568,285,101708,100,101446,100,101719,100,100572,100,101737,100,99962,100,102057,100,99956,100,102336,100,99951,100,102486,100,99911,100,,,99904,100,,,99870,100,,,99852,100
2019-06-28 10:06:50.000000000,101670,385,101446,385,101708,100,100572,100,101719,100,99962,100,101737,100,99956,100,102057,100,99951,100,102336,100,99911,100,102486,100,99904,100,,,99870,100,,,99852,100,,,99717,100
2019-06-28 10:06:55.409189401,101670,385,101581,100,101708,100,101446,285,101719,100,100572,100,101737,100,99962,100,102057,100,99956,100,102336,100,99951,100,102486,100,99911,100,,,99904,100,,,99870,100,,,99852,100
2019-06-28 10:07:00.000000000,101670,197,101581,197,101708,194,100572,194,101719,194,99962,194,101737,100,99956,100,102057,100,99951,100,102336,100,99911,100,102486,100,99904,100,,,99870,100,,,99852,100,,,99717,100
2019-06-28 10:07:05.095561177,101670,197,101581,197,101708,194,101499,100,101719,194,100572,194,101737,100,99962,194,102057,100,99956,100,102336,100,99951,100,102486,100,99911,100,,,99904,100,,,99870,100,,,99852,100
2019-06-28 10:07:10.000000000,101670,242,101581,242,101708,242,101499,242,101719,100,100572,100,101737,100,99962,100,102057,100,99956,100,102336,100,99951,100,102486,100,99911,100,,,99904,100,,,99870,100,,,99852,100
2019-06-28 10:07:20.000000000,101670,385,101581,385,101708,100,101499,100,101719,100,100572,100,101737,100,99962,100,102057,100,99956,100,102336,100,99951,100,102486,100,99911,100,,,99904,100,,,99870,100,,,99852,100
2019-06-28 10:07:30.000000000,101670,171,101581,171,101708,171,101499,171,101719,171,100572,171,101737,171,99962,171,102057,100,99956,100,102336,100,99951,100,102486,100,99911,100,,,99904,100,,,99870,100,,,99852,100
2019-06-28 10:07:33.548977366,101659,100,101581,171,101670,171,101499,171,101708,171,100572,171,101719,171,99962,171,101737,171,99956,100,102057,100,99951,100,102336,100,99911,100,102486,100,99904,100,,,99870,100,,,99852,100
2019-06-28 10:07:34.217016065,101659,100,101581,171,101670,171,101569,100,101708,171,101499,171,101719,171,100572,171,101737,171,99962,171,102057,100,99956,100,102336,100,99951,100,102486,100,99911,100,,,99904,100,,,99870,100
2019-06-28 10:07:40.000000000,101659,197,101581,197,101670,194,101569,194,101708,194,101499,194,101719,100,100572,100,101737,100,99962,100,102057,100,99956,100,102336,100,99951,100,102486,100,99911,100,,,99904,100,,,99870,100
2019-06-28 10:07:50.000000000,101659,385,101581,385,101670,100,101569,100,101708,100,101499,100,101719,100,100572,100,101737,100,99962,100,102057,100,99956,100,102336,100,99951,100,102486,100,99911,100,,,99904,100,,,99870,100
2019-06-28 10:08:00.000000000,101659,197,101581,197,101670,194,101569,194,101708,194,101499,194,101719,100,100572,100,101737,100,99962,100,102057,100,99956,100,102336,100,99951,100,102486,100,99911,100,,,99904,100,,,99870,100
2019-06-28 10:08:02.564053599,101659,97,101581,197,101670,194,101569,194,101708,194,101499,194,101719,100,100572,100,101737,100,99962,100,102057,100,99956,100,102336,100,99951,100,102486,100,99911,100,,,99904,100,,,99870,100
2019-06-28 10:08:03.780474260,101658,100,101581,197,101659,97,101569,194,101670,194,101499,194,101708,194,100572,100,101719,100,99962,100,101737,100,99956,100,102057,100,99951,100,102336,100,99911,100,102486,100,99904,100,,,99870,100
2019-06-28 10:08:05.000139173,101658,100,101581,197,101659,97,101569,194,101670,194,101499,194,101708,194,99962,100,101719,100,99956,100,101737,100,99951,100,102057,100,99911,100,102336,100,99904,100,102486,100,99870,100,,,99852,100
2019-06-28 10:08:10.000000000,101658,171,101581,171,101670,171,101569,171,101708,171,101499,171,101719,171,99962,171,101737,100,99956,100,102057,100,99951,100,102336,100,99911,100,102486,100,99904,100,,,99870,100,,,99852,100
2019-06-28 10:08:15.375192038,101658,271,101581,171,101670,171,101569,171,101708,171,101499,171,101719,171,99962,171,101737,100,99956,100,102057,100,99951,100,102336,100,99911,100,102486,100,99904,100,,,99870,100,,,99852,100
2019-06-28 10:08:15.573415527,101658,371,101581,171,101670,171,101569,171,101708,171,101499,171,101719,171,99962,171,101737,100,99956,100,102057,100,99951,100,102336,100,99911,100,102486,100,99904,100,,,99870,100,,,99852,100
2019-06-28 10:08:20.000000000,101658,397,101581,197,101670,194,101569,194,101708,194,101499,194,101719,100,99962,100,101737,100,99956,100,102057,100,99951,100,102336,100,99911,100,102486,100,99904,100,,,99870,100,,,99852,100
2019-06-28 10:08:30.000000000,101658,585,101581,385,101670,100,101569,100,101708,100,101499,100,101719,100,99962,100,101737,100,99956,100,102057,100,99951,100,102336,100,99911,100,102486,100,99904,100,,,99870,100,,,99852,100
2019-06-28 10:08:40.000000000,101658,585,101581,385,101670,100,101569,100,101708,100,101499,100,101719,100,99962,100,101737,100,99956,100,102057,100,99951,100,102336,100,99911,100,102486,100,99904,100,,,99870,100,,,99852,100
2019-06-28 10:08:50.000000000,101658,585,101581,385,101670,100,101569,100,101708,100,101499,100,101719,100,99962,100,101737,100,99956,100,102057,100,99951,100,102336,100,99911,100,102486,100,99904,100,,,99870,100,,,99852,100
2019-06-28 10:09:00.000000000,101658,585,101581,385,101670,100,101569,100,101708,100,101499,100,101719,100,99962,100,101737,100,99956,100,102057,100,99951,100,102336,100,99911,100,102486,100,99904,100,,,99870,100,,,99852,100
2019-06-28 10:09:10.000000000,101658,371,101581,171,101670,171,101569,171,101708,171,101499,171,101719,171,99962,171,101737,100,99956,100,102057,100,99951,100,102336,100,99911,100,102486,100,99904,100,,,99870,100,,,99852,100
2019-06-28 10:09:19.846356031,101658,371,101581,71,101670,171,101569,171,101708,171,101499,171,101719,171,99962,171,101737,100,99956,100,102057,100,99951,100,102336,100,99911,100,102486,100,99904,100,,,99870,100,,,99852,100
2019-06-28 10:09:20.000000000,101658,585,101569,385,101670,100,101499,100,101708,100,99962,100,101719,100,99956,100,101737,100,99951,100,102057,100,99911,100,102336,100,99904,100,102486,100,99870,100,,,99852,100,,,99539,100
2019-06-28 10:09:30.000000000,101658,371,101569,171,101670,171,101499,171,101708,171,99962,171,101719,171,99956,171,101737,100,99951,100,102057,100,99911,100,102336,100,99904,100,102486,100,99870,100,,,99852,100,,,99539,100
2019-06-28 10:09:40.000000000,101658,397,101569,197,101670,194,101499,194,101708,194,99962,194,101719,100,99956,100,101737,100,99951,100,102057,100,99911,100,102336,100,99904,100,102486,100,99870,100,,,99852,100,,,99539,100
2019-06-28 10:09:50.000000000,101658,357,101569,157,101670,157,101499,157,101708,157,99962,157,101719,157,99956,157,101737,157,99951,157,102057,100,99911,100,102336,100,99904,100,102486,100,99870,100,,,99852,100,,,99539,100
2019-06-28 10:09:58.115263705,101658,357,101569,157,101670,157,101499,157,101708,157,99962,157,101719,157,99956,157,101737,157,99951,157,102057,100,99911,100,102336,100,99904,100,102486,100,99870,100,,,99539,100,,,99446,100
2019-06-28 10:10:00.000000000,101658,585,101569,385,101670,100,101499,100,101708,100,99962,100,101719,100,99956,100,101737,100,99951,100,102057,100,99911,100,102336,100,99904,100,102486,100,99870,100,,,99539,100,,,99446,100
2019-06-28 10:10:01.255587075,101658,585,101569,385,101670,100,101499,100,101708,100,99962,100,101719,100,99951,100,101737,100,99911,100,102057,100,99904,100,102336,100,99870,100,102486,100,99539,100,,,99446,100,,,99396,100
2019-06-28 10:10:10.000000000,101658,442,101569,242,101670,242,101499,242,101708,100,99962,100,101719,100,99951,100,101737,100,99911,100,102057,100,99904,100,102336,100,99870,100,102486,100,99539,100,,,99446,100,,,99396,100
2019-06-28 10:10:20.000000000,101658,357,101569,157,101670,157,101499,157,101708,157,99962,157,101719,157,99951,157,101737,157,99911,157,102057,100,99904,100,102336,100,99870,100,102486,100,99539,100,,,99446,100,,,99396,100
2019-06-28 10:10:30.000000000,101658,357,101569,157,101670,157,101499,157,101708,157,99962,157,101719,157,99951,157,101737,157,99911,157,102057,100,99904,100,102336,100,99870,100,102486,100,99539,100,,,99446,100,,,99396,100
2019-06-28 10:10:36.036531810,101657,100,101569,157,101658,257,101499,157,101670,157,99962,157,101708,157,99951,157,101719,157,99911,157,101737,157,99904,100,102057,100,99870,100,102336,100,99539,100,102486,100,99446,100,,,99396,100
2019-06-28 10:10:40.000000000,101657,385,101569,385,101658,200,101499,100,101670,100,99962,100,101708,100,99951,100,101719,100,99911,100,101737,100,99904,100,102057,100,99870,100,102336,100,99539,100,102486,100,99446,100,,,99396,100
2019-06-28 10:10:50.000000000,101657,157,101569,157,101658,257,101499,157,101670,157,99962,157,101708,157,99951,157,101719,157,99911,157,101737,100,99904,100,102057,100,99870,100,102336,100,99539,100,102486,100,99446,100,,,99396,100
2019-06-28 10:11:00.000000000,101657,385,101569,385,101658,200,101499,100,101670,100,99962,100,101708,100,99951,100,101719,100,99911,100,101737,100,99904,100,102057,100,99870,100,102336,100,99539,100,102486,100,99446,100,,,99396,100
