,ask_price_1,ask_size_1,bid_price_1,bid_size_1,ask_price_2,ask_size_2,bid_price_2,bid_size_2,ask_price_3,ask_size_3,bid_price_3,bid_size_3,ask_price_4,ask_size_4,bid_price_4,bid_size_4,ask_price_5,ask_size_5,bid_price_5,bid_size_5,ask_price_6,ask_size_6,bid_price_6,bid_size_6,ask_price_7,ask_size_7,bid_price_7,bid_size_7,ask_price_8,ask_size_8,bid_price_8,bid_size_8,ask_price_9,ask_size_9,bid_price_9,bid_size_9,ask_price_10,ask_size_10,bid_price_10,bid_size_10
2019-06-28 09:30:00.000000001,100046,100,,,,,,,,,,,,,,,,,,,,,,,,,,,,,,,,,,,,,,
2019-06-28 09:30:00.000000002,100046,100,100030,100,100055,100,,,,,,,,,,,,,,,,,,,,,,,,,,,,,,,,,,
2019-06-28 09:30:00.000000004,100033,100,100030,100,100046,100,,,100055,100,,,,,,,,,,,,,,,,,,,,,,,,,,,,,,
2019-06-28 09:30:00.000000005,100033,100,100030,100,100046,100,,,100054,100,,,100055,100,,,,,,,,,,,,,,,,,,,,,,,,,,
2019-06-28 09:30:00.000000007,100033,100,100030,100,100046,100,99892,100,100054,100,,,100055,100,,,100116,100,,,,,,,,,,,,,,,,,,,,,,
2019-06-28 09:30:00.000000010,100033,100,100030,100,100046,100,100024,100,100054,100,99907,100,100055,100,99892,100,100116,100,,,,,,,,,,,,,,,,,,,,,,
2019-06-28 09:30:00.000000016,100033,100,100024,100,100046,100,99907,100,100054,100,99892,100,100055,100,,,100090,100,,,100116,100,,,,,,,,,,,,,,,,,,
2019-06-28 09:30:00.000000017,100046,200,100024,100,100054,100,99907,100,100055,100,99892,100,100090,100,,,100116,100,,,,,,,,,,,,,,,,,,,,,,
2019-06-28 09:30:00.000000018,100046,200,100040,100,100054,100,100024,100,100055,100,99907,100,100090,100,99892,100,100116,100,,,,,,,,,,,,,,,,,,,,,,
2019-06-28 09:30:00.000000020,100046,200,100024,100,100054,100,99907,100,100055,100,99892,100,100090,100,,,100116,100,,,,,,,,,,,,,,,,,,,,,,
2019-06-28 09:30:00.000000022,100046,200,99924,100,100054,100,99907,100,100055,100,99892,100,100090,100,,,100116,100,,,,,,,,,,,,,,,,,,,,,,
2019-06-28 09:30:00.000000023,100046,200,99938,100,100054,100,99924,100,100055,100,99907,100,100090,100,99892,100,100116,100,,,,,,,,,,,,,,,,,,,,,,
2019-06-28 09:30:00.000000026,99998,100,99938,100,100046,200,99924,100,100054,100,99907,100,100055,100,99892,100,100090,100,,,100116,100,,,,,,,,,,,,,,,,,,
2019-06-28 09:30:00.000000032,99998,100,99938,100,100002,100,99924,100,100012,100,99907,100,100046,200,99892,100,100054,100,,,100055,100,,,100090,100,,,100116,100,,,,,,,,,,
2019-06-28 09:30:00.000000033,99998,100,99996,100,100002,100,99938,100,100012,100,99924,100,100046,200,99907,100,100054,100,99892,100,100055,100,,,100090,100,,,100116,100,,,,,,,,,,
2019-06-28 09:30:00.000000034,99998,100,99996,100,100002,100,99938,100,100012,100,99924,100,100046,200,99907,100,100054,100,99892,100,100055,100,,,100063,100,,,100090,100,,,100116,100,,,,,,
2019-06-28 09:30:00.000000036,99998,100,99996,100,100002,100,99938,100,100012,100,99924,100,100046,200,99921,100,100054,100,99907,100,100055,100,99892,100,100063,100,,,100090,100,,,100116,100,,,,,,
2019-06-28 09:30:00.000000040,99998,100,99996,100,100002,100,99953,100,100012,100,99938,100,100046,200,99924,100,100054,100,99921,100,100055,100,99907,100,100063,100,99892,100,100090,100,,,100116,100,,,,,,
2019-06-28 09:30:00.000000041,99998,100,99996,100,100002,100,99953,100,100012,100,99938,100,100040,100,99924,100,100046,200,99921,100,100054,100,99907,100,100055,100,99892,100,100063,100,,,100090,100,,,100116,100,,
2019-06-28 09:30:00.000000042,99998,100,99953,100,100002,100,99938,100,100012,100,99924,100,100040,100,99921,100,100046,200,99907,100,100054,100,99892,100,100055,100,,,100063,100,,,100090,100,,,100116,100,,
2019-06-28 09:30:00.000000044,99998,100,99953,100,100002,100,99938,100,100012,100,99934,100,100040,100,99924,100,100046,200,99921,100,100054,100,99907,100,100055,100,99892,100,100063,100,,,100090,100,,,100116,100,,
2019-06-28 09:30:00.000000048,99998,100,99953,100,100002,100,99938,100,100012,100,99934,100,100040,100,99924,100,100046,200,99921,100,100054,100,99907,100,100055,100,99892,100,100063,100,,,100090,100,,,100116,100,,
2019-06-28 09:30:00.000000052,99998,100,99953,100,100002,100,99938,100,100012,100,99934,100,100024,100,99924,100,100040,100,99921,100,100046,200,99907,100,100054,100,99892,100,100055,100,,,100063,100,,,100090,100,,
2019-06-28 09:30:00.000000053,99997,100,99953,100,99998,100,99938,100,100002,100,99934,100,100012,100,99924,100,100024,100,99921,100,100040,100,99907,100,100046,200,99892,100,100054,100,,,100055,100,,,100063,100,,
2019-06-28 09:30:00.000000054,99997,100,99953,100,99998,100,99938,100,100002,100,99934,100,100012,100,99924,100,100024,100,99921,100,100040,200,99907,100,100046,200,99892,100,100054,100,,,100055,100,,,100063,100,,
2019-06-28 09:30:00.000000057,99997,100,99996,100,99998,100,99953,100,100002,100,99938,100,100012,100,99934,100,100024,100,99924,100,100040,200,99921,100,100046,200,99907,100,100054,100,99892,100,100055,100,,,100063,100,,
2019-06-28 09:30:00.000000061,99997,100,99996,100,99998,100,99980,100,100002,100,99953,100,100012,100,99947,100,100024,100,99938,100,100040,200,99934,100,100046,200,99924,100,100054,100,99921,100,100055,100,99907,100,100063,100,99892,100
2019-06-28 09:30:00.000000062,99997,100,99996,100,99998,100,99980,100,100002,100,99953,100,100007,100,99947,100,100012,100,99938,100,100024,100,99934,100,100040,200,99924,100,100046,200,99921,100,100054,100,99907,100,100055,100,99892,100
2019-06-28 09:30:00.000000064,99997,100,99996,200,99998,100,99980,100,100002,100,99953,100,100007,100,99947,100,100012,100,99938,100,100024,100,99934,100,100040,200,99924,100,100046,200,99921,100,100054,100,99907,100,100055,100,99892,100
2019-06-28 09:30:00.000000065,99997,100,99996,200,99998,100,99980,100,100002,100,99959,100,100007,100,99953,100,100012,100,99947,100,100024,100,99938,100,100040,200,99934,100,100046,200,99924,100,100054,100,99921,100,100055,100,99907,100
2019-06-28 09:30:00.000000067,99997,100,99996,200,99998,100,99980,100,100002,100,99959,100,100007,100,99953,100,100012,100,99947,100,100024,100,99938,100,100040,200,99934,100,100046,200,99924,100,100054,100,99921,100,100055,100,99907,100
2019-06-28 09:30:00.000000068,99997,100,99996,200,99998,100,99980,100,100002,100,99959,100,100007,100,99953,100,100012,100,99947,100,100024,100,99938,100,100040,200,99934,100,100046,200,99929,100,100054,100,99924,100,100055,100,99921,100
2019-06-28 09:30:00.000000069,99997,100,99996,200,99998,100,99980,100,100002,100,99959,100,100007,100,99953,100,100012,100,99947,100,100024,100,99938,100,100040,200,99934,100,100046,200,99929,100,100052,100,99924,100,100054,100,99921,100
2019-06-28 09:30:00.000000071,99997,100,99996,200,99998,100,99980,100,100002,100,99959,100,100007,100,99953,100,100012,100,99947,100,100024,200,99938,100,100040,200,99934,100,100046,200,99929,100,100052,100,99924,100,100054,100,99921,100
2019-06-28 09:30:00.000000072,99997,200,99996,200,99998,100,99980,100,100002,100,99959,100,100007,100,99953,100,100012,100,99947,100,100024,200,99938,100,100040,200,99934,100,100046,200,99929,100,100052,100,99924,100,100054,100,99921,100
2019-06-28 09:30:00.000000081,99997,200,99996,200,99998,100,99980,100,100002,100,99961,100,100007,100,99959,100,100012,100,99953,100,100024,200,99947,100,100040,200,99938,100,100046,200,99934,100,100052,100,99929,100,100054,100,99924,100
2019-06-28 09:30:00.000000082,99997,200,99996,100,99998,100,99980,100,100002,100,99961,100,100007,100,99959,100,100012,100,99953,100,100024,200,99947,100,100040,200,99938,100,100046,200,99934,100,100052,100,99929,100,100054,100,99924,100
2019-06-28 09:30:00.000000083,99997,200,99996,100,99998,100,99980,100,100002,100,99961,100,100007,100,99959,100,100012,100,99953,100,100024,200,99947,100,100040,200,99938,100,100046,200,99934,100,100052,100,99929,100,100054,100,99924,100
2019-06-28 09:30:00.000000084,99997,100,99996,100,99998,100,99980,100,100002,100,99961,100,100007,100,99959,100,100012,100,99953,100,100024,200,99947,100,100040,200,99938,100,100046,200,99934,100,100052,100,99929,100,100054,100,99924,100
2019-06-28 09:30:00.000000088,99997,100,99980,100,99998,100,99961,100,100002,100,99959,100,100007,100,99953,100,100012,100,99947,100,100024,200,99938,100,100040,200,99934,100,100046,200,99929,100,100052,100,99924,100,100054,100,99921,100
2019-06-28 09:30:00.000000089,99997,100,99980,100,99998,100,99961,100,100002,100,99959,100,100007,100,99953,100,100012,100,99947,100,100024,200,99938,100,100040,200,99934,100,100046,200,99929,100,100052,100,99924,100,100054,100,99921,100
2019-06-28 09:30:00.000000092,99997,100,99980,100,99998,100,99961,100,100002,100,99959,100,100007,100,99953,100,100012,100,99947,100,100024,200,99938,100,100040,200,99934,100,100046,200,99929,100,100052,100,99924,100,100054,100,99921,100
2019-06-28 09:30:00.000000095,99998,100,99980,100,100002,100,99961,100,100007,100,99959,100,100012,100,99953,100,100024,200,99947,100,100040,200,99938,100,100046,200,99934,100,100052,100,99929,100,100054,100,99924,100,100055,100,99921,100
2019-06-28 09:30:00.000000096,99998,100,99980,100,100002,100,99961,100,100007,100,99959,100,100012,100,99953,100,100024,200,99947,100,100040,200,99938,100,100046,200,99934,100,100052,100,99929,100,100054,100,99924,100,100055,100,99921,100
2019-06-28 09:30:00.000000097,99998,100,99996,100,100002,100,99991,100,100007,100,99980,100,100012,100,99961,100,100024,200,99959,100,100040,200,99953,100,100046,200,99947,100,100052,100,99938,100,100054,100,99934,100,100055,100,99929,100
2019-06-28 09:30:00.000000099,99998,100,99996,100,100002,100,99991,100,100007,200,99980,100,100012,100,99961,100,100024,200,99959,100,100040,200,99953,100,100046,200,99947,100,100052,100,99938,100,100054,100,99934,100,100055,100,99929,100
2019-06-28 09:30:04.276583644,99997,100,99996,100,99998,100,99991,100,100002,100,99980,100,100007,200,99961,100,100012,100,99959,100,100024,100,99953,100,100040,200,99947,100,100046,200,99938,100,100052,100,99934,100,100054,100,99929,100
2019-06-28 09:30:10.000000000,99997,206,99996,206,99998,203,99991,203,100002,203,99980,203,100007,200,99961,100,100012,100,99959,100,100024,100,99953,100,100040,200,99947,100,100046,200,99938,100,100052,100,99934,100,100054,100,99929,100
2019-06-28 09:30:20.000000000,99997,412,99996,412,99998,100,99991,100,100002,100,99980,100,100007,200,99961,100,100012,100,99959,100,100024,100,99953,100,100040,200,99947,100,100046,200,99938,100,100052,100,99934,100,100054,100,99929,100
2019-06-28 09:30:30.000000000,99997,162,99996,162,99998,162,99991,162,100002,162,99980,162,100007,262,99961,162,100012,162,99959,162,100024,100,99953,100,100040,200,99947,100,100046,200,99938,100,100052,100,99934,100,100054,100,99929,100
2019-06-28 09:30:40.000000000,99997,178,99996,178,99998,178,99991,178,100002,178,99980,178,100007,278,99961,178,100012,100,99959,100,100024,100,99953,100,100040,200,99947,100,100046,200,99938,100,100052,100,99934,100,100054,100,99929,100
2019-06-28 09:30:40.830188724,99997,178,99996,278,99998,178,99991,178,100002,178,99980,178,100007,278,99961,178,100012,100,99959,100,100024,100,99953,100,100040,200,99947,100,100046,200,99938,100,100052,100,99934,100,100054,100,99929,100
2019-06-28 09:30:50.000000000,99997,256,99996,356,99998,256,99991,256,100002,100,99980,100,100007,200,99961,100,100012,100,99959,100,100024,100,99953,100,100040,200,99947,100,100046,200,99938,100,100052,100,99934,100,100054,100,99929,100
2019-06-28 09:31:00.000000000,99997,178,99996,278,99998,178,99991,178,100002,178,99980,178,100007,278,99961,178,100012,100,99959,100,100024,100,99953,100,100040,200,99947,100,100046,200,99938,100,100052,100,99934,100,100054,100,99929,100
2019-06-28 09:31:10.000000000,99997,256,99996,356,99998,256,99991,256,100002,100,99980,100,100007,200,99961,100,100012,100,99959,100,100024,100,99953,100,100040,200,99947,100,100046,200,99938,100,100052,100,99934,100,100054,100,99929,100
2019-06-28 09:31:20.000000000,99997,178,99996,278,99998,178,99991,178,100002,178,99980,178,100007,278,99961,178,100012,100,99959,100,100024,100,99953,100,100040,200,99947,100,100046,200,99938,100,100052,100,99934,100,100054,100,99929,100
2019-06-28 09:31:30.000000000,99997,178,99996,278,99998,178,99991,178,100002,178,99980,178,100007,278,99961,178,100012,100,99959,100,100024,100,99953,100,100040,200,99947,100,100046,200,99938,100,100052,100,99934,100,100054,100,99929,100
2019-06-28 09:31:39.756905423,99997,178,99996,278,99998,178,99991,178,100002,178,99980,178,100007,278,99961,178,100012,100,99959,100,100024,100,99953,100,100040,200,99947,100,100046,200,99938,100,100052,100,99934,100,100054,100,99929,100
2019-06-28 09:31:40.000000000,99997,178,99996,278,99998,178,99991,178,100002,178,99980,178,100007,278,99961,178,100012,100,99959,100,100024,100,99953,100,100040,200,99947,100,100046,200,99938,100,100052,100,99934,100,100054,100,99929,100
2019-06-28 09:31:50.000000000,99997,178,99996,278,99998,178,99991,178,100002,178,99980,178,100007,278,99961,178,100012,100,99959,100,100024,100,99953,100,100040,200,99947,100,100046,200,99938,100,100052,100,99934,100,100054,100,99929,100
2019-06-28 09:31:57.906018647,99997,178,99996,278,99998,178,99991,178,100002,178,99980,178,100007,278,99961,78,100012,100,99959,100,100024,100,99953,100,100040,200,99947,100,100046,200,99938,100,100052,100,99934,100,100054,100,99929,100
2019-06-28 09:31:59.113913225,99997,178,99996,278,99998,178,99991,178,100002,178,99980,178,100007,278,99961,78,100012,100,99959,100,100024,100,99953,100,100040,200,99947,100,100046,200,99934,100,100052,100,99929,100,100054,100,99924,100
2019-06-28 09:32:00.000000000,99997,412,99996,512,99998,100,99991,100,100002,100,99980,100,100007,200,99959,100,100012,100,99953,100,100024,100,99947,100,100040,200,99934,100,100046,200,99929,100,100052,100,99924,100,100054,100,99921,100
2019-06-28 09:32:10.000000000,99997,256,99996,356,99998,256,99991,256,100002,100,99980,100,100007,200,99959,100,100012,100,99953,100,100024,100,99947,100,100040,200,99934,100,100046,200,99929,100,100052,100,99924,100,100054,100,99921,100
2019-06-28 09:32:10.898879768,99997,256,99996,456,99998,256,99991,256,100002,100,99980,100,100007,200,99959,100,100012,100,99953,100,100024,100,99947,100,100040,200,99934,100,100046,200,99929,100,100052,100,99924,100,100054,100,99921,100
2019-06-28 09:32:20.000000000,99997,178,99996,378,99998,178,99991,178,100002,178,99980,178,100007,278,99959,178,100012,100,99953,100,100024,100,99947,100,100040,200,99934,100,100046,200,99929,100,100052,100,99924,100,100054,100,99921,100
2019-06-28 09:32:21.566603730,99997,78,99996,378,99998,178,99991,178,100002,178,99980,178,100007,278,99959,178,100012,100,99953,100,100024,100,99947,100,100040,200,99934,100,100046,200,99929,100,100052,100,99924,100,100054,100,99921,100
2019-06-28 09:32:29.151245327,99998,178,99997,22,100002,178,99996,378,100007,278,99991,178,100012,100,99980,178,100024,100,99959,178,100040,200,99953,100,100046,200,99947,100,100052,100,99934,100,100054,100,99929,100,100055,100,99924,100
2019-06-28 09:32:30.000000000,99998,256,99997,178,100002,256,99996,456,100007,200,99991,100,100012,100,99980,100,100024,100,99959,100,100040,200,99953,100,100046,200,99947,100,100052,100,99934,100,100054,100,99929,100,100055,100,99924,100
2019-06-28 09:32:30.285507767,99998,156,99997,178,100002,256,99996,456,100007,200,99991,100,100012,100,99980,100,100024,100,99959,100,100040,100,99953,100,100046,200,99947,100,100052,100,99934,100,100054,100,99929,100,100055,100,99924,100
2019-06-28 09:32:34.476569211,99998,56,99997,178,100002,256,99996,456,100007,100,99991,100,100012,100,99980,100,100024,100,99959,100,100040,100,99953,100,100046,200,99947,100,100052,100,99934,100,100054,100,99929,100,100055,100,99924,100
2019-06-28 09:32:40.000000000,100002,256,99997,178,100007,256,99996,456,100012,100,99991,100,100024,100,99980,100,100040,100,99959,100,100046,200,99953,100,100052,100,99947,100,100054,100,99934,100,100055,100,99929,100,100061,100,99924,100
2019-06-28 09:32:50.000000000,100002,178,99997,100,100007,178,99996,378,100012,178,99991,178,100024,178,99980,178,100040,100,99959,100,100046,200,99953,100,100052,100,99947,100,100054,100,99934,100,100055,100,99929,100,100061,100,99924,100
2019-06-28 09:32:53.695714206,100002,178,99998,100,100007,178,99997,100,100012,178,99996,378,100024,178,99991,178,100040,100,99980,178,100046,100,99959,100,100052,100,99953,100,100054,100,99947,100,100055,100,99934,100,100061,100,99929,100
2019-06-28 09:33:00.000000000,100002,162,99998,162,100007,162,99997,84,100012,162,99996,362,100024,162,99991,162,100040,162,99980,162,100046,100,99959,100,100052,100,99953,100,100054,100,99947,100,100055,100,99934,100,100061,100,99929,100
2019-06-28 09:33:10.000000000,100002,412,99998,412,100007,100,99997,22,100012,100,99996,300,100024,100,99991,100,100040,100,99980,100,100046,100,99959,100,100052,100,99953,100,100054,100,99947,100,100055,100,99934,100,100061,100,99929,100
2019-06-28 09:33:20.000000000,100002,412,99998,412,100007,100,99997,22,100012,100,99996,300,100024,100,99991,100,100040,100,99980,100,100046,100,99959,100,100052,100,99953,100,100054,100,99947,100,100055,100,99934,100,100061,100,99929,100
2019-06-28 09:33:27.517137345,100002,212,99998,412,100007,100,99997,22,100012,100,99996,300,100024,100,99991,100,100040,100,99980,100,100046,100,99959,100,100052,100,99953,100,100054,100,99947,100,100055,100,99934,100,100061,100,99929,100
2019-06-28 09:33:30.000000000,100007,178,99998,178,100012,178,99997,100,100024,178,99996,378,100040,178,99991,178,100046,100,99980,100,100052,100,99959,100,100054,100,99953,100,100055,100,99947,100,100061,100,99934,100,100063,100,99929,100
2019-06-28 09:33:40.000000000,100007,256,99998,256,100012,256,99997,178,100024,100,99996,300,100040,100,99991,100,100046,100,99980,100,100052,100,99959,100,100054,100,99953,100,100055,100,99947,100,100061,100,99934,100,100063,100,99929,100
2019-06-28 09:33:47.407695861,100007,256,99998,256,100012,256,99997,178,100024,100,99996,300,100040,100,99991,100,100046,100,99980,100,100052,100,99959,100,100054,100,99953,100,100055,100,99947,100,100061,100,99934,100,100063,100,99929,100
2019-06-28 09:33:50.000000000,100007,206,99998,206,100012,203,99997,125,100024,203,99996,403,100040,100,99991,100,100046,100,99980,100,100052,100,99959,100,100054,100,99953,100,100055,100,99947,100,100061,100,99934,100,100063,100,99929,100
2019-06-28 09:34:00.000000000,100007,162,99998,162,100012,162,99997,84,100024,162,99996,362,100040,162,99991,162,100046,162,99980,162,100052,100,99959,100,100054,100,99953,100,100055,100,99947,100,100061,100,99934,100,100063,100,99929,100
2019-06-28 09:34:10.000000000,100007,162,99998,162,100012,162,99997,84,100024,162,99996,362,100040,162,99991,162,100046,162,99980,162,100052,100,99959,100,100054,100,99953,100,100055,100,99947,100,100061,100,99934,100,100063,100,99929,100
2019-06-28 09:34:20.000000000,100007,178,99998,178,100012,178,99997,100,100024,178,99996,378,100040,178,99991,178,100046,100,99980,100,100052,100,99959,100,100054,100,99953,100,100055,100,99947,100,100061,100,99934,100,100063,100,99929,100
2019-06-28 09:34:23.203111462,100007,78,99998,178,100012,178,99997,100,100024,178,99996,378,100040,178,99991,178,100046,100,99980,100,100052,100,99959,100,100054,100,99953,100,100055,100,99947,100,100061,100,99934,100,100063,100,99929,100
2019-06-28 09:34:30.000000000,100012,412,99998,412,100024,100,99997,22,100040,100,99996,300,100046,100,99991,100,100052,100,99980,100,100054,100,99959,100,100055,100,99953,100,100061,100,99947,100,100063,100,99934,100,100072,100,99929,100
2019-06-28 09:34:40.000000000,100012,178,99998,178,100024,178,99997,100,100040,178,99996,378,100046,178,99991,178,100052,100,99980,100,100054,100,99959,100,100055,100,99953,100,100061,100,99947,100,100063,100,99934,100,100072,100,99929,100
2019-06-28 09:34:50.000000000,100012,206,99998,206,100024,203,99997,125,100040,203,99996,403,100046,100,99991,100,100052,100,99980,100,100054,100,99959,100,100055,100,99953,100,100061,100,99947,100,100063,100,99934,100,100072,100,99929,100
2019-06-28 09:34:50.435218669,100012,206,99998,206,100024,203,99997,125,100040,203,99996,403,100046,100,99991,100,100052,100,99980,100,100054,100,99959,100,100055,100,99953,100,100061,100,99947,100,100063,100,99934,100,100072,100,99929,100
2019-06-28 09:35:00.000000000,100012,412,99998,412,100024,100,99997,22,100040,100,99996,300,100046,100,99991,100,100052,100,99980,100,100054,100,99959,100,100055,100,99953,100,100061,100,99947,100,100063,100,99934,100,100072,100,99929,100
2019-06-28 09:35:02.678476437,100012,212,99998,412,100024,100,99997,22,100040,100,99996,300,100046,100,99991,100,100052,100,99980,100,100054,100,99959,100,100055,100,99953,100,100061,100,99947,100,100063,100,99934,100,100072,100,99929,100
2019-06-28 09:35:10.000000000,100024,256,99998,256,100040,256,99997,178,100046,100,99996,300,100052,100,99991,100,100054,100,99980,100,100055,100,99959,100,100061,100,99953,100,100063,100,99947,100,100072,100,99934,100,100073,100,99929,100
2019-06-28 09:35:20.000000000,100024,162,99998,162,100040,162,99997,84,100046,162,99996,362,100052,162,99991,162,100054,162,99980,162,100055,100,99959,100,100061,100,99953,100,100063,100,99947,100,100072,100,99934,100,100073,100,99929,100
2019-06-28 09:35:23.473236060,100024,162,99998,162,100040,162,99997,84,100046,162,99996,362,100052,162,99991,162,100054,162,99980,162,100055,100,99959,100,100061,100,99953,100,100063,100,99947,100,100072,100,99934,100,100073,100,99929,100
2019-06-28 09:35:30.000000000,100024,178,99998,178,100040,178,99997,100,100046,178,99996,378,100052,178,99991,178,100054,100,99980,100,100055,100,99959,100,100061,100,99953,100,100063,100,99947,100,100072,100,99934,100,100073,100,99929,100
2019-06-28 09:35:40.000000000,100024,256,99998,256,100040,256,99997,178,100046,100,99996,300,100052,100,99991,100,100054,100,99980,100,100055,100,99959,100,100061,100,99953,100,100063,100,99947,100,100072,100,99934,100,100073,100,99929,100
2019-06-28 09:35:50.000000000,100024,162,99998,162,100040,162,99997,84,100046,162,99996,362,100052,162,99991,162,100054,162,99980,162,100055,100,99959,100,100061,100,99953,100,100063,100,99947,100,100072,100,99934,100,100073,100,99929,100
2019-06-28 09:36:00.000000000,100024,206,99998,206,100040,203,99997,125,100046,203,99996,403,100052,100,99991,100,100054,100,99980,100,100055,100,99959,100,100061,100,99953,100,100063,100,99947,100,100072,100,99934,100,100073,100,99929,100
2019-06-28 09:36:10.000000000,100024,206,99998,206,100040,203,99997,125,100046,203,99996,403,100052,100,99991,100,100054,100,99980,100,100055,100,99959,100,100061,100,99953,100,100063,100,99947,100,100072,100,99934,100,100073,100,99929,100
2019-06-28 09:36:10.244258610,100024,206,99998,206,100040,203,99997,125,100046,203,99996,403,100052,100,99994,100,100054,100,99991,100,100055,100,99980,100,100061,100,99959,100,100063,100,99953,100,100072,100,99947,100,100073,100,99934,100
2019-06-28 09:36:20.000000000,100024,162,99998,162,100040,162,99997,84,100046,162,99996,362,100052,162,99994,162,100054,162,99991,162,100055,100,99980,100,100061,100,99959,100,100063,100,99953,100,100072,100,99947,100,100073,100,99934,100
2019-06-28 09:36:28.382449840,100024,162,99998,162,100040,162,99997,84,100046,162,99996,362,100052,162,99994,162,100054,162,99991,162,100055,100,99980,100,100061,100,99959,100,100063,100,99953,100,100072,100,99947,100,100073,100,99934,100
2019-06-28 09:36:30.000000000,100024,162,99998,162,100040,162,99997,84,100046,162,99996,362,100052,162,99994,162,100054,162,99991,162,100055,100,99980,100,100061,100,99959,100,100063,100,99953,100,100072,100,99947,100,100073,100,99934,100
2019-06-28 09:36:40.000000000,100024,412,99998,412,100040,100,99997,22,100046,100,99996,300,100052,100,99994,100,100054,100,99991,100,100055,100,99980,100,100061,100,99959,100,100063,100,99953,100,100072,100,99947,100,100073,100,99934,100
2019-06-28 09:36:50.000000000,100024,162,99998,162,100040,162,99997,84,100046,162,99996,362,100052,162,99994,162,100054,162,99991,162,100055,100,99980,100,100061,100,99959,100,100063,100,99953,100,100072,100,99947,100,100073,100,99934,100
2019-06-28 09:37:00.000000000,100024,412,99998,412,100040,100,99997,22,100046,100,99996,300,100052,100,99994,100,100054,100,99991,100,100055,100,99980,100,100061,100,99959,100,100063,100,99953,100,100072,100,99947,100,100073,100,99934,100
2019-06-28 09:37:09.843034992,100024,412,100007,100,100040,100,99998,412,100046,100,99997,22,100052,100,99996,200,100054,100,99994,100,100055,100,99991,100,100061,100,99980,100,100063,100,99959,100,100072,100,99953,100,100073,100,99947,100
2019-06-28 09:37:10.000000000,100024,162,100007,162,100040,162,99998,162,100046,162,99997,84,100052,162,99996,262,100054,162,99994,162,100055,100,99991,100,100061,100,99980,100,100063,100,99959,100,100072,100,99953,100,100073,100,99947,100
2019-06-28 09:37:13.501571149,100024,62,100007,162,100040,162,99998,162,100046,162,99997,84,100052,162,99996,262,100054,162,99994,162,100055,100,99991,100,100061,100,99980,100,100063,100,99959,100,100072,100,99953,100,100073,100,99947,100
2019-06-28 09:37:18.388399580,100024,62,100007,162,100040,162,99998,162,100046,162,99997,84,100052,162,99996,262,100054,162,99994,162,100055,100,99991,100,100061,100,99980,100,100063,100,99959,100,100072,100,99953,100,100073,100,99947,100
2019-06-28 09:37:19.630764589,100040,162,100024,38,100046,162,100007,162,100052,162,99998,162,100054,162,99997,84,100055,100,99996,262,100061,100,99994,162,100063,100,99991,100,100073,100,99980,100,100077,100,99959,100,100090,100,99953,100
2019-06-28 09:37:20.000000000,100040,412,100024,350,100046,100,100007,100,100052,100,99998,100,100054,100,99997,22,100055,100,99996,200,100061,100,99994,100,100063,100,99991,100,100073,100,99980,100,100077,100,99959,100,100090,100,99953,100
2019-06-28 09:37:30.000000000,100040,412,100024,350,100046,100,100007,100,100052,100,99998,100,100054,100,99997,22,100055,100,99996,200,100061,100,99994,100,100063,100,99991,100,100073,100,99980,100,100077,100,99959,100,100090,100,99953,100
2019-06-28 09:37:40.000000000,100040,162,100024,100,100046,162,100007,162,100052,162,99998,162,100054,162,99997,84,100055,162,99996,262,100061,100,99994,100,100063,100,99991,100,100073,100,99980,100,100077,100,99959,100,100090,100,99953,100
2019-06-28 09:37:50.000000000,100040,412,100024,350,100046,100,100007,100,100052,100,99998,100,100054,100,99997,22,100055,100,99996,200,100061,100,99994,100,100063,100,99991,100,100073,100,99980,100,100077,100,99959,100,100090,100,99953,100
2019-06-28 09:37:51.030053940,100040,312,100024,350,100046,100,100007,100,100052,100,99998,100,100054,100,99997,22,100055,100,99996,200,100061,100,99994,100,100063,100,99991,100,100077,100,99980,100,100090,100,99959,100,100103,100,99953,100
2019-06-28 09:38:00.000000000,100046,178,100024,116,100052,178,100007,178,100054,178,99998,178,100055,178,99997,100,100061,100,99996,200,100063,100,99994,100,100077,100,99991,100,100090,100,99980,100,100103,100,99959,100,100109,100,99953,100
2019-06-28 09:38:03.743266218,100046,178,100024,116,100052,178,100007,178,100054,178,99998,178,100055,178,99997,100,100061,100,99996,200,100063,100,99994,100,100077,100,99991,100,100090,100,99980,100,100103,100,99959,100,100109,100,99953,100
2019-06-28 09:38:10.000000000,100046,206,100024,144,100052,203,100007,203,100054,203,99998,203,100055,100,99997,22,100061,100,99996,200,100063,100,99994,100,100077,100,99991,100,100090,100,99980,100,100103,100,99959,100,100109,100,99953,100
2019-06-28 09:38:20.000000000,100046,412,100024,350,100052,100,100007,100,100054,100,99998,100,100055,100,99997,22,100061,100,99996,200,100063,100,99994,100,100077,100,99991,100,100090,100,99980,100,100103,100,99959,100,100109,100,99953,100
2019-06-28 09:38:22.525780786,100046,412,100024,350,100052,100,100007,100,100054,100,99998,100,100055,100,99997,22,100061,100,99996,200,100063,100,99994,100,100077,200,99991,100,100090,100,99980,100,100103,100,99959,100,100109,100,99953,100
2019-06-28 09:38:27.153957174,100046,412,100024,350,100052,100,100007,100,100054,100,99997,22,100055,100,99996,200,100061,100,99994,100,100063,100,99991,100,100077,200,99980,100,100090,100,99959,100,100103,100,99953,100,100109,100,99947,100
2019-06-28 09:38:30.000000000,100046,412,100024,350,100052,100,100007,100,100054,100,99997,22,100055,100,99996,200,100061,100,99994,100,100063,100,99991,100,100077,200,99980,100,100090,100,99959,100,100103,100,99953,100,100109,100,99947,100
2019-06-28 09:38:36.183645376,100046,312,100024,350,100052,100,100007,100,100054,100,99997,22,100055,100,99996,200,100061,100,99994,100,100063,100,99991,100,100077,200,99980,100,100090,100,99959,100,100103,100,99953,100,100109,100,99947,100
2019-06-28 09:38:40.000000000,100052,178,100024,116,100054,178,100007,178,100055,178,99997,100,100061,178,99996,278,100063,100,99994,100,100077,200,99991,100,100090,100,99980,100,100103,100,99959,100,100109,100,99953,100,100111,100,99947,100
2019-06-28 09:38:50.000000000,100052,162,100024,100,100054,162,100007,162,100055,162,99997,84,100061,162,99996,262,100063,162,99994,162,100077,200,99991,100,100090,100,99980,100,100103,100,99959,100,100109,100,99953,100,100111,100,99947,100
2019-06-28 09:39:00.000000000,100052,162,100024,100,100054,162,100007,162,100055,162,99997,84,100061,162,99996,262,100063,162,99994,162,100077,200,99991,100,100090,100,99980,100,100103,100,99959,100,100109,100,99953,100,100111,100,99947,100
2019-06-28 09:39:10.000000000,100052,178,100024,116,100054,178,100007,178,100055,178,99997,100,100061,178,99996,278,100063,100,99994,100,100077,200,99991,100,100090,100,99980,100,100103,100,99959,100,100109,100,99953,100,100111,100,99947,100
2019-06-28 09:39:20.000000000,100052,178,100024,116,100054,178,100007,178,100055,178,99997,100,100061,178,99996,278,100063,100,99994,100,100077,200,99991,100,100090,100,99980,100,100103,100,99959,100,100109,100,99953,100,100111,100,99947,100
2019-06-28 09:39:22.992019300,100052,178,100024,116,100054,178,100007,178,100055,178,99997,100,100061,178,99996,278,100063,100,99994,100,100077,200,99991,100,100090,100,99980,100,100103,100,99959,100,100109,100,99953,100,100111,100,99947,100
2019-06-28 09:39:30.000000000,100052,206,100024,144,100054,203,100007,203,100055,203,99997,125,100061,100,99996,200,100063,100,99994,100,100077,200,99991,100,100090,100,99980,100,100103,100,99959,100,100109,100,99953,100,100111,100,99947,100
2019-06-28 09:39:40.000000000,100052,162,100024,100,100054,162,100007,162,100055,162,99997,84,100061,162,99996,262,100063,162,99994,162,100077,200,99991,100,100090,100,99980,100,100103,100,99959,100,100109,100,99953,100,100111,100,99947,100
2019-06-28 09:39:49.225208038,100052,162,100024,100,100054,162,100007,162,100055,162,99997,84,100061,162,99996,262,100063,162,99994,162,100077,200,99991,100,100090,100,99980,100,100103,100,99959,100,100109,100,99953,100,100111,100,99947,100
2019-06-28 09:39:50.000000000,100052,206,100024,144,100054,203,100007,203,100055,203,99997,125,100061,100,99996,200,100063,100,99994,100,100077,200,99991,100,100090,100,99980,100,100103,100,99959,100,100109,100,99953,100,100111,100,99947,100
2019-06-28 09:39:55.508476056,100052,206,100024,144,100054,203,100007,203,100055,203,99997,125,100061,100,99996,200,100063,100,99994,100,100077,200,99991,100,100090,100,99980,100,100103,100,99959,100,100109,100,99953,100,100111,100,99947,100
2019-06-28 09:40:00.000000000,100052,256,100024,194,100054,256,100007,256,100055,100,99997,22,100061,100,99996,200,100063,100,99994,100,100077,200,99991,100,100090,100,99980,100,100103,100,99959,100,100109,100,99953,100,100111,100,99947,100
2019-06-28 09:40:10.000000000,100052,162,100024,100,100054,162,100007,162,100055,162,99997,84,100061,162,99996,262,100063,162,99994,162,100077,200,99991,100,100090,100,99980,100,100103,100,99959,100,100109,100,99953,100,100111,100,99947,100
2019-06-28 09:40:16.635455396,100052,162,100024,100,100054,162,100007,162,100055,162,99997,84,100061,162,99996,262,100063,162,99994,162,100077,200,99991,100,100103,100,99980,100,100109,100,99959,100,100111,100,99953,100,100127,100,99947,100
2019-06-28 09:40:20.000000000,100052,178,100024,116,100054,178,100007,178,100055,178,99997,100,100061,178,99996,278,100063,100,99994,100,100077,200,99991,100,100103,100,99980,100,100109,100,99959,100,100111,100,99953,100,100127,100,99947,100
2019-06-28 09:40:30.000000000,100052,162,100024,100,100054,162,100007,162,100055,162,99997,84,100061,162,99996,262,100063,162,99994,162,100077,200,99991,100,100103,100,99980,100,100109,100,99959,100,100111,100,99953,100,100127,100,99947,100
2019-06-28 09:40:40.000000000,100052,178,100024,116,100054,178,100007,178,100055,178,99997,100,100061,178,99996,278,100063,100,99994,100,100077,200,99991,100,100103,100,99980,100,100109,100,99959,100,100111,100,99953,100,100127,100,99947,100
2019-06-28 09:40:41.286057014,100052,178,100040,100,100054,178,100024,116,100055,178,100007,178,100061,178,99997,100,100063,100,99996,278,100077,200,99994,100,100103,100,99991,100,100109,100,99980,100,100111,100,99959,100,100127,100,99953,100
2019-06-28 09:40:50.000000000,100052,412,100040,412,100054,100,100024,38,100055,100,100007,100,100061,100,99997,22,100063,100,99996,200,100077,200,99994,100,100103,100,99991,100,100109,100,99980,100,100111,100,99959,100,100127,100,99953,100
2019-06-28 09:40:50.061338676,100052,412,100040,412,100054,100,100024,38,100055,100,100007,100,100061,100,99997,22,100063,100,99996,200,100077,200,99994,100,100103,100,99991,100,100109,100,99980,100,100111,100,99959,100,100127,100,99953,100
2019-06-28 09:40:54.602753312,100052,412,100040,412,100054,100,100024,38,100061,100,100007,100,100063,100,99997,22,100077,200,99996,200,100103,100,99994,100,100109,100,99991,100,100111,100,99980,100,100127,100,99959,100,100130,100,99953,100
2019-06-28 09:41:00.000000000,100052,206,100040,206,100054,203,100024,141,100061,203,100007,203,100063,100,99997,22,100077,200,99996,200,100103,100,99994,100,100109,100,99991,100,100111,100,99980,100,100127,100,99959,100,100130,100,99953,100
2019-06-28 09:41:00.525966887,100052,206,100040,206,100054,203,100024,141,100061,203,100007,203,100063,100,99997,22,100077,200,99996,200,100103,100,99994,100,100109,100,99991,100,100111,100,99980,100,100127,100,99959,100,100130,100,99953,100
2019-06-28 09:41:10.000000000,100052,178,100040,178,100054,178,100024,116,100061,178,100007,178,100063,178,99997,100,100077,200,99996,200,100103,100,99994,100,100109,100,99991,100,100111,100,99980,100,100127,100,99959,100,100130,100,99953,100
2019-06-28 09:41:20.000000000,100052,256,100040,256,100054,256,100024,194,100061,100,100007,100,100063,100,99997,22,100077,200,99996,200,100103,100,99994,100,100109,100,99991,100,100111,100,99980,100,100127,100,99959,100,100130,100,99953,100
2019-06-28 09:41:25.590460645,100052,156,100040,256,100054,256,100024,156,100061,100,100007,100,100063,100,99997,22,100077,200,99996,200,100103,100,99994,100,100109,100,99991,100,100111,100,99980,100,100127,100,99959,100,100130,100,99953,100
2019-06-28 09:41:30.000000000,100054,206,100040,206,100061,203,100007,203,100063,203,99997,125,100077,200,99996,200,100103,100,99994,100,100109,100,99991,100,100111,100,99980,100,100127,100,99959,100,100130,100,99953,100,100137,100,99934,100
2019-06-28 09:41:40.000000000,100054,178,100040,178,100061,178,100007,178,100063,178,99997,100,100077,278,99996,278,100103,100,99994,100,100109,100,99991,100,100111,100,99980,100,100127,100,99959,100,100130,100,99953,100,100137,100,99934,100
2019-06-28 09:41:50.000000000,100054,412,100040,412,100061,100,100007,100,100063,100,99997,22,100077,200,99996,200,100103,100,99994,100,100109,100,99991,100,100111,100,99980,100,100127,100,99959,100,100130,100,99953,100,100137,100,99934,100
2019-06-28 09:42:00.000000000,100054,412,100040,412,100061,100,100007,100,100063,100,99997,22,100077,200,99996,200,100103,100,99994,100,100109,100,99991,100,100111,100,99980,100,100127,100,99959,100,100130,100,99953,100,100137,100,99934,100
2019-06-28 09:42:10.000000000,100054,178,100040,178,100061,178,100007,178,100063,178,99997,100,100077,278,99996,278,100103,100,99994,100,100109,100,99991,100,100111,100,99980,100,100127,100,99959,100,100130,100,99953,100,100137,100,99934,100
2019-06-28 09:42:17.460471183,100054,178,100040,178,100061,178,100007,178,100063,178,99997,100,100077,278,99996,278,100103,100,99994,100,100109,100,99991,100,100111,100,99980,100,100127,100,99959,100,100130,100,99953,100,100137,100,99934,100
2019-06-28 09:42:20.000000000,100054,206,100040,206,100061,203,100007,203,100063,203,99997,125,100077,200,99996,200,100103,100,99994,100,100109,100,99991,100,100111,100,99980,100,100127,100,99959,100,100130,100,99953,100,100137,100,99934,100
2019-06-28 09:42:30.000000000,100054,256,100040,256,100061,256,100007,256,100063,100,99997,22,100077,200,99996,200,100103,100,99994,100,100109,100,99991,100,100111,100,99980,100,100127,100,99959,100,100130,100,99953,100,100137,100,99934,100
2019-06-28 09:42:30.169250016,100054,256,100040,256,100061,156,100007,256,100063,100,99997,22,100077,200,99996,200,100103,100,99994,100,100109,100,99991,100,100111,100,99980,100,100127,100,99959,100,100130,100,99953,100,100137,100,99934,100
2019-06-28 09:42:32.120739538,100054,256,100046,100,100061,156,100040,256,100063,100,100007,256,100077,200,99997,22,100103,100,99996,100,100109,100,99994,100,100111,100,99991,100,100127,100,99980,100,100130,100,99959,100,100137,100,99953,100
2019-06-28 09:42:32.270380360,100054,256,100046,100,100061,156,100040,256,100063,100,100007,256,100077,200,99997,22,100103,100,99996,100,100109,100,99994,100,100111,100,99991,100,100127,100,99980,100,100130,100,99959,100,100137,100,99934,100
2019-06-28 09:42:40.000000000,100054,162,100046,162,100063,162,100040,162,100077,262,100007,162,100103,162,99997,84,100109,162,99996,162,100111,100,99994,100,100127,100,99991,100,100130,100,99980,100,100137,100,99959,100,100155,100,99934,100
2019-06-28 09:42:50.000000000,100054,178,100046,178,100063,178,100040,178,100077,278,100007,178,100103,178,99997,100,100109,100,99996,100,100111,100,99994,100,100127,100,99991,100,100130,100,99980,100,100137,100,99959,100,100155,100,99934,100
2019-06-28 09:42:51.327939346,100054,178,100046,278,100063,178,100040,178,100077,278,100007,178,100103,178,99997,100,100109,100,99996,100,100111,100,99994,100,100127,100,99991,100,100130,100,99980,100,100137,100,99959,100,100155,100,99934,100
2019-06-28 09:43:00.000000000,100054,162,100046,262,100063,162,100040,162,100077,262,100007,162,100103,162,99997,84,100109,162,99996,162,100111,100,99994,100,100127,100,99991,100,100130,100,99980,100,100137,100,99959,100,100155,100,99934,100
2019-06-28 09:43:01.623481661,100054,162,100046,262,100063,162,100040,162,100077,262,100007,162,100103,162,99997,84,100109,162,99996,162,100111,100,99994,100,100127,100,99991,100,100130,100,99980,100,100137,100,99959,100,100155,100,99934,100
2019-06-28 09:43:02.122849937,100054,162,100046,362,100063,162,100040,162,100077,262,100007,162,100103,162,99997,84,100109,162,99996,162,100111,100,99994,100,100127,100,99991,100,100130,100,99980,100,100137,100,99959,100,100155,100,99934,100
2019-06-28 09:43:07.210660070,100054,162,100046,362,100063,162,100040,162,100077,262,100007,162,100103,162,99997,84,100109,162,99996,162,100111,100,99994,100,100127,100,99991,100,100130,100,99980,100,100137,100,99959,100,100155,100,99934,100
2019-06-28 09:43:07.404146307,100054,162,100046,362,100063,162,100040,162,100077,262,100007,62,100103,162,99997,84,100109,162,99996,162,100111,100,99994,100,100127,100,99991,100,100130,100,99980,100,100137,100,99959,100,100155,100,99934,100
2019-06-28 09:43:10.000000000,100054,162,100046,362,100063,162,100040,162,100077,262,99997,84,100103,162,99996,162,100109,162,99994,162,100111,100,99991,100,100127,100,99980,100,100130,100,99959,100,100137,100,99934,100,100155,100,99921,100
2019-06-28 09:43:13.594725373,100054,162,100046,462,100063,162,100040,162,100077,262,99997,84,100103,162,99996,162,100109,162,99994,162,100111,100,99991,100,100127,100,99980,100,100130,100,99959,100,100137,100,99934,100,100155,100,99921,100
2019-06-28 09:43:20.000000000,100054,178,100046,478,100063,178,100040,178,100077,278,99997,100,100103,178,99996,178,100109,100,99994,100,100111,100,99991,100,100127,100,99980,100,100130,100,99959,100,100137,100,99934,100,100155,100,99921,100
2019-06-28 09:43:24.693577949,100054,178,100046,478,100063,178,100040,178,100077,278,99997,100,100103,178,99996,178,100109,100,99994,100,100111,100,99991,100,100127,100,99980,100,100130,100,99959,100,100137,100,99934,100,100155,100,99921,100
2019-06-28 09:43:30.000000000,100054,206,100046,506,100063,203,100040,203,100077,303,99997,125,100103,100,99996,100,100109,100,99994,100,100111,100,99991,100,100127,100,99980,100,100130,100,99959,100,100137,100,99934,100,100155,100,99921,100
2019-06-28 09:43:40.000000000,100054,162,100046,462,100063,162,100040,162,100077,262,99997,84,100103,162,99996,162,100109,162,99994,162,100111,100,99991,100,100127,100,99980,100,100130,100,99959,100,100137,100,99934,100,100155,100,99921,100
2019-06-28 09:43:50.000000000,100054,412,100046,712,100063,100,100040,100,100077,200,99997,22,100103,100,99996,100,100109,100,99994,100,100111,100,99991,100,100127,100,99980,100,100130,100,99959,100,100137,100,99934,100,100155,100,99921,100
2019-06-28 09:44:00.000000000,100054,256,100046,556,100063,256,100040,256,100077,200,99997,22,100103,100,99996,100,100109,100,99994,100,100111,100,99991,100,100127,100,99980,100,100130,100,99959,100,100137,100,99934,100,100155,100,99921,100
2019-06-28 09:44:10.000000000,100054,162,100046,462,100063,162,100040,162,100077,262,99997,84,100103,162,99996,162,100109,162,99994,162,100111,100,99991,100,100127,100,99980,100,100130,100,99959,100,100137,100,99934,100,100155,100,99921,100
2019-06-28 09:44:10.256916398,100054,62,100046,462,100063,162,100040,162,100077,262,99997,84,100103,162,99996,162,100109,162,99994,162,100111,100,99991,100,100127,100,99980,100,100130,100,99959,100,100137,100,99934,100,100155,100,99921,100
2019-06-28 09:44:20.000000000,100063,256,100046,556,100077,356,100040,256,100103,100,99997,22,100109,100,99996,100,100111,100,99994,100,100127,100,99991,100,100130,100,99980,100,100137,100,99959,100,100155,100,99934,100,100251,100,99921,100
2019-06-28 09:44:30.000000000,100063,178,100046,478,100077,278,100040,178,100103,178,99997,100,100109,178,99996,178,100111,100,99994,100,100127,100,99991,100,100130,100,99980,100,100137,100,99959,100,100155,100,99934,100,100251,100,99921,100
2019-06-28 09:44:40.000000000,100063,162,100046,462,100077,262,100040,162,100103,162,99997,84,100109,162,99996,162,100111,162,99994,162,100127,100,99991,100,100130,100,99980,100,100137,100,99959,100,100155,100,99934,100,100251,100,99921,100
2019-06-28 09:44:50.000000000,100063,206,100046,506,100077,303,100040,203,100103,203,99997,125,100109,100,99996,100,100111,100,99994,100,100127,100,99991,100,100130,100,99980,100,100137,100,99959,100,100155,100,99934,100,100251,100,99921,100
2019-06-28 09:45:00.000000000,100063,206,100046,506,100077,303,100040,203,100103,203,99997,125,100109,100,99996,100,100111,100,99994,100,100127,100,99991,100,100130,100,99980,100,100137,100,99959,100,100155,100,99934,100,100251,100,99921,100
2019-06-28 09:45:02.637550376,100063,106,100046,506,100077,303,100040,203,100103,203,99997,125,100109,100,99996,100,100111,100,99994,100,100127,100,99991,100,100130,100,99980,100,100137,100,99959,100,100155,100,99934,100,100251,100,99921,100
2019-06-28 09:45:10.000000000,100077,278,100046,478,100103,178,100040,178,100109,178,99997,100,100111,178,99996,178,100127,100,99994,100,100130,100,99991,100,100137,100,99980,100,100155,100,99959,100,100251,100,99934,100,100304,100,99921,100
2019-06-28 09:45:20.000000000,100077,306,100046,506,100103,203,100040,203,100109,203,99997,125,100111,100,99996,100,100127,100,99994,100,100130,100,99991,100,100137,100,99980,100,100155,100,99959,100,100251,100,99934,100,100304,100,99921,100
2019-06-28 09:45:30.000000000,100077,512,100046,712,100103,100,100040,100,100109,100,99997,22,100111,100,99996,100,100127,100,99994,100,100130,100,99991,100,100137,100,99980,100,100155,100,99959,100,100251,100,99934,100,100304,100,99921,100
2019-06-28 09:45:40.000000000,100077,356,100046,556,100103,256,100040,256,100109,100,99997,22,100111,100,99996,100,100127,100,99994,100,100130,100,99991,100,100137,100,99980,100,100155,100,99959,100,100251,100,99934,100,100304,100,99921,100
2019-06-28 09:45:40.201239959,100077,356,100054,100,100103,256,100046,556,100109,100,100040,256,100111,100,99997,22,100127,100,99996,100,100130,100,99994,100,100137,100,99991,100,100155,100,99980,100,100251,100,99959,100,100304,100,99934,100
2019-06-28 09:45:47.678371010,100077,256,100054,100,100103,256,100046,556,100109,100,100040,256,100111,100,99997,22,100127,100,99996,100,100130,100,99994,100,100137,100,99991,100,100155,100,99980,100,100251,100,99959,100,100304,100,99934,100
2019-06-28 09:45:50.000000000,100077,256,100054,256,100103,256,100046,556,100109,100,100040,100,100111,100,99997,22,100127,100,99996,100,100130,100,99994,100,100137,100,99991,100,100155,100,99980,100,100251,100,99959,100,100304,100,99934,100
2019-06-28 09:45:50.364193601,100077,256,100054,256,100103,256,100046,556,100109,100,100040,100,100111,100,99997,22,100127,100,99996,100,100130,100,99994,100,100137,100,99991,100,100155,100,99980,100,100251,100,99959,100,100304,100,99934,100
2019-06-28 09:46:00.000000000,100077,412,100054,412,100103,100,100046,400,100109,100,100040,100,100111,100,99997,22,100127,100,99996,100,100130,100,99994,100,100137,100,99991,100,100155,100,99980,100,100251,100,99959,100,100304,100,99934,100
2019-06-28 09:46:09.990673281,100077,312,100054,412,100103,100,100046,400,100109,100,100040,100,100111,100,99997,22,100127,100,99996,100,100130,100,99994,100,100137,100,99991,100,100155,100,99980,100,100251,100,99959,100,100304,100,99934,100
2019-06-28 09:46:10.000000000,100103,162,100054,162,100109,162,100046,462,100111,162,100040,162,100127,162,99997,84,100130,162,99996,162,100137,100,99994,100,100155,100,99991,100,100251,100,99980,100,100304,100,99959,100,100386,100,99934,100
2019-06-28 09:46:20.000000000,100103,256,100054,256,100109,256,100046,556,100111,100,100040,100,100127,100,99997,22,100130,100,99996,100,100137,100,99994,100,100155,100,99991,100,100251,100,99980,100,100304,100,99959,100,100386,100,99934,100
2019-06-28 09:46:30.000000000,100103,412,100054,412,100109,100,100046,400,100111,100,100040,100,100127,100,99997,22,100130,100,99996,100,100137,100,99994,100,100155,100,99991,100,100251,100,99980,100,100304,100,99959,100,100386,100,99934,100
2019-06-28 09:46:40.000000000,100103,412,100054,412,100109,100,100046,400,100111,100,100040,100,100127,100,99997,22,100130,100,99996,100,100137,100,99994,100,100155,100,99991,100,100251,100,99980,100,100304,100,99959,100,100386,100,99934,100
2019-06-28 09:46:44.267371403,100103,412,100077,100,100109,100,100054,412,100111,100,100046,400,100127,100,100040,100,100130,100,99997,22,100137,100,99996,100,100155,100,99994,100,100251,100,99991,100,100304,100,99980,100,100386,100,99959,100
2019-06-28 09:46:47.991302518,100103,312,100077,100,100109,100,100054,412,100111,100,100046,400,100127,100,100040,100,100130,100,99997,22,100137,100,99996,100,100155,100,99994,100,100251,100,99991,100,100304,100,99980,100,100386,100,99959,100
2019-06-28 09:46:50.000000000,100109,256,100077,256,100111,256,100054,256,100127,100,100046,400,100130,100,100040,100,100137,100,99997,22,100155,100,99996,100,100251,100,99994,100,100304,100,99991,100,100386,100,99980,100,100433,100,99959,100
2019-06-28 09:46:55.961249631,100109,256,100077,256,100111,256,100054,256,100127,100,100046,400,100130,100,100040,100,100137,100,99997,22,100155,100,99996,100,100251,100,99994,100,100304,100,99991,100,100386,100,99980,100,100433,100,99959,100
2019-06-28 09:47:00.000000000,100109,412,100077,412,100111,100,100054,100,100127,100,100046,400,100130,100,100040,100,100137,100,99997,22,100155,100,99996,100,100251,100,99994,100,100304,100,99991,100,100386,100,99980,100,100433,100,99959,100
2019-06-28 09:47:10.000000000,100109,256,100077,256,100111,256,100054,256,100127,100,100046,400,100130,100,100040,100,100137,100,99997,22,100155,100,99996,100,100251,100,99994,100,100304,100,99991,100,100386,100,99980,100,100433,100,99959,100
2019-06-28 09:47:20.000000000,100109,256,100077,256,100111,256,100054,256,100127,100,100046,400,100130,100,100040,100,100137,100,99997,22,100155,100,99996,100,100251,100,99994,100,100304,100,99991,100,100386,100,99980,100,100433,100,99959,100
2019-06-28 09:47:30.000000000,100109,256,100077,256,100111,256,100054,256,100127,100,100046,400,100130,100,100040,100,100137,100,99997,22,100155,100,99996,100,100251,100,99994,100,100304,100,99991,100,100386,100,99980,100,100433,100,99959,100
2019-06-28 09:47:35.784066383,100109,256,100077,256,100111,256,100054,256,100127,100,100046,400,100130,100,100040,100,100137,100,99997,22,100155,100,99996,100,100251,100,99994,100,100304,100,99991,100,100386,100,99980,100,100433,100,99959,100
2019-06-28 09:47:40.000000000,100109,206,100077,206,100111,203,100054,203,100127,203,100046,503,100130,100,100040,100,100137,100,99997,22,100155,100,99996,100,100251,100,99994,100,100304,100,99991,100,100386,100,99980,100,100433,100,99959,100
2019-06-28 09:47:50.000000000,100109,162,100077,162,100111,162,100054,162,100127,162,100046,462,100130,162,100040,162,100137,162,99997,84,100155,100,99996,100,100251,100,99994,100,100304,100,99991,100,100386,100,99980,100,100433,100,99959,100
2019-06-28 09:48:00.000000000,100109,178,100077,178,100111,178,100054,178,100127,178,100046,478,100130,178,100040,178,100137,100,99997,22,100155,100,99996,100,100251,100,99994,100,100304,100,99991,100,100386,100,99980,100,100433,100,99959,100
2019-06-28 09:48:10.000000000,100109,162,100077,162,100111,162,100054,162,100127,162,100046,462,100130,162,100040,162,100137,162,99997,84,100155,100,99996,100,100251,100,99994,100,100304,100,99991,100,100386,100,99980,100,100433,100,99959,100
2019-06-28 09:48:20.000000000,100109,178,100077,178,100111,178,100054,178,100127,178,100046,478,100130,178,100040,178,100137,100,99997,22,100155,100,99996,100,100251,100,99994,100,100304,100,99991,100,100386,100,99980,100,100433,100,99959,100
2019-06-28 09:48:25.206081132,100109,178,100077,178,100111,178,100054,178,100127,178,100046,478,100130,178,100040,178,100137,100,99997,22,100155,100,99996,100,100234,100,99994,100,100251,100,99991,100,100304,100,99980,100,100386,100,99959,100
2019-06-28 09:48:30.000000000,100109,256,100077,256,100111,256,100054,256,100127,100,100046,400,100130,100,100040,100,100137,100,99997,22,100155,100,99996,100,100234,100,99994,100,100251,100,99991,100,100304,100,99980,100,100386,100,99959,100
2019-06-28 09:48:34.102325150,100109,156,100077,256,100111,256,100054,256,100127,100,100046,400,100130,100,100040,100,100137,100,99997,22,100155,100,99996,100,100234,100,99994,100,100251,100,99991,100,100304,100,99980,100,100386,100,99959,100
2019-06-28 09:48:40.000000000,100111,206,100077,206,100127,203,100054,203,100130,203,100046,503,100137,100,100040,100,100155,100,99997,22,100234,100,99996,100,100251,100,99994,100,100304,100,99991,100,100386,100,99980,100,100433,100,99959,100
2019-06-28 09:48:40.446609356,100108,100,100077,206,100111,206,100054,203,100127,203,100046,503,100130,203,100040,100,100137,100,99997,22,100155,100,99996,100,100234,100,99994,100,100251,100,99991,100,100304,100,99980,100,100386,100,99959,100
2019-06-28 09:48:50.000000000,100108,256,100077,256,100111,256,100054,256,100127,100,100046,400,100130,100,100040,100,100137,100,99997,22,100155,100,99996,100,100234,100,99994,100,100251,100,99991,100,100304,100,99980,100,100386,100,99959,100
2019-06-28 09:49:00.000000000,100108,206,100077,206,100111,203,100054,203,100127,203,100046,503,100130,100,100040,100,100137,100,99997,22,100155,100,99996,100,100234,100,99994,100,100251,100,99991,100,100304,100,99980,100,100386,100,99959,100
2019-06-28 09:49:10.000000000,100108,178,100077,178,100111,178,100054,178,100127,178,100046,478,100130,178,100040,178,100137,100,99997,22,100155,100,99996,100,100234,100,99994,100,100251,100,99991,100,100304,100,99980,100,100386,100,99959,100
2019-06-28 09:49:13.575194165,100108,178,100077,78,100111,178,100054,178,100127,178,100046,478,100130,178,100040,178,100137,100,99997,22,100155,100,99996,100,100234,100,99994,100,100251,100,99991,100,100304,100,99980,100,100386,100,99959,100
2019-06-28 09:49:15.907811253,100108,178,100077,78,100111,178,100054,178,100127,178,100046,478,100130,178,100040,178,100137,100,100027,100,100155,100,99997,22,100234,100,99996,100,100251,100,99991,100,100304,100,99980,100,100386,100,99959,100
2019-06-28 09:49:20.000000000,100108,162,100054,162,100111,162,100046,462,100127,162,100040,162,100130,162,100027,162,100137,162,99997,84,100155,100,99996,100,100234,100,99991,100,100251,100,99980,100,100304,100,99959,100,100386,100,99934,100
2019-06-28 09:49:30.000000000,100108,206,100054,206,100111,203,100046,503,100127,203,100040,203,100130,100,100027,100,100137,100,99997,22,100155,100,99996,100,100234,100,99991,100,100251,100,99980,100,100304,100,99959,100,100386,100,99934,100
2019-06-28 09:49:40.000000000,100108,412,100054,412,100111,100,100046,400,100127,100,100040,100,100130,100,100027,100,100137,100,99997,22,100155,100,99996,100,100234,100,99991,100,100251,100,99980,100,100304,100,99959,100,100386,100,99934,100
2019-06-28 09:49:50.000000000,100108,178,100054,178,100111,178,100046,478,100127,178,100040,178,100130,178,100027,178,100137,100,99997,22,100155,100,99996,100,100234,100,99991,100,100251,100,99980,100,100304,100,99959,100,100386,100,99934,100
2019-06-28 09:50:00.000000000,100108,178,100054,178,100111,178,100046,478,100127,178,100040,178,100130,178,100027,178,100137,100,99997,22,100155,100,99996,100,100234,100,99991,100,100251,100,99980,100,100304,100,99959,100,100386,100,99934,100
2019-06-28 09:50:10.000000000,100108,178,100054,178,100111,178,100046,478,100127,178,100040,178,100130,178,100027,178,100137,100,99997,22,100155,100,99996,100,100234,100,99991,100,100251,100,99980,100,100304,100,99959,100,100386,100,99934,100
2019-06-28 09:50:16.587839469,100108,178,100054,178,100111,178,100046,478,100127,178,100040,178,100130,178,100027,178,100137,100,99997,22,100155,100,99996,100,100234,100,99991,100,100251,100,99980,100,100304,100,99959,100,100386,100,99934,100
2019-06-28 09:50:20.000000000,100108,162,100054,162,100111,162,100046,462,100127,162,100040,162,100130,162,100027,162,100137,162,99997,84,100155,100,99996,100,100234,100,99991,100,100251,100,99980,100,100304,100,99959,100,100386,100,99934,100
2019-06-28 09:50:27.926411058,100108,162,100054,162,100111,162,100046,362,100127,162,100040,162,100130,162,100027,162,100137,162,99997,84,100155,100,99996,100,100234,100,99991,100,100251,100,99980,100,100304,100,99959,100,100386,100,99934,100
2019-06-28 09:50:30.000000000,100108,412,100054,412,100111,100,100046,300,100127,100,100040,100,100130,100,100027,100,100137,100,99997,22,100155,100,99996,100,100234,100,99991,100,100251,100,99980,100,100304,100,99959,100,100386,100,99934,100
2019-06-28 09:50:33.446236659,100108,412,100054,312,100111,100,100046,300,100127,100,100040,100,100130,100,100027,100,100137,100,99997,22,100155,100,99996,100,100234,100,99991,100,100251,100,99980,100,100304,100,99959,100,100386,100,99934,100
2019-06-28 09:50:40.000000000,100108,412,100046,612,100111,100,100040,100,100127,100,100027,100,100130,100,99997,22,100137,100,99996,100,100155,100,99991,100,100234,100,99980,100,100251,100,99959,100,100304,100,99934,100,100386,100,99915,100
2019-06-28 09:50:44.154379256,100108,412,100046,512,100111,100,100040,100,100127,100,100027,100,100130,100,99997,22,100137,100,99996,100,100155,100,99991,100,100251,100,99980,100,100304,100,99959,100,100386,100,99934,100,100433,100,99915,100
2019-06-28 09:50:46.132932307,100108,412,100046,512,100111,100,100040,100,100127,100,100027,100,100130,100,99997,22,100132,100,99996,100,100137,100,99991,100,100155,100,99980,100,100251,100,99959,100,100304,100,99934,100,100386,100,99915,100
2019-06-28 09:50:50.000000000,100108,256,100046,356,100111,256,100040,256,100127,100,100027,100,100130,100,99997,22,100132,100,99996,100,100137,100,99991,100,100155,100,99980,100,100251,100,99959,100,100304,100,99934,100,100386,100,99915,100
2019-06-28 09:51:00.000000000,100108,206,100046,306,100111,203,100040,203,100127,203,100027,203,100130,100,99997,22,100132,100,99996,100,100137,100,99991,100,100155,100,99980,100,100251,100,99959,100,100304,100,99934,100,100386,100,99915,100
2019-06-28 09:51:10.000000000,100108,412,100046,512,100111,100,100040,100,100127,100,100027,100,100130,100,99997,22,100132,100,99996,100,100137,100,99991,100,100155,100,99980,100,100251,100,99959,100,100304,100,99934,100,100386,100,99915,100
2019-06-28 09:51:20.000000000,100108,256,100046,356,100111,256,100040,256,100127,100,100027,100,100130,100,99997,22,100132,100,99996,100,100137,100,99991,100,100155,100,99980,100,100251,100,99959,100,100304,100,99934,100,100386,100,99915,100
2019-06-28 09:51:30.000000000,100108,178,100046,278,100111,178,100040,178,100127,178,100027,178,100130,178,99997,100,100132,100,99996,100,100137,100,99991,100,100155,100,99980,100,100251,100,99959,100,100304,100,99934,100,100386,100,99915,100
2019-06-28 09:51:39.629333934,100108,178,100046,278,100111,178,100040,178,100127,178,100027,178,100130,178,99997,78,100132,100,99996,100,100137,100,99991,100,100155,100,99980,100,100251,100,99959,100,100304,100,99934,100,100386,100,99915,100
2019-06-28 09:51:40.000000000,100108,412,100046,512,100111,100,100040,100,100127,100,100027,100,100130,100,99996,100,100132,100,99991,100,100137,100,99980,100,100155,100,99959,100,100251,100,99934,100,100304,100,99915,100,100386,100,99913,100
2019-06-28 09:51:45.938878482,100108,412,100046,512,100127,100,100040,100,100130,100,100027,100,100132,100,99996,100,100137,100,99991,100,100155,100,99980,100,100251,100,99959,100,100304,100,99934,100,100386,100,99915,100,100433,100,99913,100
2019-06-28 09:51:50.000000000,100108,256,100046,356,100127,256,100040,256,100130,100,100027,100,100132,100,99996,100,100137,100,99991,100,100155,100,99980,100,100251,100,99959,100,100304,100,99934,100,100386,100,99915,100,100433,100,99913,100
2019-06-28 09:51:52.995734541,100054,100,100046,356,100108,256,100040,256,100127,256,100027,100,100130,100,99996,100,100132,100,99991,100,100137,100,99980,100,100155,100,99959,100,100251,100,99934,100,100304,100,99915,100,100386,100,99913,100
2019-06-28 09:51:58.232625077,100054,100,100046,356,100108,256,100040,256,100127,256,100027,100,100130,100,99996,100,100132,100,99991,100,100137,100,99980,100,100155,100,99959,100,100251,100,99915,100,100304,100,99913,100,100386,100,99888,100
2019-06-28 09:52:00.000000000,100054,162,100046,262,100108,162,100040,162,100127,162,100027,162,100130,162,99996,162,100132,162,99991,162,100137,100,99980,100,100155,100,99959,100,100251,100,99915,100,100304,100,99913,100,100386,100,99888,100
2019-06-28 09:52:02.973160355,100054,162,100046,162,100108,162,100040,162,100127,162,100027,162,100130,162,99996,162,100132,162,99991,162,100137,100,99980,100,100155,100,99959,100,100251,100,99915,100,100304,100,99913,100,100386,100,99888,100
2019-06-28 09:52:10.000000000,100054,412,100046,412,100108,100,100040,100,100127,100,100027,100,100130,100,99996,100,100132,100,99991,100,100137,100,99980,100,100155,100,99959,100,100251,100,99915,100,100304,100,99913,100,100386,100,99888,100
2019-06-28 09:52:10.007231318,100054,412,100046,312,100108,100,100040,100,100127,100,100027,100,100130,100,99996,100,100132,100,99991,100,100137,100,99980,100,100155,100,99959,100,100251,100,99915,100,100304,100,99913,100,100386,100,99888,100
2019-06-28 09:52:20.000000000,100054,412,100040,412,100108,100,100027,100,100127,100,99996,100,100130,100,99991,100,100132,100,99980,100,100137,100,99959,100,100155,100,99915,100,100251,100,99913,100,100304,100,99888,100,100386,100,99853,100
2019-06-28 09:52:30.000000000,100054,162,100040,162,100108,162,100027,162,100127,162,99996,162,100130,162,99991,162,100132,162,99980,162,100137,100,99959,100,100155,100,99915,100,100251,100,99913,100,100304,100,99888,100,100386,100,99853,100
2019-06-28 09:52:40.000000000,100054,256,100040,256,100108,256,100027,256,100127,100,99996,100,100130,100,99991,100,100132,100,99980,100,100137,100,99959,100,100155,100,99915,100,100251,100,99913,100,100304,100,99888,100,100386,100,99853,100
2019-06-28 09:52:50.000000000,100054,206,100040,206,100108,203,100027,203,100127,203,99996,203,100130,100,99991,100,100132,100,99980,100,100137,100,99959,100,100155,100,99915,100,100251,100,99913,100,100304,100,99888,100,100386,100,99853,100
2019-06-28 09:53:00.000000000,100054,256,100040,256,100108,256,100027,256,100127,100,99996,100,100130,100,99991,100,100132,100,99980,100,100137,100,99959,100,100155,100,99915,100,100251,100,99913,100,100304,100,99888,100,100386,100,99853,100
2019-06-28 09:53:10.000000000,100054,162,100040,162,100108,162,100027,162,100127,162,99996,162,100130,162,99991,162,100132,162,99980,162,100137,100,99959,100,100155,100,99915,100,100251,100,99913,100,100304,100,99888,100,100386,100,99853,100
2019-06-28 09:53:20.000000000,100054,412,100040,412,100108,100,100027,100,100127,100,99996,100,100130,100,99991,100,100132,100,99980,100,100137,100,99959,100,100155,100,99915,100,100251,100,99913,100,100304,100,99888,100,100386,100,99853,100
2019-06-28 09:53:26.686393270,100054,412,100040,412,100108,100,100027,100,100127,100,99996,100,100130,100,99991,100,100132,100,99980,100,100137,100,99959,100,100155,100,99915,100,100251,100,99913,100,100265,100,99888,100,100304,100,99853,100
2019-06-28 09:53:28.610108402,100054,412,100040,412,100108,100,100027,100,100127,100,100021,100,100130,100,99996,100,100132,100,99991,100,100137,100,99980,100,100155,100,99959,100,100251,100,99915,100,100304,100,99913,100,100386,100,99888,100
2019-06-28 09:53:30.000000000,100054,412,100040,412,100108,100,100027,100,100127,100,100021,100,100130,100,99996,100,100132,100,99991,100,100137,100,99980,100,100155,100,99959,100,100251,100,99915,100,100304,100,99913,100,100386,100,99888,100
2019-06-28 09:53:40.000000000,100054,162,100040,162,100108,162,100027,162,100127,162,100021,162,100130,162,99996,162,100132,162,99991,162,100137,100,99980,100,100155,100,99959,100,100251,100,99915,100,100304,100,99913,100,100386,100,99888,100
2019-06-28 09:53:50.000000000,100054,162,100040,162,100108,162,100027,162,100127,162,100021,162,100130,162,99996,162,100132,162,99991,162,100137,100,99980,100,100155,100,99959,100,100251,100,99915,100,100304,100,99913,100,100386,100,99888,100
2019-06-28 09:54:00.000000000,100054,412,100040,412,100108,100,100027,100,100127,100,100021,100,100130,100,99996,100,100132,100,99991,100,100137,100,99980,100,100155,100,99959,100,100251,100,99915,100,100304,100,99913,100,100386,100,99888,100
2019-06-28 09:54:10.000000000,100054,206,100040,206,100108,203,100027,203,100127,203,100021,203,100130,100,99996,100,100132,100,99991,100,100137,100,99980,100,100155,100,99959,100,100251,100,99915,100,100304,100,99913,100,100386,100,99888,100
2019-06-28 09:54:20.000000000,100054,412,100040,412,100108,100,100027,100,100127,100,100021,100,100130,100,99996,100,100132,100,99991,100,100137,100,99980,100,100155,100,99959,100,100251,100,99915,100,100304,100,99913,100,100386,100,99888,100
2019-06-28 09:54:30.000000000,100054,256,100040,256,100108,256,100027,256,100127,100,100021,100,100130,100,99996,100,100132,100,99991,100,100137,100,99980,100,100155,100,99959,100,100251,100,99915,100,100304,100,99913,100,100386,100,99888,100
2019-06-28 09:54:36.937367850,100054,156,100040,256,100108,256,100027,256,100127,100,100021,100,100130,100,99996,100,100132,100,99991,100,100137,100,99980,100,100155,100,99959,100,100251,100,99915,100,100304,100,99913,100,100386,100,99888,100
2019-06-28 09:54:37.078566893,100054,156,100047,100,100108,256,100040,256,100127,100,100027,256,100130,100,100021,100,100132,100,99996,100,100137,100,99991,100,100155,100,99980,100,100251,100,99959,100,100304,100,99915,100,100386,100,99913,100
2019-06-28 09:54:40.000000000,100108,162,100047,162,100127,162,100040,162,100130,162,100027,162,100132,162,100021,162,100137,162,99996,162,100155,100,99991,100,100251,100,99980,100,100304,100,99959,100,100386,100,99915,100,100433,100,99913,100
2019-06-28 09:54:50.000000000,100108,178,100047,178,100127,178,100040,178,100130,178,100027,178,100132,178,100021,178,100137,100,99996,100,100155,100,99991,100,100251,100,99980,100,100304,100,99959,100,100386,100,99915,100,100433,100,99913,100
2019-06-28 09:55:00.000000000,100108,256,100047,256,100127,256,100040,256,100130,100,100027,100,100132,100,100021,100,100137,100,99996,100,100155,100,99991,100,100251,100,99980,100,100304,100,99959,100,100386,100,99915,100,100433,100,99913,100
2019-06-28 09:55:07.973170311,100108,156,100047,256,100127,256,100040,256,100130,100,100027,100,100132,100,100021,100,100137,100,99996,100,100155,100,99991,100,100251,100,99980,100,100304,100,99959,100,100386,100,99915,100,100433,100,99913,100
2019-06-28 09:55:10.000000000,100127,206,100047,206,100130,203,100040,203,100132,203,100027,203,100137,100,100021,100,100155,100,99996,100,100251,100,99991,100,100304,100,99980,100,100386,100,99959,100,100433,100,99915,100,100445,100,99913,100
2019-06-28 09:55:16.440538773,100127,206,100054,100,100130,203,100047,206,100132,203,100040,203,100137,100,100027,203,100155,100,100021,100,100251,100,99996,100,100304,100,99991,100,100386,100,99980,100,100433,100,99959,100,100445,100,99915,100
2019-06-28 09:55:17.850678543,100127,206,100054,100,100130,203,100047,206,100132,203,100040,203,100137,100,100027,203,100155,100,100021,100,100251,100,99996,100,100304,100,99991,100,100386,100,99980,100,100433,100,99915,100,100445,100,99913,100
2019-06-28 09:55:20.000000000,100127,206,100054,206,100130,203,100047,203,100132,203,100040,203,100137,100,100027,100,100155,100,100021,100,100251,100,99996,100,100304,100,99991,100,100386,100,99980,100,100433,100,99915,100,100445,100,99913,100
2019-06-28 09:55:21.143959517,100127,206,100054,206,100130,203,100047,203,100132,203,100040,203,100137,100,100027,100,100155,100,100021,100,100251,100,99996,100,100304,100,99991,100,100386,100,99980,100,100433,100,99915,100,100445,100,99913,100
2019-06-28 09:55:28.564029574,100127,206,100054,206,100130,203,100047,203,100132,203,100040,203,100137,100,100027,100,100155,100,100021,100,100251,100,99996,100,100304,100,99991,100,100386,100,99980,100,100433,100,99915,100,100445,100,99913,100
2019-06-28 09:55:30.000000000,100127,412,100054,412,100130,100,100047,100,100132,100,100040,100,100137,100,100027,100,100155,100,100021,100,100251,100,99996,100,100304,100,99991,100,100386,100,99980,100,100433,100,99915,100,100445,100,99913,100
2019-06-28 09:55:40.000000000,100127,206,100054,206,100130,203,100047,203,100132,203,100040,203,100137,100,100027,100,100155,100,100021,100,100251,100,99996,100,100304,100,99991,100,100386,100,99980,100,100433,100,99915,100,100445,100,99913,100
2019-06-28 09:55:42.427021050,100127,206,100054,206,100130,203,100047,203,100132,103,100040,203,100137,100,100027,100,100155,100,100021,100,100251,100,99996,100,100304,100,99991,100,100386,100,99980,100,100433,100,99915,100,100445,100,99913,100
2019-06-28 09:55:50.000000000,100127,256,100054,256,100130,256,100047,256,100137,100,100040,100,100155,100,100027,100,100251,100,100021,100,100304,100,99996,100,100386,100,99991,100,100433,100,99980,100,100445,100,99915,100,100514,100,99913,100
2019-06-28 09:55:56.010275467,100127,256,100054,256,100130,256,100047,256,100137,100,100040,100,100155,100,100027,100,100251,100,100021,100,100304,100,99996,100,100386,100,99991,100,100433,100,99980,100,100445,100,99913,100,100514,100,99888,100
2019-06-28 09:56:00.000000000,100127,206,100054,206,100130,203,100047,203,100137,203,100040,203,100155,100,100027,100,100251,100,100021,100,100304,100,99996,100,100386,100,99991,100,100433,100,99980,100,100445,100,99913,100,100514,100,99888,100
2019-06-28 09:56:01.878289428,100127,206,100054,206,100130,203,100047,203,100137,203,100040,203,100155,100,100027,100,100251,100,100021,100,100304,100,99996,100,100386,100,99991,100,100433,100,99980,100,100445,100,99913,100,100514,100,99888,100
2019-06-28 09:56:08.601028523,100127,206,100054,206,100130,203,100047,203,100137,203,100040,203,100155,100,100027,100,100251,100,100021,100,100304,100,99996,100,100386,100,99991,100,100433,100,99980,100,100445,100,99913,100,100514,100,99888,100
2019-06-28 09:56:08.776189451,100127,206,100054,206,100130,203,100047,203,100137,203,100040,203,100155,100,100027,100,100251,100,100021,100,100304,100,99996,100,100386,100,99991,100,100433,100,99980,100,100445,100,99913,100,100514,100,99888,100
2019-06-28 09:56:10.000000000,100127,178,100054,178,100130,178,100047,178,100137,178,100040,178,100155,178,100027,178,100251,100,100021,100,100304,100,99996,100,100386,100,99991,100,100433,100,99980,100,100445,100,99913,100,100514,100,99888,100
2019-06-28 09:56:20.000000000,100127,178,100054,178,100130,178,100047,178,100137,178,100040,178,100155,178,100027,178,100251,100,100021,100,100304,100,99996,100,100386,100,99991,100,100433,100,99980,100,100445,100,99913,100,100514,100,99888,100
2019-06-28 09:56:30.000000000,100127,162,100054,162,100130,162,100047,162,100137,162,100040,162,100155,162,100027,162,100251,162,100021,162,100304,100,99996,100,100386,100,99991,100,100433,100,99980,100,100445,100,99913,100,100514,100,99888,100
2019-06-28 09:56:36.741334872,100127,62,100054,162,100130,162,100047,162,100137,162,100040,162,100155,162,100027,162,100251,162,100021,162,100304,100,99996,100,100386,100,99991,100,100433,100,99980,100,100445,100,99913,100,100514,100,99888,100
2019-06-28 09:56:40.000000000,100130,206,100054,206,100137,203,100047,203,100155,203,100040,203,100251,100,100027,100,100304,100,100021,100,100386,100,99996,100,100433,100,99991,100,100445,100,99980,100,100514,100,99913,100,100574,100,99888,100
2019-06-28 09:56:48.215383690,100130,106,100054,206,100137,103,100047,203,100155,203,100040,203,100251,100,100027,100,100304,100,100021,100,100386,100,99996,100,100433,100,99991,100,100445,100,99980,100,100514,100,99913,100,100574,100,99888,100
2019-06-28 09:56:50.000000000,100155,206,100054,206,100251,203,100047,203,100304,203,100040,203,100386,100,100027,100,100433,100,100021,100,100445,100,99996,100,100514,100,99991,100,100574,100,99980,100,100883,100,99913,100,100884,100,99888,100
2019-06-28 09:56:54.721567426,100155,106,100054,206,100251,203,100047,203,100304,203,100040,203,100386,100,100027,100,100433,100,100021,100,100445,100,99996,100,100514,100,99991,100,100574,100,99980,100,100883,100,99913,100,100884,100,99888,100
2019-06-28 09:57:00.000000000,100251,162,100054,162,100304,162,100047,162,100386,162,100040,162,100433,162,100027,162,100445,162,100021,162,100514,100,99996,100,100574,100,99991,100,100883,100,99980,100,100884,100,99913,100,100917,100,99888,100
2019-06-28 09:57:06.109390624,100251,62,100054,162,100304,162,100047,162,100386,162,100040,162,100433,162,100027,162,100445,162,100021,162,100514,100,99996,100,100574,100,99991,100,100883,100,99980,100,100884,100,99913,100,100917,100,99888,100
2019-06-28 09:57:10.000000000,100304,162,100054,162,100386,162,100047,162,100433,162,100040,162,100445,162,100027,162,100514,162,100021,162,100574,100,99996,100,100883,100,99991,100,100884,100,99980,100,100917,100,99913,100,100973,100,99888,100
2019-06-28 09:57:13.407125424,100304,62,100054,162,100386,162,100047,162,100433,162,100040,162,100445,62,100027,162,100514,162,100021,162,100574,100,99996,100,100883,100,99991,100,100884,100,99980,100,100917,100,99913,100,100973,100,99888,100
2019-06-28 09:57:20.000000000,100386,206,100054,206,100433,203,100047,203,100514,203,100040,203,100574,100,100027,100,100883,100,100021,100,100884,100,99996,100,100917,100,99991,100,100973,100,99980,100,100995,100,99913,100,101068,100,99888,100
2019-06-28 09:57:30.000000000,100386,206,100054,206,100433,203,100047,203,100514,203,100040,203,100574,100,100027,100,100883,100,100021,100,100884,100,99996,100,100917,100,99991,100,100973,100,99980,100,100995,100,99913,100,101068,100,99888,100
2019-06-28 09:57:39.384654968,100386,206,100251,100,100433,203,100054,206,100514,203,100047,203,100574,100,100040,203,100883,100,100027,100,100884,100,100021,100,100917,100,99996,100,100973,100,99991,100,100995,100,99980,100,101068,100,99913,100
2019-06-28 09:57:40.000000000,100386,206,100251,206,100433,203,100054,203,100514,203,100047,203,100574,100,100040,100,100883,100,100027,100,100884,100,100021,100,100917,100,99996,100,100973,100,99991,100,100995,100,99980,100,101068,100,99913,100
2019-06-28 09:57:50.000000000,100386,256,100251,256,100433,256,100054,256,100514,100,100047,100,100574,100,100040,100,100883,100,100027,100,100884,100,100021,100,100917,100,99996,100,100973,100,99991,100,100995,100,99980,100,101068,100,99913,100
2019-06-28 09:58:00.000000000,100386,178,100251,178,100433,178,100054,178,100514,178,100047,178,100574,178,100040,178,100883,100,100027,100,100884,100,100021,100,100917,100,99996,100,100973,100,99991,100,100995,100,99980,100,101068,100,99913,100
2019-06-28 09:58:10.000000000,100386,178,100251,178,100433,178,100054,178,100514,178,100047,178,100574,178,100040,178,100883,100,100027,100,100884,100,100021,100,100917,100,99996,100,100973,100,99991,100,100995,100,99980,100,101068,100,99913,100
2019-06-28 09:58:20.000000000,100386,412,100251,412,100433,100,100054,100,100514,100,100047,100,100574,100,100040,100,100883,100,100027,100,100884,100,100021,100,100917,100,99996,100,100973,100,99991,100,100995,100,99980,100,101068,100,99913,100
2019-06-28 09:58:30.000000000,100386,412,100251,412,100433,100,100054,100,100514,100,100047,100,100574,100,100040,100,100883,100,100027,100,100884,100,100021,100,100917,100,99996,100,100973,100,99991,100,100995,100,99980,100,101068,100,99913,100
2019-06-28 09:58:40.000000000,100386,412,100251,412,100433,100,100054,100,100514,100,100047,100,100574,100,100040,100,100883,100,100027,100,100884,100,100021,100,100917,100,99996,100,100973,100,99991,100,100995,100,99980,100,101068,100,99913,100
2019-06-28 09:58:47.707732428,100386,312,100251,412,100433,100,100054,100,100514,100,100047,100,100574,100,100040,100,100883,100,100027,100,100884,100,100021,100,100917,100,99996,100,100973,100,99991,100,100995,100,99980,100,101068,100,99913,100
2019-06-28 09:58:49.057194340,100386,312,100251,312,100433,100,100054,100,100514,100,100047,100,100574,100,100040,100,100883,100,100027,100,100884,100,100021,100,100917,100,99996,100,100973,100,99991,100,100995,100,99980,100,101068,100,99913,100
2019-06-28 09:58:50.000000000,100433,162,100054,162,100514,162,100047,162,100574,162,100040,162,100883,162,100027,162,100884,162,100021,162,100917,100,99996,100,100973,100,99991,100,100995,100,99980,100,101068,100,99913,100,101091,100,99888,100
2019-06-28 09:59:00.000000000,100433,162,100054,162,100514,162,100047,162,100574,162,100040,162,100883,162,100027,162,100884,162,100021,162,100917,100,99996,100,100973,100,99991,100,100995,100,99980,100,101068,100,99913,100,101091,100,99888,100
2019-06-28 09:59:10.000000000,100433,178,100054,178,100514,178,100047,178,100574,178,100040,178,100883,178,100027,178,100884,100,100021,100,100917,100,99996,100,100973,100,99991,100,100995,100,99980,100,101068,100,99913,100,101091,100,99888,100
2019-06-28 09:59:20.000000000,100433,256,100054,256,100514,256,100047,256,100574,100,100040,100,100883,100,100027,100,100884,100,100021,100,100917,100,99996,100,100973,100,99991,100,100995,100,99980,100,101068,100,99913,100,101091,100,99888,100
2019-06-28 09:59:30.000000000,100433,412,100054,412,100514,100,100047,100,100574,100,100040,100,100883,100,100027,100,100884,100,100021,100,100917,100,99996,100,100973,100,99991,100,100995,100,99980,100,101068,100,99913,100,101091,100,99888,100
2019-06-28 09:59:30.093333275,100433,412,100054,412,100514,100,100047,100,100541,100,100040,100,100574,100,100027,100,100883,100,100021,100,100884,100,99996,100,100917,100,99991,100,100973,100,99980,100,100995,100,99913,100,101068,100,99888,100
2019-06-28 09:59:40.000000000,100433,256,100054,256,100514,256,100047,256,100541,100,100040,100,100574,100,100027,100,100883,100,100021,100,100884,100,99996,100,100917,100,99991,100,100973,100,99980,100,100995,100,99913,100,101068,100,99888,100
2019-06-28 09:59:50.000000000,100433,162,100054,162,100514,162,100047,162,100541,162,100040,162,100574,162,100027,162,100883,162,100021,162,100884,100,99996,100,100917,100,99991,100,100973,100,99980,100,100995,100,99913,100,101068,100,99888,100
2019-06-28 10:00:00.000000000,100433,256,100054,256,100514,256,100047,256,100541,100,100040,100,100574,100,100027,100,100883,100,100021,100,100884,100,99996,100,100917,100,99991,100,100973,100,99980,100,100995,100,99913,100,101068,100,99888,100
2019-06-28 10:00:00.235239541,100433,256,100346,100,100514,256,100054,256,100541,100,100047,256,100883,100,100040,100,100884,100,100027,100,100917,100,100021,100,100973,100,99996,100,100995,100,99991,100,101068,100,99980,100,101091,100,99913,100
2019-06-28 10:00:01.261636352,100433,256,100346,100,100514,256,100304,100,100541,100,100054,256,100883,100,100047,256,100884,100,100040,100,100917,100,100027,100,100973,100,100021,100,100995,100,99991,100,101068,100,99980,100,101091,100,99913,100
2019-06-28 10:00:10.000000000,100433,162,100346,162,100514,162,100304,162,100541,162,100054,162,100883,162,100047,162,100884,162,100040,162,100917,100,100027,100,100973,100,100021,100,100995,100,99991,100,101068,100,99980,100,101091,100,99913,100
2019-06-28 10:00:18.078001646,100433,162,100346,62,100514,162,100304,162,100541,162,100054,162,100883,162,100047,162,100884,162,100040,162,100917,100,100027,100,100973,100,100021,100,100995,100,99991,100,101068,100,99980,100,101091,100,99913,100
2019-06-28 10:00:20.000000000,100433,162,100304,162,100514,162,100054,162,100541,162,100047,162,100883,162,100040,162,100884,162,100027,162,100917,100,100021,100,100973,100,99991,100,100995,100,99980,100,101068,100,99913,100,101091,100,99888,100
2019-06-28 10:00:24.445921996,100433,162,100304,162,100514,162,100300,100,100541,162,100054,162,100883,162,100047,162,100884,162,100040,162,100917,100,100027,162,100973,100,100021,100,100995,100,99991,100,101068,100,99980,100,101091,100,99913,100
2019-06-28 10:00:30.000000000,100433,206,100304,206,100514,203,100300,203,100541,203,100054,203,100883,100,100047,100,100884,100,100040,100,100917,100,100027,100,100973,100,100021,100,100995,100,99991,100,101068,100,99980,100,101091,100,99913,100
2019-06-28 10:00:33.544874441,100433,106,100304,206,100514,203,100300,203,100541,203,100196,100,100883,100,100054,203,100884,100,100047,100,100917,100,100040,100,100973,100,100027,100,100995,100,100021,100,101068,100,99991,100,101091,100,99980,100
2019-06-28 10:00:37.731920530,100433,106,100304,206,100514,203,100300,203,100541,203,100196,100,100883,100,100063,100,100884,100,100054,203,100917,100,100047,100,100973,100,100040,100,100995,100,100027,100,101068,100,100021,100,101091,100,99991,100
2019-06-28 10:00:40.000000000,100514,206,100304,206,100541,203,100300,203,100883,203,100196,203,100884,100,100063,100,100917,100,100054,100,100973,100,100047,100,100995,100,100040,100,101068,100,100027,100,101091,100,100021,100,101106,200,99991,100
2019-06-28 10:00:41.867769315,100514,206,100304,106,100541,203,100300,203,100883,203,100196,203,100884,100,100063,100,100917,100,100054,100,100973,100,100047,100,100995,100,100040,100,101068,100,100027,100,101091,100,100021,100,101106,200,99991,100
2019-06-28 10:00:45.983281943,100482,100,100304,106,100514,206,100300,203,100541,203,100196,203,100883,203,100063,100,100884,100,100054,100,100917,100,100047,100,100973,100,100040,100,100995,100,100027,100,101068,100,100021,100,101091,100,99991,100
2019-06-28 10:00:50.000000000,100482,256,100300,256,100514,256,100196,256,100541,100,100063,100,100883,100,100054,100,100884,100,100047,100,100917,100,100040,100,100973,100,100027,100,100995,100,100021,100,101068,100,99991,100,101091,100,99980,100
2019-06-28 10:01:00.000000000,100482,178,100300,178,100514,178,100196,178,100541,178,100063,178,100883,178,100054,178,100884,100,100047,100,100917,100,100040,100,100973,100,100027,100,100995,100,100021,100,101068,100,99991,100,101091,100,99980,100
2019-06-28 10:01:05.660337554,100482,178,100300,178,100514,178,100196,178,100541,178,100111,100,100883,178,100063,178,100884,100,100054,178,100917,100,100047,100,100973,100,100040,100,100995,100,100027,100,101068,100,100021,100,101091,100,99991,100
2019-06-28 10:01:10.000000000,100482,162,100300,162,100514,162,100196,162,100541,162,100111,162,100883,162,100063,162,100884,162,100054,162,100917,100,100047,100,100973,100,100040,100,100995,100,100027,100,101068,100,100021,100,101091,100,99991,100
2019-06-28 10:01:20.000000000,100482,162,100300,162,100514,162,100196,162,100541,162,100111,162,100883,162,100063,162,100884,162,100054,162,100917,100,100047,100,100973,100,100040,100,100995,100,100027,100,101068,100,100021,100,101091,100,99991,100
2019-06-28 10:01:30.000000000,100482,412,100300,412,100514,100,100196,100,100541,100,100111,100,100883,100,100063,100,100884,100,100054,100,100917,100,100047,100,100973,100,100040,100,100995,100,100027,100,101068,100,100021,100,101091,100,99991,100
2019-06-28 10:01:40.000000000,100482,256,100300,256,100514,256,100196,256,100541,100,100111,100,100883,100,100063,100,100884,100,100054,100,100917,100,100047,100,100973,100,100040,100,100995,100,100027,100,101068,100,100021,100,101091,100,99991,100
2019-06-28 10:01:50.000000000,100482,256,100300,256,100514,256,100196,256,100541,100,100111,100,100883,100,100063,100,100884,100,100054,100,100917,100,100047,100,100973,100,100040,100,100995,100,100027,100,101068,100,100021,100,101091,100,99991,100
2019-06-28 10:01:50.821221181,100482,256,100300,256,100514,256,100196,256,100541,100,100111,100,100883,100,100063,100,100884,100,100054,100,100917,100,100047,100,100973,100,100040,100,100995,100,100027,100,101068,100,100021,100,101091,100,99991,100
2019-06-28 10:02:00.000000000,100482,412,100300,412,100514,100,100196,100,100541,100,100111,100,100883,100,100063,100,100884,100,100054,100,100917,100,100047,100,100973,100,100040,100,100995,100,100027,100,101068,100,100021,100,101091,100,99991,100
2019-06-28 10:02:10.000000000,100482,178,100300,178,100514,178,100196,178,100541,178,100111,178,100883,178,100063,178,100884,100,100054,100,100917,100,100047,100,100973,100,100040,100,100995,100,100027,100,101068,100,100021,100,101091,100,99991,100
2019-06-28 10:02:20.000000000,100482,412,100300,412,100514,100,100196,100,100541,100,100111,100,100883,100,100063,100,100884,100,100054,100,100917,100,100047,100,100973,100,100040,100,100995,100,100027,100,101068,100,100021,100,101091,100,99991,100
2019-06-28 10:02:30.000000000,100482,412,100300,412,100514,100,100196,100,100541,100,100111,100,100883,100,100063,100,100884,100,100054,100,100917,100,100047,100,100973,100,100040,100,100995,100,100027,100,101068,100,100021,100,101091,100,99991,100
2019-06-28 10:02:40.000000000,100482,178,100300,178,100514,178,100196,178,100541,178,100111,178,100883,178,100063,178,100884,100,100054,100,100917,100,100047,100,100973,100,100040,100,100995,100,100027,100,101068,100,100021,100,101091,100,99991,100
2019-06-28 10:02:40.457588352,100482,178,100300,178,100514,178,100196,178,100541,178,100111,178,100883,178,100063,178,100884,100,100054,100,100917,100,100047,100,100973,100,100040,100,101068,100,100027,100,101091,100,100021,100,101106,100,99991,100
2019-06-28 10:02:50.000000000,100482,256,100300,256,100514,256,100196,256,100541,100,100111,100,100883,100,100063,100,100884,100,100054,100,100917,100,100047,100,100973,100,100040,100,101068,100,100027,100,101091,100,100021,100,101106,100,99991,100
2019-06-28 10:03:00.000000000,100482,412,100300,412,100514,100,100196,100,100541,100,100111,100,100883,100,100063,100,100884,100,100054,100,100917,100,100047,100,100973,100,100040,100,101068,100,100027,100,101091,100,100021,100,101106,100,99991,100
2019-06-28 10:03:10.000000000,100482,256,100300,256,100514,256,100196,256,100541,100,100111,100,100883,100,100063,100,100884,100,100054,100,100917,100,100047,100,100973,100,100040,100,101068,100,100027,100,101091,100,100021,100,101106,100,99991,100
2019-06-28 10:03:18.444655606,100482,256,100300,256,100514,256,100196,256,100541,100,100111,100,100883,100,100063,100,100884,100,100054,100,100917,100,100047,100,100973,100,100040,100,101068,100,100027,100,101091,100,100021,100,101106,100,99991,100
2019-06-28 10:03:20.000000000,100482,162,100300,162,100514,162,100196,162,100541,162,100111,162,100883,162,100063,162,100884,162,100054,162,100917,100,100047,100,100973,100,100040,100,101068,100,100027,100,101091,100,100021,100,101106,100,99991,100
2019-06-28 10:03:30.000000000,100482,206,100300,206,100514,203,100196,203,100541,203,100111,203,100883,100,100063,100,100884,100,100054,100,100917,100,100047,100,100973,100,100040,100,101068,100,100027,100,101091,100,100021,100,101106,100,99991,100
2019-06-28 10:03:31.382987733,100346,100,100300,206,100482,206,100196,203,100514,203,100111,203,100541,203,100063,100,100883,100,100054,100,100884,100,100047,100,100917,100,100040,100,100973,100,100027,100,101068,100,100021,100,101091,100,99991,100
2019-06-28 10:03:40.000000000,100346,412,100300,412,100482,100,100196,100,100514,100,100111,100,100541,100,100063,100,100883,100,100054,100,100884,100,100047,100,100917,100,100040,100,100973,100,100027,100,101068,100,100021,100,101091,100,99991,100
2019-06-28 10:03:43.863986094,100346,412,100300,412,100482,100,100196,100,100514,100,100111,100,100541,100,100063,100,100883,100,100054,100,100884,100,100047,100,100917,100,100040,100,100973,100,100027,100,101068,100,100021,100,101091,100,99991,100
2019-06-28 10:03:48.507963851,100346,512,100300,412,100482,100,100196,100,100514,100,100111,100,100541,100,100063,100,100883,100,100047,100,100884,100,100040,100,100917,100,100027,100,100973,100,100021,100,101068,100,99991,100,101091,100,99980,100
2019-06-28 10:03:50.000000000,100346,512,100300,412,100482,100,100196,100,100514,100,100111,100,100541,100,100063,100,100883,100,100047,100,100884,100,100040,100,100917,100,100027,100,100973,100,100021,100,101068,100,99991,100,101091,100,99980,100
2019-06-28 10:04:00.000000000,100346,262,100300,162,100482,162,100196,162,100514,162,100111,162,100541,162,100063,162,100883,162,100047,162,100884,100,100040,100,100917,100,100027,100,100973,100,100021,100,101068,100,99991,100,101091,100,99980,100
2019-06-28 10:04:06.829332781,100346,362,100300,162,100482,162,100196,162,100514,162,100111,162,100541,162,100063,162,100883,162,100047,162,100884,100,100040,100,100917,100,100027,100,100973,100,100021,100,101068,100,99991,100,101091,100,99980,100
2019-06-28 10:04:09.790736125,100346,362,100300,162,100482,162,100196,162,100514,162,100111,162,100541,162,100063,162,100883,162,100047,162,100884,100,100040,100,100917,100,100027,100,100973,100,100021,100,101068,100,99991,100,101091,100,99980,100
2019-06-28 10:04:10.000000000,100346,612,100300,412,100482,100,100196,100,100514,100,100111,100,100541,100,100063,100,100883,100,100047,100,100884,100,100040,100,100917,100,100027,100,100973,100,100021,100,101068,100,99991,100,101091,100,99980,100
2019-06-28 10:04:14.538954903,100346,612,100300,412,100482,100,100196,100,100514,100,100111,100,100541,100,100063,100,100883,100,100047,100,100884,100,100040,100,100917,100,100027,100,100973,100,100021,100,101068,100,99991,100,101091,100,99980,100
2019-06-28 10:04:20.000000000,100346,612,100300,412,100482,100,100196,100,100514,100,100111,100,100541,100,100063,100,100883,100,100047,100,100884,100,100040,100,100917,100,100027,100,100973,100,100021,100,101068,100,99991,100,101091,100,99980,100
2019-06-28 10:04:30.000000000,100346,456,100300,256,100482,256,100196,256,100514,100,100111,100,100541,100,100063,100,100883,100,100047,100,100884,100,100040,100,100917,100,100027,100,100973,100,100021,100,101068,100,99991,100,101091,100,99980,100
2019-06-28 10:04:34.972212620,100346,456,100300,156,100482,256,100196,256,100514,100,100111,100,100541,100,100063,100,100883,100,100047,100,100884,100,100040,100,100917,100,100027,100,100973,100,100021,100,101068,100,99991,100,101091,100,99980,100
2019-06-28 10:04:38.170030028,100304,100,100300,156,100346,456,100196,256,100482,256,100111,100,100514,100,100063,100,100541,100,100040,100,100883,100,100027,100,100884,100,100021,100,100917,100,99991,100,100973,100,99980,100,101068,100,99913,100
2019-06-28 10:04:40.000000000,100304,206,100196,206,100346,403,100111,203,100482,203,100063,203,100514,100,100040,100,100541,100,100027,100,100883,100,100021,100,100884,100,99991,100,100917,100,99980,100,100973,100,99913,100,101068,100,99888,100
2019-06-28 10:04:50.000000000,100304,256,100196,256,100346,456,100111,256,100482,100,100063,100,100514,100,100040,100,100541,100,100027,100,100883,100,100021,100,100884,100,99991,100,100917,100,99980,100,100973,100,99913,100,101068,100,99888,100
2019-06-28 10:05:00.000000000,100304,206,100196,206,100346,403,100111,203,100482,203,100063,203,100514,100,100040,100,100541,100,100027,100,100883,100,100021,100,100884,100,99991,100,100917,100,99980,100,100973,100,99913,100,101068,100,99888,100
2019-06-28 10:05:10.000000000,100304,206,100196,206,100346,403,100111,203,100482,203,100063,203,100514,100,100040,100,100541,100,100027,100,100883,100,100021,100,100884,100,99991,100,100917,100,99980,100,100973,100,99913,100,101068,100,99888,100
2019-06-28 10:05:15.754162624,100304,206,100196,206,100346,403,100111,203,100482,203,100063,203,100514,100,100040,100,100541,100,100027,100,100883,100,100021,100,100884,100,99991,100,100917,100,99980,100,100973,100,99913,100,101068,100,99888,100
2019-06-28 10:05:20.000000000,100304,206,100196,206,100346,403,100111,203,100482,203,100063,203,100514,100,100040,100,100541,100,100027,100,100883,100,100021,100,100884,100,99991,100,100917,100,99980,100,100973,100,99913,100,101068,100,99888,100
2019-06-28 10:05:29.436923267,100304,206,100196,106,100346,403,100111,203,100482,203,100063,203,100514,100,100040,100,100541,100,100027,100,100883,100,100021,100,100884,100,99991,100,100973,100,99980,100,101068,100,99913,100,101091,100,99888,100
2019-06-28 10:05:30.000000000,100304,206,100111,206,100346,403,100063,203,100482,203,100040,203,100514,100,100027,100,100541,100,100021,100,100883,100,99991,100,100884,100,99980,100,100973,100,99913,100,101068,100,99888,100,101091,100,99866,100
2019-06-28 10:05:40.000000000,100304,206,100111,206,100346,403,100063,203,100482,203,100040,203,100514,100,100027,100,100541,100,100021,100,100883,100,99991,100,100884,100,99980,100,100973,100,99913,100,101068,100,99888,100,101091,100,99866,100
2019-06-28 10:05:50.000000000,100304,162,100111,162,100346,362,100063,162,100482,162,100040,162,100514,162,100027,162,100541,162,100021,162,100883,100,99991,100,100884,100,99980,100,100973,100,99913,100,101068,100,99888,100,101091,100,99866,100
2019-06-28 10:06:00.000000000,100304,162,100111,162,100346,362,100063,162,100482,162,100040,162,100514,162,100027,162,100541,162,100021,162,100883,100,99991,100,100884,100,99980,100,100973,100,99913,100,101068,100,99888,100,101091,100,99866,100
2019-06-28 10:06:10.000000000,100304,256,100111,256,100346,456,100063,256,100482,100,100040,100,100514,100,100027,100,100541,100,100021,100,100883,100,99991,100,100884,100,99980,100,100973,100,99913,100,101068,100,99888,100,101091,100,99866,100
2019-06-28 10:06:20.000000000,100304,412,100111,412,100346,300,100063,100,100482,100,100040,100,100514,100,100027,100,100541,100,100021,100,100883,100,99991,100,100884,100,99980,100,100973,100,99913,100,101068,100,99888,100,101091,100,99866,100
2019-06-28 10:06:25.409466755,100300,100,100111,412,100304,412,100063,100,100346,300,100040,100,100482,100,100027,100,100514,100,100021,100,100541,100,99991,100,100883,100,99980,100,100884,100,99913,100,100973,100,99888,100,101068,100,99866,100
2019-06-28 10:06:28.854463016,100300,100,100197,100,100304,412,100111,412,100346,300,100063,100,100482,100,100040,100,100514,100,100027,100,100541,100,100021,100,100883,100,99991,100,100884,100,99980,100,100973,100,99913,100,101068,100,99888,100
2019-06-28 10:06:30.000000000,100300,206,100197,206,100304,203,100111,203,100346,403,100063,203,100482,100,100040,100,100514,100,100027,100,100541,100,100021,100,100883,100,99991,100,100884,100,99980,100,100973,100,99913,100,101068,100,99888,100
2019-06-28 10:06:34.006943245,100300,106,100197,206,100304,203,100111,203,100346,403,100063,203,100482,100,100040,100,100514,100,100027,100,100541,100,100021,100,100883,100,99991,100,100884,100,99980,100,100973,100,99913,100,101068,100,99888,100
2019-06-28 10:06:38.110096090,100300,106,100197,206,100304,203,100111,203,100346,403,100063,203,100482,100,100040,100,100514,100,100027,100,100518,100,100021,100,100541,100,99991,100,100883,100,99980,100,100884,100,99913,100,100973,100,99888,100
2019-06-28 10:06:40.000000000,100304,206,100197,206,100346,403,100111,203,100482,203,100063,203,100514,100,100040,100,100518,100,100027,100,100541,100,100021,100,100883,100,99991,100,100884,100,99980,100,100973,100,99913,100,101068,100,99888,100
2019-06-28 10:06:50.000000000,100304,162,100197,162,100346,362,100111,162,100482,162,100063,162,100514,162,100040,162,100518,162,100027,162,100541,100,100021,100,100883,100,99991,100,100884,100,99980,100,100973,100,99913,100,101068,100,99888,100
2019-06-28 10:07:00.000000000,100304,206,100197,206,100346,403,100111,203,100482,203,100063,203,100514,100,100040,100,100518,100,100027,100,100541,100,100021,100,100883,100,99991,100,100884,100,99980,100,100973,100,99913,100,101068,100,99888,100
2019-06-28 10:07:10.000000000,100304,162,100197,162,100346,362,100111,162,100482,162,100063,162,100514,162,100040,162,100518,162,100027,162,100541,100,100021,100,100883,100,99991,100,100884,100,99980,100,100973,100,99913,100,101068,100,99888,100
2019-06-28 10:07:20.000000000,100304,412,100197,412,100346,300,100111,100,100482,100,100063,100,100514,100,100040,100,100518,100,100027,100,100541,100,100021,100,100883,100,99991,100,100884,100,99980,100,100973,100,99913,100,101068,100,99888,100
2019-06-28 10:07:26.886918108,100304,412,100197,412,100346,300,100111,100,100482,100,100063,100,100514,100,100040,100,100518,100,100027,100,100541,100,100021,100,100632,100,99991,100,100883,100,99980,100,100884,100,99913,100,100973,100,99888,100
2019-06-28 10:07:27.544474863,100304,412,100198,100,100346,300,100197,412,100482,100,100111,100,100514,100,100063,100,100518,100,100040,100,100541,100,100027,100,100632,100,100021,100,100883,100,99991,100,100884,100,99980,100,100973,100,99913,100
2019-06-28 10:07:30.000000000,100304,206,100198,206,100346,403,100197,203,100482,203,100111,203,100514,100,100063,100,100518,100,100040,100,100541,100,100027,100,100632,100,100021,100,100883,100,99991,100,100884,100,99980,100,100973,100,99913,100
2019-06-28 10:07:30.884963139,100304,106,100198,206,100346,403,100197,203,100482,203,100111,203,100514,100,100063,100,100518,100,100040,100,100541,100,100027,100,100632,100,100021,100,100883,100,99991,100,100884,100,99980,100,100973,100,99913,100
2019-06-28 10:07:40.000000000,100346,362,100198,162,100482,162,100197,162,100514,162,100111,162,100518,162,100063,162,100541,162,100040,162,100632,100,100027,100,100883,100,100021,100,100884,100,99991,100,100973,100,99980,100,101068,100,99913,100
2019-06-28 10:07:50.000000000,100346,406,100198,206,100482,203,100197,203,100514,203,100111,203,100518,100,100063,100,100541,100,100040,100,100632,100,100027,100,100883,100,100021,100,100884,100,99991,100,100973,100,99980,100,101068,100,99913,100
2019-06-28 10:07:56.187186928,100346,406,100300,100,100482,203,100198,206,100514,203,100197,203,100518,100,100111,203,100541,100,100063,100,100632,100,100040,100,100883,100,100027,100,100884,100,100021,100,100973,100,99991,100,101068,100,99980,100
2019-06-28 10:08:00.000000000,100346,362,100300,162,100482,162,100198,162,100514,162,100197,162,100518,162,100111,162,100541,162,100063,162,100632,100,100040,100,100883,100,100027,100,100884,100,100021,100,100973,100,99991,100,101068,100,99980,100
2019-06-28 10:08:10.000000000,100346,378,100300,178,100482,178,100198,178,100514,178,100197,178,100518,178,100111,178,100541,100,100063,100,100632,100,100040,100,100883,100,100027,100,100884,100,100021,100,100973,100,99991,100,101068,100,99980,100
2019-06-28 10:08:12.237680457,100346,278,100300,178,100482,178,100198,178,100514,178,100197,178,100518,178,100111,178,100541,100,100063,100,100632,100,100040,100,100883,100,100027,100,100884,100,100021,100,100973,100,99991,100,101068,100,99980,100
2019-06-28 10:08:20.000000000,100346,512,100300,412,100482,100,100198,100,100514,100,100197,100,100518,100,100111,100,100541,100,100063,100,100632,100,100040,100,100883,100,100027,100,100884,100,100021,100,100973,100,99991,100,101068,100,99980,100
2019-06-28 10:08:30.000000000,100346,306,100300,206,100482,203,100198,203,100514,203,100197,203,100518,100,100111,100,100541,100,100063,100,100632,100,100040,100,100883,100,100027,100,100884,100,100021,100,100973,100,99991,100,101068,100,99980,100
2019-06-28 10:08:40.000000000,100346,356,100300,256,100482,256,100198,256,100514,100,100197,100,100518,100,100111,100,100541,100,100063,100,100632,100,100040,100,100883,100,100027,100,100884,100,100021,100,100973,100,99991,100,101068,100,99980,100
2019-06-28 10:08:45.740277309,100346,356,100300,256,100482,256,100198,256,100514,100,100197,100,100541,100,100111,100,100632,100,100063,100,100883,100,100040,100,100884,100,100027,100,100973,100,100021,100,101068,100,99991,100,101091,100,99980,100
2019-06-28 10:08:50.000000000,100346,356,100300,256,100482,256,100198,256,100514,100,100197,100,100541,100,100111,100,100632,100,100063,100,100883,100,100040,100,100884,100,100027,100,100973,100,100021,100,101068,100,99991,100,101091,100,99980,100
2019-06-28 10:09:00.000000000,100346,356,100300,256,100482,256,100198,256,100514,100,100197,100,100541,100,100111,100,100632,100,100063,100,100883,100,100040,100,100884,100,100027,100,100973,100,100021,100,101068,100,99991,100,101091,100,99980,100
2019-06-28 10:09:08.044074552,100303,100,100300,256,100346,356,100198,256,100482,256,100197,100,100514,100,100111,100,100541,100,100063,100,100632,100,100040,100,100883,100,100027,100,100884,100,100021,100,100973,100,99991,100,101068,100,99980,100
2019-06-28 10:09:10.000000000,100303,412,100300,412,100346,200,100198,100,100482,100,100197,100,100514,100,100111,100,100541,100,100063,100,100632,100,100040,100,100883,100,100027,100,100884,100,100021,100,100973,100,99991,100,101068,100,99980,100
2019-06-28 10:09:20.000000000,100303,412,100300,412,100346,200,100198,100,100482,100,100197,100,100514,100,100111,100,100541,100,100063,100,100632,100,100040,100,100883,100,100027,100,100884,100,100021,100,100973,100,99991,100,101068,100,99980,100
2019-06-28 10:09:30.000000000,100303,162,100300,162,100346,262,100198,162,100482,162,100197,162,100514,162,100111,162,100541,162,100063,162,100632,100,100040,100,100883,100,100027,100,100884,100,100021,100,100973,100,99991,100,101068,100,99980,100
2019-06-28 10:09:40.000000000,100303,412,100300,412,100346,200,100198,100,100482,100,100197,100,100514,100,100111,100,100541,100,100063,100,100632,100,100040,100,100883,100,100027,100,100884,100,100021,100,100973,100,99991,100,101068,100,99980,100
2019-06-28 10:09:50.000000000,100303,412,100300,412,100346,200,100198,100,100482,100,100197,100,100514,100,100111,100,100541,100,100063,100,100632,100,100040,100,100883,100,100027,100,100884,100,100021,100,100973,100,99991,100,101068,100,99980,100
2019-06-28 10:09:50.454511279,100303,412,100300,412,100346,200,100198,100,100482,100,100197,100,100514,100,100111,100,100541,100,100084,100,100632,100,100063,100,100883,100,100040,100,100884,100,100027,100,100973,100,100021,100,101068,100,99991,100
2019-06-28 10:10:00.000000000,100303,412,100300,412,100346,200,100198,100,100482,100,100197,100,100514,100,100111,100,100541,100,100084,100,100632,100,100063,100,100883,100,100040,100,100884,100,100027,100,100973,100,100021,100,101068,100,99991,100
