,ask_price_1,ask_size_1,bid_price_1,bid_size_1,ask_price_2,ask_size_2,bid_price_2,bid_size_2,ask_price_3,ask_size_3,bid_price_3,bid_size_3,ask_price_4,ask_size_4,bid_price_4,bid_size_4,ask_price_5,ask_size_5,bid_price_5,bid_size_5,ask_price_6,ask_size_6,bid_price_6,bid_size_6,ask_price_7,ask_size_7,bid_price_7,bid_size_7,ask_price_8,ask_size_8,bid_price_8,bid_size_8,ask_price_9,ask_size_9,bid_price_9,bid_size_9,ask_price_10,ask_size_10,bid_price_10,bid_size_10
2019-06-28 09:30:00.000000000,,,99953,100,,,99864,100,,,,,,,,,,,,,,,,,,,,,,,,,,,,,,,,
2019-06-28 09:30:00.000000003,,,99953,100,,,99864,100,,,99853,100,,,,,,,,,,,,,,,,,,,,,,,,,,,,
2019-06-28 09:30:00.000000004,100184,100,99953,100,,,99864,100,,,99853,100,,,,,,,,,,,,,,,,,,,,,,,,,,,,
2019-06-28 09:30:00.000000005,99993,100,99953,100,100184,100,99897,100,,,99864,100,,,99853,100,,,,,,,,,,,,,,,,,,,,,,,,
2019-06-28 09:30:00.000000006,99993,100,99958,100,100120,100,99953,100,100184,100,99897,100,,,99864,100,,,99853,100,,,,,,,,,,,,,,,,,,,,
2019-06-28 09:30:00.000000009,99993,100,99958,100,100087,100,99953,100,100120,100,99897,100,100184,100,99864,100,,,99853,100,,,,,,,,,,,,,,,,,,,,
2019-06-28 09:30:00.000000010,99993,100,99958,100,100087,100,99953,100,100103,100,99897,100,100120,100,99884,100,100184,100,99864,100,,,99853,100,,,,,,,,,,,,,,,,
2019-06-28 09:30:00.000000014,99970,100,99958,100,99993,100,99953,100,100087,100,99897,100,100103,100,99884,100,100120,100,99864,100,100184,100,99853,100,,,,,,,,,,,,,,,,
2019-06-28 09:30:00.000000015,99970,100,99958,100,99993,100,99953,100,100087,100,99897,100,100103,100,99893,100,100120,100,99884,100,100184,100,99864,100,,,99853,100,,,,,,,,,,,,
2019-06-28 09:30:00.000000018,99970,100,99958,100,99993,100,99953,100,100032,100,99897,100,100087,100,99893,100,100103,100,99884,100,100120,100,99864,100,100184,100,99853,100,,,,,,,,,,,,
2019-06-28 09:30:00.000000019,99970,100,99958,100,99993,100,99953,100,100032,100,99897,100,100057,100,99893,100,100087,100,99884,100,100103,100,99864,100,100120,100,99853,100,100184,100,,,,,,,,,,
2019-06-28 09:30:00.000000020,99970,100,99958,100,99993,100,99953,100,100032,100,99897,100,100057,100,99893,100,100087,100,99884,100,100103,100,99864,100,100120,100,99853,100,100154,100,,,100184,100,,,,,,
2019-06-28 09:30:00.000000021,99970,100,99958,100,99993,100,99953,100,100032,100,99897,100,100044,100,99893,100,100057,100,99884,100,100087,100,99864,100,100103,100,99853,100,100120,100,,,100154,100,,,100184,100,,
2019-06-28 09:30:00.000000023,99970,100,99958,100,99993,100,99953,100,100022,100,99897,100,100032,100,99893,100,100044,100,99884,100,100057,100,99864,100,100087,100,99853,100,100103,100,,,100120,100,,,100154,100,,
2019-06-28 09:30:00.000000024,99970,100,99958,100,99993,100,99953,100,100022,100,99952,100,100032,100,99897,100,100044,100,99893,100,100057,100,99884,100,100087,100,99864,100,100103,100,99853,100,100120,100,,,100154,100,,
2019-06-28 09:30:00.000000026,99970,100,99958,100,99993,100,99953,100,100022,100,99952,100,100032,100,99897,100,100044,100,99893,100,100049,100,99884,100,100057,100,99864,100,100087,100,99853,100,100103,100,,,100120,100,,
2019-06-28 09:30:00.000000027,99993,100,99958,100,100022,100,99953,100,100032,100,99952,100,100044,100,99897,100,100049,100,99893,100,100057,100,99884,100,100087,100,99864,100,100103,100,99853,100,100120,100,,,100154,100,,
2019-06-28 09:30:00.000000028,99993,100,99958,100,100022,100,99953,100,100032,100,99952,200,100044,100,99897,100,100049,100,99893,100,100057,100,99884,100,100087,100,99865,100,100103,100,99864,100,100120,100,99853,100,100154,100,,
2019-06-28 09:30:00.000000029,99993,100,99958,100,100022,100,99953,100,100032,100,99952,200,100044,100,99917,100,100049,100,99897,100,100057,100,99893,100,100079,100,99884,100,100087,100,99865,100,100103,100,99864,100,100120,100,99853,100
2019-06-28 09:30:00.000000030,99993,100,99958,100,100022,100,99953,100,100032,100,99952,200,100044,100,99917,100,100049,100,99897,100,100057,100,99893,100,100079,100,99884,100,100087,100,99883,100,100103,100,99865,100,100120,100,99864,100
2019-06-28 09:30:00.000000032,99993,100,99958,100,100022,100,99953,100,100032,100,99952,200,100044,100,99917,100,100049,100,99897,100,100057,100,99893,100,100079,100,99884,100,100087,100,99883,100,100103,100,99865,100,100120,100,99864,100
2019-06-28 09:30:00.000000033,99993,100,99958,100,100022,100,99953,100,100032,100,99952,200,100043,100,99917,100,100044,100,99897,100,100049,100,99893,100,100057,100,99884,100,100079,100,99883,100,100087,100,99865,100,100103,100,99864,100
2019-06-28 09:30:00.000000034,99993,100,99958,100,100022,100,99953,100,100032,100,99952,200,100043,100,99917,100,100044,100,99897,100,100049,100,99893,100,100057,100,99884,100,100063,100,99883,100,100079,100,99865,100,100087,100,99864,100
2019-06-28 09:30:00.000000035,99993,100,99958,100,100022,100,99953,100,100032,100,99952,200,100043,100,99917,100,100044,100,99897,100,100049,100,99893,100,100057,100,99884,100,100063,100,99883,100,100079,100,99865,100,100087,100,99864,100
2019-06-28 09:30:00.000000036,99993,100,99958,100,100022,100,99953,100,100032,100,99952,200,100043,100,99917,100,100044,100,99897,100,100049,100,99893,100,100057,100,99884,100,100063,100,99883,100,100079,100,99865,100,100087,100,99864,100
2019-06-28 09:30:00.000000037,99993,100,99958,100,100022,100,99953,100,100032,100,99952,200,100043,100,99917,100,100044,100,99897,100,100049,100,99893,100,100057,100,99884,100,100063,100,99883,100,100077,100,99865,100,100079,100,99864,100
2019-06-28 09:30:00.000000041,99993,100,99958,100,100022,100,99953,100,100032,100,99952,200,100043,100,99930,100,100044,100,99917,100,100049,100,99897,100,100057,100,99893,100,100063,100,99884,100,100077,100,99883,100,100079,100,99865,100
2019-06-28 09:30:00.000000042,99993,100,99958,100,100022,100,99953,100,100032,100,99952,200,100043,100,99930,100,100044,100,99917,100,100049,100,99897,100,100057,100,99893,100,100063,100,99884,100,100077,200,99883,100,100079,100,99865,100
2019-06-28 09:30:00.000000044,99993,100,99958,100,100022,100,99953,100,100032,100,99952,200,100043,100,99930,100,100044,100,99917,100,100049,100,99897,100,100057,100,99894,100,100063,100,99893,100,100077,200,99884,100,100079,100,99883,200
2019-06-28 09:30:00.000000046,99993,100,99958,100,100022,100,99953,100,100032,100,99952,200,100043,100,99930,100,100044,100,99917,100,100049,100,99897,100,100057,100,99894,100,100063,100,99893,100,100077,200,99884,100,100079,100,99883,200
2019-06-28 09:30:00.000000047,99993,100,99958,100,100022,100,99954,100,100032,100,99953,100,100043,100,99952,200,100044,100,99930,100,100049,100,99920,100,100057,100,99917,100,100063,100,99897,100,100077,200,99894,100,100079,100,99893,100
2019-06-28 09:30:00.000000048,99993,100,99958,100,100022,100,99954,100,100032,100,99953,100,100043,100,99952,200,100044,100,99930,100,100049,100,99920,100,100057,100,99917,100,100063,100,99897,100,100077,200,99894,100,100079,100,99893,100
2019-06-28 09:30:00.000000049,99993,100,99958,100,100022,100,99954,100,100032,100,99953,100,100043,100,99952,200,100044,100,99930,100,100049,100,99920,100,100053,100,99917,100,100057,100,99897,100,100063,100,99894,100,100077,200,99893,100
2019-06-28 09:30:00.000000053,99993,100,99954,100,100022,100,99953,100,100032,100,99952,200,100043,100,99930,100,100044,100,99920,100,100049,100,99917,100,100053,100,99897,100,100057,100,99894,100,100063,100,99893,100,100077,200,99884,100
2019-06-28 09:30:00.000000054,100022,100,99954,100,100032,100,99953,100,100043,100,99952,200,100044,100,99930,100,100049,100,99920,100,100053,100,99917,100,100057,100,99897,100,100063,100,99894,100,100077,200,99893,100,100079,100,99884,100
2019-06-28 09:30:00.000000057,100022,100,99954,100,100032,100,99953,100,100043,100,99952,200,100044,100,99930,100,100049,100,99920,100,100053,100,99917,100,100057,100,99897,100,100063,100,99894,100,100077,200,99893,100,100079,100,99884,100
2019-06-28 09:30:00.000000062,100022,100,99959,100,100032,100,99954,100,100043,100,99953,100,100044,100,99952,200,100049,100,99930,100,100053,100,99920,100,100057,100,99917,100,100063,100,99897,100,100077,200,99894,100,100079,100,99893,100
2019-06-28 09:30:00.000000064,100022,100,99959,100,100032,100,99958,100,100043,100,99954,100,100044,100,99953,100,100049,100,99952,200,100053,100,99930,100,100057,100,99920,100,100063,100,99917,100,100077,200,99897,100,100079,100,99894,100
2019-06-28 09:30:00.000000065,100022,100,99959,100,100032,100,99958,100,100043,100,99954,100,100044,100,99953,100,100049,100,99952,200,100053,100,99945,100,100057,100,99930,100,100063,100,99920,100,100077,200,99917,100,100079,100,99897,100
2019-06-28 09:30:00.000000067,100032,100,99986,100,100043,100,99959,100,100044,100,99958,100,100049,100,99954,100,100053,100,99953,100,100057,100,99952,200,100063,100,99945,100,100077,200,99930,100,100079,100,99920,100,100087,100,99917,100
2019-06-28 09:30:00.000000068,100019,100,99993,100,100032,100,99986,100,100043,100,99959,100,100044,100,99958,100,100049,100,99954,100,100053,100,99953,100,100057,100,99952,200,100063,100,99945,100,100077,200,99930,100,100079,100,99920,100
2019-06-28 09:30:00.000000069,100032,100,99993,100,100043,100,99986,100,100044,100,99959,100,100049,100,99958,100,100053,100,99954,100,100057,100,99953,100,100063,100,99952,200,100077,200,99945,100,100079,100,99930,100,100087,100,99920,100
2019-06-28 09:30:00.000000072,100032,100,99993,100,100043,100,99986,100,100044,100,99969,100,100049,100,99959,100,100053,100,99958,100,100057,100,99954,100,100063,100,99953,100,100077,200,99952,200,100079,100,99945,100,100087,100,99930,100
2019-06-28 09:30:00.000000074,100032,100,99993,100,100043,100,99986,100,100044,100,99982,100,100049,100,99969,100,100053,100,99959,100,100057,100,99958,100,100063,200,99954,100,100077,200,99953,100,100079,100,99952,200,100087,100,99945,100
2019-06-28 09:30:00.000000075,100032,100,99993,100,100043,100,99986,100,100044,100,99982,100,100049,100,99969,100,100053,100,99959,100,100057,100,99958,100,100063,200,99954,200,100077,200,99953,100,100079,100,99952,200,100087,100,99945,100
2019-06-28 09:30:00.000000081,100043,100,99993,100,100044,100,99986,100,100049,100,99982,100,100053,100,99969,100,100057,100,99959,100,100063,200,99958,100,100077,200,99954,200,100079,100,99953,100,100087,100,99952,200,100089,100,99945,100
2019-06-28 09:30:00.000000083,100043,100,100019,100,100044,100,99993,100,100049,100,99986,100,100053,100,99982,100,100057,100,99969,100,100063,200,99959,100,100077,200,99958,100,100079,100,99954,200,100087,100,99953,100,100089,100,99952,200
2019-06-28 09:30:00.000000088,100043,100,100019,100,100044,100,99993,100,100049,100,99986,100,100053,100,99982,100,100057,100,99969,100,100063,200,99959,100,100077,200,99958,100,100079,100,99954,200,100087,100,99953,100,100089,100,99952,200
2019-06-28 09:30:00.000000089,100043,100,100019,100,100044,100,99993,100,100049,100,99986,100,100053,100,99982,100,100057,100,99975,100,100063,200,99969,100,100076,100,99959,100,100077,200,99958,100,100079,100,99954,200,100087,100,99953,100
2019-06-28 09:30:00.000000091,100043,100,100019,100,100044,100,99993,100,100049,100,99986,100,100053,100,99982,100,100057,100,99975,100,100063,200,99969,100,100076,100,99959,100,100077,200,99958,100,100079,100,99954,200,100087,100,99953,100
2019-06-28 09:30:00.000000098,100043,100,100019,200,100044,100,99993,100,100049,100,99986,100,100053,100,99982,100,100057,100,99975,100,100063,200,99969,100,100076,100,99959,100,100077,200,99958,100,100079,100,99954,200,100080,100,99953,100
2019-06-28 09:30:00.000000099,100043,100,100019,200,100044,100,99993,100,100049,100,99986,100,100053,100,99982,100,100057,100,99975,100,100063,200,99969,100,100076,100,99959,100,100077,200,99958,100,100079,100,99954,200,100080,100,99953,100
2019-06-28 09:30:05.096428192,100043,100,100019,200,100044,100,99993,100,100049,100,99986,100,100053,100,99982,100,100057,100,99975,100,100063,200,99969,100,100076,100,99959,100,100077,200,99958,100,100079,100,99954,200,100080,100,99953,100
2019-06-28 09:30:08.249824971,100043,100,100019,200,100044,100,99993,100,100049,100,99986,100,100053,100,99982,100,100057,100,99975,100,100063,200,99969,100,100076,100,99959,100,100077,200,99958,100,100079,100,99954,200,100080,100,99953,100
2019-06-28 09:30:10.000000000,100043,304,100019,404,100044,304,99993,304,100049,100,99986,100,100053,100,99982,100,100057,100,99975,100,100063,200,99969,100,100076,100,99959,100,100077,200,99958,100,100079,100,99954,200,100080,100,99953,100
2019-06-28 09:30:19.990693527,100043,304,100019,404,100044,304,99993,304,100049,100,99986,100,100053,100,99982,100,100057,100,99975,100,100063,200,99969,100,100076,100,99959,100,100077,200,99958,100,100079,100,99954,200,100080,100,99953,100
2019-06-28 09:30:20.000000000,100043,202,100019,302,100044,202,99993,202,100049,202,99986,202,100053,202,99982,202,100057,100,99975,100,100063,200,99969,100,100076,100,99959,100,100077,200,99958,100,100079,100,99954,200,100080,100,99953,100
2019-06-28 09:30:22.194321928,100043,2,100019,302,100044,202,99993,202,100049,202,99986,202,100053,202,99982,202,100057,100,99975,100,100063,200,99969,100,100076,100,99959,100,100077,200,99958,100,100079,100,99954,200,100080,100,99953,100
2019-06-28 09:30:30.000000000,100044,508,100019,608,100049,100,99993,100,100053,100,99986,100,100057,100,99982,100,100063,200,99975,100,100076,100,99969,100,100077,200,99959,100,100079,100,99958,100,100080,100,99954,200,100087,100,99953,100
2019-06-28 09:30:37.763043148,100044,508,100019,608,100049,100,99993,100,100053,100,99986,100,100057,100,99982,100,100063,200,99975,100,100076,100,99969,100,100077,200,99959,100,100079,100,99958,100,100080,100,99954,200,100087,100,99953,100
2019-06-28 09:30:40.000000000,100044,202,100019,302,100049,202,99993,202,100053,202,99986,202,100057,202,99982,202,100063,200,99975,100,100076,100,99969,100,100077,200,99959,100,100079,100,99958,100,100080,100,99954,200,100087,100,99953,100
2019-06-28 09:30:40.215031612,100044,202,100032,100,100049,202,100019,302,100053,202,99993,202,100057,202,99986,202,100063,200,99982,202,100076,100,99975,100,100077,200,99969,100,100079,100,99959,100,100080,100,99958,100,100087,100,99954,200
2019-06-28 09:30:49.493316945,100044,102,100032,100,100049,202,100019,302,100053,202,99993,202,100057,202,99986,202,100063,200,99982,202,100076,100,99975,100,100077,200,99969,100,100079,100,99959,100,100080,100,99958,100,100087,100,99954,200
2019-06-28 09:30:50.000000000,100049,182,100032,182,100053,182,100019,282,100057,182,99993,182,100063,282,99986,182,100076,182,99982,182,100077,200,99975,100,100079,100,99969,100,100080,100,99959,100,100087,100,99958,100,100089,200,99954,200
2019-06-28 09:30:56.737237092,100049,182,100032,182,100053,182,100019,282,100057,182,99993,182,100063,282,99986,182,100076,182,99982,182,100077,200,99975,100,100079,100,99969,100,100080,100,99959,100,100087,100,99958,100,100089,200,99954,200
2019-06-28 09:31:00.000000000,100049,239,100032,239,100053,235,100019,335,100057,235,99993,235,100063,200,99986,100,100076,100,99982,100,100077,200,99975,100,100079,100,99969,100,100080,100,99959,100,100087,100,99958,100,100089,200,99954,200
2019-06-28 09:31:07.552844924,100049,139,100032,239,100053,235,100019,335,100057,235,99993,235,100063,200,99986,100,100076,100,99982,100,100077,100,99975,100,100079,100,99969,100,100080,100,99959,100,100087,100,99958,100,100089,200,99954,200
2019-06-28 09:31:10.000000000,100053,239,100032,239,100057,235,100019,335,100063,335,99993,235,100076,100,99986,100,100077,100,99982,100,100079,100,99975,100,100080,100,99969,100,100087,100,99959,100,100089,200,99958,100,100103,100,99954,200
2019-06-28 09:31:20.000000000,100053,508,100032,508,100057,100,100019,200,100063,200,99993,100,100076,100,99986,100,100077,100,99982,100,100079,100,99975,100,100080,100,99969,100,100087,100,99959,100,100089,200,99958,100,100103,100,99954,200
2019-06-28 09:31:30.000000000,100053,304,100032,304,100057,304,100019,404,100063,200,99993,100,100076,100,99986,100,100077,100,99982,100,100079,100,99975,100,100080,100,99969,100,100087,100,99959,100,100089,200,99958,100,100103,100,99954,200
2019-06-28 09:31:40.000000000,100053,304,100032,304,100057,304,100019,404,100063,200,99993,100,100076,100,99986,100,100077,100,99982,100,100079,100,99975,100,100080,100,99969,100,100087,100,99959,100,100089,200,99958,100,100103,100,99954,200
2019-06-28 09:31:50.000000000,100053,304,100032,304,100057,304,100019,404,100063,200,99993,100,100076,100,99986,100,100077,100,99982,100,100079,100,99975,100,100080,100,99969,100,100087,100,99959,100,100089,200,99958,100,100103,100,99954,200
2019-06-28 09:31:57.988953236,100053,204,100032,304,100057,304,100019,404,100063,200,99993,100,100076,100,99986,100,100077,100,99982,100,100079,100,99975,100,100080,100,99959,100,100087,100,99958,100,100089,200,99954,200,100103,100,99953,100
2019-06-28 09:31:58.046190362,100053,104,100032,304,100057,304,100019,404,100063,200,99993,100,100076,100,99986,100,100077,100,99982,100,100079,100,99975,100,100080,100,99959,100,100087,100,99958,100,100089,200,99954,100,100103,100,99953,100
2019-06-28 09:32:00.000000000,100057,508,100032,508,100063,200,100019,200,100076,100,99993,100,100077,100,99986,100,100079,100,99982,100,100080,100,99975,100,100087,100,99959,100,100089,200,99958,100,100103,100,99954,100,100120,100,99953,100
2019-06-28 09:32:10.000000000,100057,508,100032,508,100063,200,100019,200,100076,100,99993,100,100077,100,99986,100,100079,100,99982,100,100080,100,99975,100,100087,100,99959,100,100089,200,99958,100,100103,100,99954,100,100120,100,99953,100
2019-06-28 09:32:12.964226242,100057,508,100053,100,100063,200,100032,508,100076,100,100019,200,100077,100,99993,100,100079,100,99986,100,100080,100,99982,100,100087,100,99975,100,100089,200,99959,100,100103,100,99958,100,100120,100,99953,100
2019-06-28 09:32:20.000000000,100057,239,100053,239,100063,335,100032,235,100076,235,100019,335,100077,100,99993,100,100079,100,99986,100,100080,100,99982,100,100087,100,99975,100,100089,200,99959,100,100103,100,99958,100,100120,100,99953,100
2019-06-28 09:32:30.000000000,100057,304,100053,304,100063,404,100032,304,100076,100,100019,200,100077,100,99993,100,100079,100,99986,100,100080,100,99982,100,100087,100,99975,100,100089,200,99959,100,100103,100,99958,100,100120,100,99953,100
2019-06-28 09:32:33.220992418,100057,304,100053,204,100063,404,100032,304,100076,100,100019,200,100077,100,99993,100,100079,100,99986,100,100080,100,99982,100,100087,100,99975,100,100089,200,99959,100,100103,100,99958,100,100120,100,99953,100
2019-06-28 09:32:40.000000000,100057,202,100032,202,100063,302,100019,302,100076,202,99993,202,100077,202,99986,202,100079,100,99982,100,100080,100,99975,100,100087,100,99959,100,100089,200,99958,100,100103,100,99953,100,100120,100,99945,100
2019-06-28 09:32:48.174373835,100057,202,100032,202,100063,302,100019,302,100076,202,99993,202,100077,202,99986,202,100079,100,99982,100,100080,100,99975,100,100087,100,99959,100,100089,200,99958,100,100103,100,99953,100,100120,100,99945,100
2019-06-28 09:32:50.000000000,100057,182,100032,182,100063,282,100019,282,100076,182,99993,182,100077,182,99986,182,100079,182,99982,182,100080,100,99975,100,100087,100,99959,100,100089,200,99958,100,100103,100,99953,100,100120,100,99945,100
2019-06-28 09:32:59.946021680,100057,182,100032,82,100063,282,100019,282,100076,182,99993,182,100077,182,99986,182,100079,182,99982,182,100080,100,99975,100,100087,100,99959,100,100089,200,99958,100,100103,100,99953,100,100120,100,99945,100
2019-06-28 09:33:00.000000000,100057,182,100019,282,100063,282,99993,182,100076,182,99986,182,100077,182,99982,182,100079,182,99975,182,100080,100,99959,100,100087,100,99958,100,100089,200,99953,100,100103,100,99945,100,100120,100,99930,100
2019-06-28 09:33:09.015481130,100057,182,100019,282,100063,282,99993,182,100076,182,99986,182,100077,182,99982,182,100079,182,99975,182,100080,100,99959,100,100087,100,99958,100,100089,200,99953,100,100103,100,99945,100,100120,100,99930,100
2019-06-28 09:33:10.000000000,100057,508,100019,608,100063,200,99993,100,100076,100,99986,100,100077,100,99982,100,100079,100,99975,100,100080,100,99959,100,100087,100,99958,100,100089,200,99953,100,100103,100,99945,100,100120,100,99930,100
2019-06-28 09:33:20.000000000,100057,508,100019,608,100063,200,99993,100,100076,100,99986,100,100077,100,99982,100,100079,100,99975,100,100080,100,99959,100,100087,100,99958,100,100089,200,99953,100,100103,100,99945,100,100120,100,99930,100
2019-06-28 09:33:27.439254932,100057,408,100019,608,100063,200,99993,100,100076,100,99986,100,100077,100,99982,100,100079,100,99975,100,100080,100,99959,100,100087,100,99958,100,100089,200,99953,100,100103,100,99945,100,100120,100,99930,100
2019-06-28 09:33:30.000000000,100063,302,100019,302,100076,202,99993,202,100077,202,99986,202,100079,202,99982,202,100080,100,99975,100,100087,100,99959,100,100089,200,99958,100,100103,100,99953,100,100120,100,99945,100,100146,100,99930,100
2019-06-28 09:33:32.355625449,100063,302,100019,302,100076,202,99993,202,100077,102,99986,202,100079,202,99982,202,100080,100,99975,100,100087,100,99959,100,100089,200,99958,100,100103,100,99953,100,100120,100,99945,100,100146,100,99930,100
2019-06-28 09:33:40.000000000,100063,302,100019,302,100076,202,99993,202,100079,202,99986,202,100080,202,99982,202,100087,100,99975,100,100089,200,99959,100,100103,100,99958,100,100120,100,99953,100,100146,100,99945,100,100154,100,99930,100
2019-06-28 09:33:41.882784424,100053,100,100019,302,100063,302,99993,202,100076,202,99986,202,100079,202,99982,202,100080,202,99975,100,100087,100,99959,100,100089,100,99958,100,100103,100,99953,100,100120,100,99945,100,100146,100,99930,100
2019-06-28 09:33:50.000000000,100053,202,100019,302,100063,302,99993,202,100076,202,99986,202,100079,202,99982,202,100080,100,99975,100,100087,100,99959,100,100089,100,99958,100,100103,100,99953,100,100120,100,99945,100,100146,100,99930,100
2019-06-28 09:33:54.439461280,100053,302,100019,302,100063,302,99993,202,100076,202,99986,202,100079,102,99982,202,100080,100,99975,100,100087,100,99959,100,100089,100,99958,100,100103,100,99953,100,100120,100,99945,100,100146,100,99930,100
2019-06-28 09:34:00.000000000,100053,282,100019,282,100063,282,99993,182,100076,182,99986,182,100080,182,99982,182,100087,182,99975,182,100089,100,99959,100,100103,100,99958,100,100120,100,99953,100,100146,100,99945,100,100154,100,99930,100
2019-06-28 09:34:10.000000000,100053,302,100019,302,100063,302,99993,202,100076,202,99986,202,100080,202,99982,202,100087,100,99975,100,100089,100,99959,100,100103,100,99958,100,100120,100,99953,100,100146,100,99945,100,100154,100,99930,100
2019-06-28 09:34:17.080119422,100053,302,100019,302,100063,302,99993,202,100076,202,99986,202,100080,202,99982,202,100087,100,99975,100,100089,100,99959,100,100103,100,99958,100,100120,100,99953,100,100146,100,99945,100,100154,100,99930,100
2019-06-28 09:34:20.000000000,100053,404,100019,404,100063,404,99993,304,100076,100,99986,100,100080,100,99982,100,100087,100,99975,100,100089,100,99959,100,100103,100,99958,100,100120,100,99953,100,100146,100,99945,100,100154,100,99930,100
2019-06-28 09:34:30.000000000,100053,302,100019,302,100063,302,99993,202,100076,202,99986,202,100080,202,99982,202,100087,100,99975,100,100089,100,99959,100,100103,100,99958,100,100120,100,99953,100,100146,100,99945,100,100154,100,99930,100
2019-06-28 09:34:40.000000000,100053,404,100019,404,100063,404,99993,304,100076,100,99986,100,100080,100,99982,100,100087,100,99975,100,100089,100,99959,100,100103,100,99958,100,100120,100,99953,100,100146,100,99945,100,100154,100,99930,100
2019-06-28 09:34:41.000872875,100053,404,100019,404,100063,404,99993,304,100076,100,99986,100,100080,100,99982,100,100087,100,99975,100,100089,100,99959,100,100103,100,99958,100,100120,100,99953,100,100146,100,99945,100,100154,100,99930,100
2019-06-28 09:34:47.811069039,100053,404,100019,304,100063,404,99993,304,100076,100,99986,100,100080,100,99982,100,100087,100,99975,100,100089,100,99959,100,100103,100,99958,100,100120,100,99953,100,100146,100,99945,100,100154,100,99930,100
2019-06-28 09:34:49.891453096,100053,404,100019,204,100063,404,99993,304,100076,100,99986,100,100080,100,99982,100,100087,100,99975,100,100089,100,99959,100,100103,100,99958,100,100120,100,99953,100,100146,100,99945,100,100154,100,99930,100
2019-06-28 09:34:50.000000000,100053,608,99993,508,100063,200,99986,100,100076,100,99982,100,100080,100,99975,100,100087,100,99959,100,100089,100,99958,100,100103,100,99953,100,100120,100,99945,100,100146,100,99930,100,100154,100,99920,100
2019-06-28 09:35:00.000000000,100053,608,99993,508,100063,200,99986,100,100076,100,99982,100,100080,100,99975,100,100087,100,99959,100,100089,100,99958,100,100103,100,99953,100,100120,100,99945,100,100146,100,99930,100,100154,100,99920,100
2019-06-28 09:35:10.000000000,100053,302,99993,202,100063,302,99986,202,100076,202,99982,202,100080,202,99975,202,100087,100,99959,100,100089,100,99958,100,100103,100,99953,100,100120,100,99945,100,100146,100,99930,100,100154,100,99920,100
2019-06-28 09:35:14.170310705,100053,302,99993,202,100063,302,99986,202,100076,202,99982,202,100080,202,99975,202,100087,100,99959,100,100089,100,99958,100,100103,100,99953,100,100120,100,99945,100,100146,100,99930,100,100154,100,99920,100
2019-06-28 09:35:16.581549405,100053,302,99993,102,100063,302,99986,202,100076,202,99982,202,100080,202,99975,202,100087,100,99959,100,100103,100,99958,100,100120,100,99953,100,100146,100,99945,100,100154,100,99930,100,100157,100,99920,100
2019-06-28 09:35:20.000000000,100053,339,99986,239,100063,335,99982,235,100076,235,99975,235,100080,100,99959,100,100087,100,99958,100,100103,100,99953,100,100120,100,99945,100,100146,100,99930,100,100154,100,99920,100,100157,100,99917,100
2019-06-28 09:35:29.932555892,100053,339,99986,139,100063,335,99982,235,100076,235,99975,235,100080,100,99959,100,100087,100,99958,100,100103,100,99953,100,100120,100,99945,100,100146,100,99930,100,100154,100,99920,100,100157,100,99917,100
2019-06-28 09:35:30.000000000,100053,404,99982,304,100063,404,99975,304,100076,100,99959,100,100080,100,99958,100,100087,100,99953,100,100103,100,99945,100,100120,100,99930,100,100146,100,99920,100,100154,100,99917,100,100157,100,99897,100
2019-06-28 09:35:32.369259621,99993,100,99982,304,100053,304,99975,304,100063,404,99959,100,100076,100,99958,100,100080,100,99953,100,100087,100,99945,100,100103,100,99930,100,100120,100,99920,100,100146,100,99917,100,100154,100,99897,100
2019-06-28 09:35:38.502490326,99993,200,99982,304,100053,204,99975,304,100063,404,99959,100,100076,100,99958,100,100080,100,99953,100,100087,100,99945,100,100103,100,99930,100,100120,100,99920,100,100146,100,99917,100,100154,100,99897,100
2019-06-28 09:35:40.000000000,99993,282,99982,182,100063,282,99975,182,100076,182,99959,182,100080,182,99958,182,100087,182,99953,182,100103,100,99945,100,100120,100,99930,100,100146,100,99920,100,100154,100,99917,100,100157,100,99897,100
2019-06-28 09:35:50.000000000,99993,302,99982,202,100063,302,99975,202,100076,202,99959,202,100080,202,99958,202,100087,100,99953,100,100103,100,99945,100,100120,100,99930,100,100146,100,99920,100,100154,100,99917,100,100157,100,99897,100
2019-06-28 09:36:00.000000000,99993,339,99982,239,100063,335,99975,235,100076,235,99959,235,100080,100,99958,100,100087,100,99953,100,100103,100,99945,100,100120,100,99930,100,100146,100,99920,100,100154,100,99917,100,100157,100,99897,100
2019-06-28 09:36:10.000000000,99993,302,99982,202,100063,302,99975,202,100076,202,99959,202,100080,202,99958,202,100087,100,99953,100,100103,100,99945,100,100120,100,99930,100,100146,100,99920,100,100154,100,99917,100,100157,100,99897,100
2019-06-28 09:36:20.000000000,99993,302,99982,202,100063,302,99975,202,100076,202,99959,202,100080,202,99958,202,100087,100,99953,100,100103,100,99945,100,100120,100,99930,100,100146,100,99920,100,100154,100,99917,100,100157,100,99897,100
2019-06-28 09:36:28.902286608,99993,302,99982,202,100063,302,99975,202,100076,202,99959,202,100080,202,99958,202,100087,100,99953,100,100103,100,99945,100,100120,100,99930,100,100146,100,99920,100,100154,100,99917,100,100157,100,99897,100
2019-06-28 09:36:30.000000000,99993,339,99982,239,100063,335,99975,235,100076,235,99959,235,100080,100,99958,100,100087,100,99953,100,100103,100,99945,100,100120,100,99930,100,100146,100,99920,100,100154,100,99917,100,100157,100,99897,100
2019-06-28 09:36:34.434951464,99993,339,99982,239,100059,100,99975,235,100063,335,99959,235,100076,235,99958,100,100080,100,99953,100,100087,100,99945,100,100103,100,99930,100,100120,100,99920,100,100146,100,99917,100,100154,100,99897,100
2019-06-28 09:36:38.845825361,99993,339,99982,239,100031,100,99975,235,100059,100,99959,235,100063,335,99958,100,100076,235,99945,100,100080,100,99930,100,100087,100,99920,100,100103,100,99917,100,100120,100,99897,100,100146,100,99894,100
2019-06-28 09:36:40.000000000,99993,282,99982,182,100031,182,99975,182,100059,182,99959,182,100063,282,99958,182,100076,182,99945,182,100080,100,99930,100,100087,100,99920,100,100103,100,99917,100,100120,100,99897,100,100146,100,99894,100
2019-06-28 09:36:41.779314345,99993,282,99982,182,100031,182,99975,182,100033,100,99959,182,100059,182,99958,182,100063,182,99945,182,100076,182,99930,100,100080,100,99920,100,100087,100,99917,100,100103,100,99897,100,100120,100,99894,100
2019-06-28 09:36:50.000000000,99993,404,99982,304,100031,304,99975,304,100033,100,99959,100,100059,100,99958,100,100063,100,99945,100,100076,100,99930,100,100080,100,99920,100,100087,100,99917,100,100103,100,99897,100,100120,100,99894,100
2019-06-28 09:37:00.000000000,99993,608,99982,508,100031,100,99975,100,100033,100,99959,100,100059,100,99958,100,100063,100,99945,100,100076,100,99930,100,100080,100,99920,100,100087,100,99917,100,100103,100,99897,100,100120,100,99894,100
2019-06-28 09:37:10.000000000,99993,302,99982,202,100031,202,99975,202,100033,202,99959,202,100059,202,99958,202,100063,100,99945,100,100076,100,99930,100,100080,100,99920,100,100087,100,99917,100,100103,100,99897,100,100120,100,99894,100
2019-06-28 09:37:20.000000000,99993,282,99982,182,100031,182,99975,182,100033,182,99959,182,100059,182,99958,182,100063,182,99945,182,100076,100,99930,100,100080,100,99920,100,100087,100,99917,100,100103,100,99897,100,100120,100,99894,100
2019-06-28 09:37:30.000000000,99993,302,99982,202,100031,202,99975,202,100033,202,99959,202,100059,202,99958,202,100063,100,99945,100,100076,100,99930,100,100080,100,99920,100,100087,100,99917,100,100103,100,99897,100,100120,100,99894,100
2019-06-28 09:37:30.406806776,99993,302,99982,202,100031,202,99975,202,100033,202,99959,202,100059,202,99958,202,100063,100,99945,100,100076,100,99930,100,100080,100,99920,100,100087,100,99917,100,100103,100,99897,100,100120,100,99894,100
2019-06-28 09:37:32.813364473,99993,302,99982,202,100031,202,99976,100,100033,202,99975,202,100059,202,99959,202,100063,100,99958,202,100076,100,99945,100,100080,100,99930,100,100087,100,99920,100,100103,100,99917,100,100120,100,99897,100
2019-06-28 09:37:40.000000000,99993,282,99982,182,100031,182,99976,182,100033,182,99975,182,100059,182,99959,182,100063,182,99958,182,100076,100,99945,100,100080,100,99930,100,100087,100,99920,100,100103,100,99917,100,100120,100,99897,100
2019-06-28 09:37:41.053934726,99993,282,99982,182,100031,82,99976,182,100033,182,99975,182,100059,182,99959,182,100063,182,99958,182,100076,100,99945,100,100080,100,99930,100,100087,100,99920,100,100103,100,99917,100,100120,100,99897,100
2019-06-28 09:37:50.000000000,99993,302,99982,202,100033,202,99976,202,100059,202,99975,202,100063,202,99959,202,100076,100,99958,100,100080,100,99945,100,100087,100,99930,100,100103,100,99920,100,100120,100,99917,100,100133,100,99897,100
2019-06-28 09:37:51.302660263,99993,202,99982,202,100033,202,99976,202,100059,202,99975,202,100063,202,99959,202,100076,100,99958,100,100080,100,99945,100,100087,100,99930,100,100103,100,99920,100,100120,100,99917,100,100133,100,99897,100
2019-06-28 09:37:54.867534155,99988,100,99982,202,99993,202,99976,202,100033,202,99975,202,100059,202,99959,202,100063,202,99958,100,100076,100,99945,100,100080,100,99930,100,100087,100,99920,100,100103,100,99917,100,100120,100,99897,100
2019-06-28 09:38:00.000000000,99988,304,99982,304,99993,304,99976,304,100033,100,99975,100,100059,100,99959,100,100063,100,99958,100,100076,100,99945,100,100080,100,99930,100,100087,100,99920,100,100103,100,99917,100,100120,100,99897,100
2019-06-28 09:38:07.923546272,99988,304,99982,304,99993,304,99976,304,100033,100,99975,100,100059,100,99959,100,100063,100,99958,100,100076,100,99945,100,100080,100,99930,100,100087,100,99920,100,100103,100,99917,100,100119,100,99897,100
2019-06-28 09:38:10.000000000,99988,508,99982,508,99993,100,99976,100,100033,100,99975,100,100059,100,99959,100,100063,100,99958,100,100076,100,99945,100,100080,100,99930,100,100087,100,99920,100,100103,100,99917,100,100119,100,99897,100
2019-06-28 09:38:20.000000000,99988,239,99982,239,99993,235,99976,235,100033,235,99975,235,100059,100,99959,100,100063,100,99958,100,100076,100,99945,100,100080,100,99930,100,100087,100,99920,100,100103,100,99917,100,100119,100,99897,100
2019-06-28 09:38:22.999285245,99988,139,99982,239,99993,235,99976,235,100033,235,99975,235,100059,100,99959,100,100063,100,99958,100,100076,100,99945,100,100080,100,99930,100,100087,100,99920,100,100119,100,99917,100,100120,100,99897,100
2019-06-28 09:38:30.000000000,99993,304,99982,304,100033,304,99976,304,100059,100,99975,100,100063,100,99959,100,100076,100,99958,100,100080,100,99945,100,100087,100,99930,100,100119,100,99920,100,100120,100,99917,100,100133,100,99897,100
2019-06-28 09:38:40.000000000,99993,508,99982,508,100033,100,99976,100,100059,100,99975,100,100063,100,99959,100,100076,100,99958,100,100080,100,99945,100,100087,100,99930,100,100119,100,99920,100,100120,100,99917,100,100133,100,99897,100
2019-06-28 09:38:46.711149139,99993,408,99982,508,100033,100,99976,100,100059,100,99975,100,100063,100,99959,100,100076,100,99958,100,100080,100,99945,100,100087,100,99930,100,100119,100,99920,100,100120,100,99917,100,100133,100,99897,100
2019-06-28 09:38:47.306852034,99993,408,99982,408,100011,100,99976,100,100033,100,99975,100,100059,100,99959,100,100063,100,99958,100,100076,100,99945,100,100080,100,99930,100,100087,100,99920,100,100119,100,99917,100,100120,100,99897,100
2019-06-28 09:38:50.000000000,100011,304,99976,304,100033,304,99975,304,100059,100,99959,100,100063,100,99958,100,100076,100,99945,100,100080,100,99930,100,100087,100,99920,100,100119,100,99917,100,100120,100,99897,100,100133,100,99894,100
2019-06-28 09:39:00.000000000,100011,239,99976,239,100033,235,99975,235,100059,235,99959,235,100063,100,99958,100,100076,100,99945,100,100080,100,99930,100,100087,100,99920,100,100119,100,99917,100,100120,100,99897,100,100133,100,99894,100
2019-06-28 09:39:10.000000000,100011,304,99976,304,100033,304,99975,304,100059,100,99959,100,100063,100,99958,100,100076,100,99945,100,100080,100,99930,100,100087,100,99920,100,100119,100,99917,100,100120,100,99897,100,100133,100,99894,100
2019-06-28 09:39:15.068554126,100011,304,99976,304,100033,304,99975,304,100059,100,99959,100,100063,100,99958,100,100076,100,99945,100,100080,100,99930,100,100087,100,99920,100,100119,100,99917,100,100120,100,99897,100,100133,100,99894,100
2019-06-28 09:39:20.000000000,100011,182,99976,182,100033,182,99975,182,100059,182,99959,182,100063,182,99958,182,100076,182,99945,182,100080,100,99930,100,100087,100,99920,100,100119,100,99917,100,100120,100,99897,100,100133,100,99894,100
2019-06-28 09:39:29.124416457,100011,182,99976,182,100033,182,99975,182,100059,182,99959,182,100063,182,99958,182,100076,182,99945,182,100080,100,99930,100,100087,100,99920,100,100119,100,99917,100,100120,100,99897,100,100133,100,99894,100
2019-06-28 09:39:30.000000000,100011,508,99976,508,100033,100,99975,100,100059,100,99959,100,100063,100,99958,100,100076,100,99945,100,100080,100,99930,100,100087,100,99920,100,100119,100,99917,100,100120,100,99897,100,100133,100,99894,100
2019-06-28 09:39:36.471007057,100011,408,99976,508,100033,100,99975,100,100059,100,99959,100,100063,100,99958,100,100076,100,99945,100,100080,100,99930,100,100087,100,99920,100,100119,100,99917,100,100120,100,99897,100,100133,100,99894,100
2019-06-28 09:39:40.000000000,100033,239,99976,239,100059,235,99975,235,100063,235,99959,235,100076,100,99958,100,100080,100,99945,100,100087,100,99930,100,100119,100,99920,100,100120,100,99917,100,100133,100,99897,100,100146,100,99894,100
2019-06-28 09:39:40.672294964,100033,239,99976,239,100059,235,99975,235,100063,235,99959,235,100076,100,99958,100,100080,100,99945,100,100087,100,99930,100,100119,100,99920,100,100120,100,99917,100,100133,100,99897,100,100146,100,99894,100
2019-06-28 09:39:46.328613700,100033,139,99976,239,100059,235,99975,235,100063,235,99959,235,100076,100,99958,100,100080,100,99945,100,100087,100,99930,100,100119,100,99920,100,100120,100,99917,100,100133,100,99897,100,100146,100,99894,100
2019-06-28 09:39:50.000000000,100059,182,99976,182,100063,182,99975,182,100076,182,99959,182,100080,182,99958,182,100087,182,99945,182,100119,100,99930,100,100120,100,99920,100,100133,100,99917,100,100146,100,99897,100,100154,100,99894,100
2019-06-28 09:40:00.000000000,100059,508,99976,508,100063,100,99975,100,100076,100,99959,100,100080,100,99958,100,100087,100,99945,100,100119,100,99930,100,100120,100,99920,100,100133,100,99917,100,100146,100,99897,100,100154,100,99894,100
2019-06-28 09:40:10.000000000,100059,508,99976,508,100063,100,99975,100,100076,100,99959,100,100080,100,99958,100,100087,100,99945,100,100119,100,99930,100,100120,100,99920,100,100133,100,99917,100,100146,100,99897,100,100154,100,99894,100
2019-06-28 09:40:20.000000000,100059,202,99976,202,100063,202,99975,202,100076,202,99959,202,100080,202,99958,202,100087,100,99945,100,100119,100,99930,100,100120,100,99920,100,100133,100,99917,100,100146,100,99897,100,100154,100,99894,100
2019-06-28 09:40:21.221560740,100059,202,99976,202,100063,202,99975,202,100076,202,99959,202,100080,202,99958,202,100087,100,99945,100,100119,100,99944,100,100120,100,99930,100,100133,100,99920,100,100154,100,99917,100,100184,100,99897,100
2019-06-28 09:40:23.266558965,100059,202,99976,202,100063,202,99975,202,100076,202,99959,202,100080,202,99958,202,100119,100,99945,100,100120,100,99944,100,100133,100,99930,100,100154,100,99920,100,100184,100,99917,100,100197,100,99897,100
2019-06-28 09:40:30.000000000,100059,239,99976,239,100063,235,99975,235,100076,235,99959,235,100080,100,99958,100,100119,100,99945,100,100120,100,99944,100,100133,100,99930,100,100154,100,99920,100,100184,100,99917,100,100197,100,99897,100
2019-06-28 09:40:40.000000000,100059,182,99976,182,100063,182,99975,182,100076,182,99959,182,100080,182,99958,182,100119,182,99945,182,100120,100,99944,100,100133,100,99930,100,100154,100,99920,100,100184,100,99917,100,100197,100,99897,100
2019-06-28 09:40:45.162440970,100059,182,99976,182,100063,182,99975,182,100076,182,99959,182,100080,182,99958,182,100119,182,99945,182,100120,100,99944,100,100133,100,99930,100,100154,100,99920,100,100184,100,99917,100,100197,100,99897,100
2019-06-28 09:40:50.000000000,100059,182,99976,182,100063,182,99975,182,100076,182,99959,182,100080,182,99958,182,100119,182,99945,182,100120,100,99944,100,100133,100,99930,100,100154,100,99920,100,100184,100,99917,100,100197,100,99897,100
2019-06-28 09:40:53.990775395,100059,182,99976,182,100063,182,99975,182,100076,182,99959,182,100080,182,99958,182,100119,182,99945,182,100120,100,99944,100,100133,100,99930,100,100154,100,99921,100,100184,100,99920,100,100197,100,99917,100
2019-06-28 09:41:00.000000000,100059,239,99976,239,100063,235,99975,235,100076,235,99959,235,100080,100,99958,100,100119,100,99945,100,100120,100,99944,100,100133,100,99930,100,100154,100,99921,100,100184,100,99920,100,100197,100,99917,100
2019-06-28 09:41:10.000000000,100059,182,99976,182,100063,182,99975,182,100076,182,99959,182,100080,182,99958,182,100119,182,99945,182,100120,100,99944,100,100133,100,99930,100,100154,100,99921,100,100184,100,99920,100,100197,100,99917,100
2019-06-28 09:41:12.116756098,100059,82,99976,182,100063,182,99975,182,100076,182,99959,182,100080,182,99958,182,100119,182,99945,182,100120,100,99930,100,100133,100,99921,100,100154,100,99920,100,100184,100,99917,100,100197,100,99897,100
2019-06-28 09:41:20.000000000,100063,182,99976,182,100076,182,99975,182,100080,182,99959,182,100119,182,99958,182,100120,182,99945,182,100133,100,99930,100,100154,100,99921,100,100184,100,99920,100,100197,100,99917,100,100272,100,99897,100
2019-06-28 09:41:30.000000000,100063,239,99976,239,100076,235,99975,235,100080,235,99959,235,100119,100,99958,100,100120,100,99945,100,100133,100,99930,100,100154,100,99921,100,100184,100,99920,100,100197,100,99917,100,100272,100,99897,100
2019-06-28 09:41:37.233306146,100063,239,100033,100,100076,235,99976,239,100080,235,99975,235,100119,100,99959,235,100120,100,99958,100,100133,100,99945,100,100154,100,99930,100,100184,100,99921,100,100197,100,99920,100,100272,100,99917,100
2019-06-28 09:41:40.000000000,100063,182,100033,182,100076,182,99976,182,100080,182,99975,182,100119,182,99959,182,100120,182,99958,182,100133,100,99945,100,100154,100,99930,100,100184,100,99921,100,100197,100,99920,100,100272,100,99917,100
2019-06-28 09:41:50.000000000,100063,202,100033,202,100076,202,99976,202,100080,202,99975,202,100119,202,99959,202,100120,100,99958,100,100133,100,99945,100,100154,100,99930,100,100184,100,99921,100,100197,100,99920,100,100272,100,99917,100
2019-06-28 09:42:00.000000000,100063,304,100033,304,100076,304,99976,304,100080,100,99975,100,100119,100,99959,100,100120,100,99958,100,100133,100,99945,100,100154,100,99930,100,100184,100,99921,100,100197,100,99920,100,100272,100,99917,100
2019-06-28 09:42:10.000000000,100063,202,100033,202,100076,202,99976,202,100080,202,99975,202,100119,202,99959,202,100120,100,99958,100,100133,100,99945,100,100154,100,99930,100,100184,100,99921,100,100197,100,99920,100,100272,100,99917,100
2019-06-28 09:42:14.205233310,100063,202,100033,302,100076,202,99976,202,100080,202,99975,202,100119,202,99959,202,100120,100,99958,100,100133,100,99945,100,100154,100,99930,100,100184,100,99921,100,100197,100,99920,100,100272,100,99917,100
2019-06-28 09:42:17.391272234,100063,102,100033,302,100076,202,99976,202,100080,202,99975,202,100119,202,99959,202,100120,100,99958,100,100133,100,99945,100,100154,100,99930,100,100184,100,99921,100,100197,100,99920,100,100272,100,99917,100
2019-06-28 09:42:20.000000000,100076,508,100033,608,100080,100,99976,100,100119,100,99975,100,100120,100,99959,100,100133,100,99958,100,100154,100,99945,100,100184,100,99930,100,100197,100,99921,100,100272,100,99920,100,100357,100,99917,100
2019-06-28 09:42:30.000000000,100076,202,100033,302,100080,202,99976,202,100119,202,99975,202,100120,202,99959,202,100133,100,99958,100,100154,100,99945,100,100184,100,99930,100,100197,100,99921,100,100272,100,99920,100,100357,100,99917,100
2019-06-28 09:42:40.000000000,100076,182,100033,282,100080,182,99976,182,100119,182,99975,182,100120,182,99959,182,100133,182,99958,182,100154,100,99945,100,100184,100,99930,100,100197,100,99921,100,100272,100,99920,100,100357,100,99917,100
2019-06-28 09:42:50.000000000,100076,182,100033,282,100080,182,99976,182,100119,182,99975,182,100120,182,99959,182,100133,182,99958,182,100154,100,99945,100,100184,100,99930,100,100197,100,99921,100,100272,100,99920,100,100357,100,99917,100
2019-06-28 09:42:59.574994291,100076,182,100033,282,100080,182,99976,182,100119,182,99975,182,100120,182,99959,182,100133,182,99958,182,100154,100,99945,100,100184,100,99930,100,100197,100,99921,100,100272,100,99920,100,100357,100,99917,100
2019-06-28 09:43:00.000000000,100076,239,100033,339,100080,235,99976,235,100119,235,99975,235,100120,100,99959,100,100133,100,99958,100,100154,100,99945,100,100184,100,99930,100,100197,100,99921,100,100272,100,99920,100,100357,100,99917,100
2019-06-28 09:43:05.813141532,100076,239,100059,100,100080,235,100033,339,100119,235,99976,235,100120,100,99975,235,100133,100,99959,100,100154,100,99958,100,100184,100,99945,100,100197,100,99930,100,100272,100,99921,100,100357,100,99920,100
2019-06-28 09:43:06.554233580,100076,139,100059,100,100080,235,100033,339,100119,235,99976,235,100120,100,99975,235,100133,100,99959,100,100154,100,99958,100,100184,100,99945,100,100197,100,99930,100,100272,100,99921,100,100357,100,99920,100
2019-06-28 09:43:10.000000000,100080,182,100059,182,100119,182,100033,282,100120,182,99976,182,100133,182,99975,182,100154,182,99959,182,100184,100,99958,100,100197,100,99945,100,100272,100,99930,100,100357,100,99921,100,100596,100,99920,100
2019-06-28 09:43:20.000000000,100080,304,100059,304,100119,304,100033,404,100120,100,99976,100,100133,100,99975,100,100154,100,99959,100,100184,100,99958,100,100197,100,99945,100,100272,100,99930,100,100357,100,99921,100,100596,100,99920,100
2019-06-28 09:43:30.000000000,100080,202,100059,202,100119,202,100033,302,100120,202,99976,202,100133,202,99975,202,100154,100,99959,100,100184,100,99958,100,100197,100,99945,100,100272,100,99930,100,100357,100,99921,100,100596,100,99920,100
2019-06-28 09:43:40.000000000,100080,508,100059,508,100119,100,100033,200,100120,100,99976,100,100133,100,99975,100,100154,100,99959,100,100184,100,99958,100,100197,100,99945,100,100272,100,99930,100,100357,100,99921,100,100596,100,99920,100
2019-06-28 09:43:50.000000000,100080,202,100059,202,100119,202,100033,302,100120,202,99976,202,100133,202,99975,202,100154,100,99959,100,100184,100,99958,100,100197,100,99945,100,100272,100,99930,100,100357,100,99921,100,100596,100,99920,100
2019-06-28 09:44:00.000000000,100080,182,100059,182,100119,182,100033,282,100120,182,99976,182,100133,182,99975,182,100154,182,99959,182,100184,100,99958,100,100197,100,99945,100,100272,100,99930,100,100357,100,99921,100,100596,100,99920,100
2019-06-28 09:44:10.000000000,100080,202,100059,202,100119,202,100033,302,100120,202,99976,202,100133,202,99975,202,100154,100,99959,100,100184,100,99958,100,100197,100,99945,100,100272,100,99930,100,100357,100,99921,100,100596,100,99920,100
2019-06-28 09:44:13.759073630,100080,202,100063,100,100119,202,100059,202,100120,202,100033,302,100133,202,99976,202,100154,100,99975,202,100184,100,99959,100,100197,100,99958,100,100272,100,99945,100,100357,100,99930,100,100596,100,99921,100
2019-06-28 09:44:18.743925649,100080,102,100063,100,100119,202,100059,202,100120,202,100033,302,100133,202,99976,202,100154,100,99975,202,100184,100,99959,100,100197,100,99958,100,100272,100,99945,100,100357,100,99930,100,100596,100,99921,100
2019-06-28 09:44:20.000000000,100119,508,100063,508,100120,100,100059,100,100133,100,100033,200,100154,100,99976,100,100184,100,99975,100,100197,100,99959,100,100272,100,99958,100,100357,100,99945,100,100596,100,99930,100,101143,100,99921,100
2019-06-28 09:44:30.000000000,100119,202,100063,202,100120,202,100059,202,100133,202,100033,302,100154,202,99976,202,100184,100,99975,100,100197,100,99959,100,100272,100,99958,100,100357,100,99945,100,100596,100,99930,100,101143,100,99921,100
2019-06-28 09:44:40.000000000,100119,304,100063,304,100120,304,100059,304,100133,100,100033,200,100154,100,99976,100,100184,100,99975,100,100197,100,99959,100,100272,100,99958,100,100357,100,99945,100,100596,100,99930,100,101143,100,99921,100
2019-06-28 09:44:45.447845722,100119,304,100063,304,100120,304,100059,304,100133,100,100033,200,100154,100,99976,100,100184,100,99975,100,100272,100,99959,100,100357,100,99958,100,100596,100,99945,100,101143,100,99930,100,,,99921,100
2019-06-28 09:44:47.993320485,100119,204,100063,304,100120,304,100059,304,100133,100,100033,200,100154,100,99976,100,100184,100,99975,100,100272,100,99959,100,100596,100,99958,100,101143,100,99945,100,,,99930,100,,,99921,100
2019-06-28 09:44:49.391945299,100119,204,100063,304,100120,304,100059,304,100133,100,100033,200,100154,100,99976,100,100184,100,99975,100,100272,100,99959,100,100596,100,99958,100,100946,100,99945,100,101143,100,99930,100,,,99921,100
2019-06-28 09:44:50.000000000,100120,239,100063,239,100133,235,100059,235,100154,235,100033,335,100184,100,99976,100,100272,100,99975,100,100596,100,99959,100,100946,100,99958,100,101143,100,99945,100,,,99930,100,,,99921,100
2019-06-28 09:44:56.678246675,100120,239,100063,239,100133,235,100059,135,100154,235,100033,335,100184,100,99976,100,100272,100,99975,100,100596,100,99959,100,100946,100,99958,100,101143,100,99945,100,,,99930,100,,,99921,100
2019-06-28 09:45:00.000000000,100120,182,100063,182,100133,182,100033,282,100154,182,99976,182,100184,182,99975,182,100272,182,99959,182,100596,100,99958,100,100946,100,99945,100,101143,100,99930,100,,,99921,100,,,99920,100
2019-06-28 09:45:10.000000000,100120,239,100063,239,100133,235,100033,335,100154,235,99976,235,100184,100,99975,100,100272,100,99959,100,100596,100,99958,100,100946,100,99945,100,101143,100,99930,100,,,99921,100,,,99920,100
2019-06-28 09:45:20.000000000,100120,182,100063,182,100133,182,100033,282,100154,182,99976,182,100184,182,99975,182,100272,182,99959,182,100596,100,99958,100,100946,100,99945,100,101143,100,99930,100,,,99921,100,,,99920,100
2019-06-28 09:45:29.564316978,100120,82,100063,182,100133,182,100033,282,100154,182,99976,182,100184,182,99975,182,100272,182,99959,182,100596,100,99958,100,101143,100,99945,100,,,99930,100,,,99921,100,,,99920,100
2019-06-28 09:45:30.000000000,100133,182,100063,182,100154,182,100033,282,100184,182,99976,182,100272,182,99975,182,100596,182,99959,182,101143,100,99958,100,,,99945,100,,,99930,100,,,99921,100,,,99920,100
2019-06-28 09:45:30.740921430,100133,182,100063,182,100154,182,100033,282,100184,182,99976,182,100272,182,99975,182,100596,182,99959,182,101143,100,99958,100,101195,100,99945,100,,,99930,100,,,99921,100,,,99920,100
2019-06-28 09:45:40.000000000,100133,508,100063,508,100154,100,100033,200,100184,100,99976,100,100272,100,99975,100,100596,100,99959,100,101143,100,99958,100,101195,100,99945,100,,,99930,100,,,99921,100,,,99920,100
2019-06-28 09:45:50.000000000,100133,182,100063,182,100154,182,100033,282,100184,182,99976,182,100272,182,99975,182,100596,182,99959,182,101143,100,99958,100,101195,100,99945,100,,,99930,100,,,99921,100,,,99920,100
2019-06-28 09:46:00.000000000,100133,182,100063,182,100154,182,100033,282,100184,182,99976,182,100272,182,99975,182,100596,182,99959,182,101143,100,99958,100,101195,100,99945,100,,,99930,100,,,99921,100,,,99920,100
2019-06-28 09:46:09.082758120,100133,82,100063,182,100154,182,100033,282,100184,182,99976,182,100272,182,99975,182,100596,182,99959,182,101143,100,99958,100,101195,100,99945,100,,,99930,100,,,99921,100,,,99920,100
2019-06-28 09:46:10.000000000,100154,508,100063,508,100184,100,100033,200,100272,100,99976,100,100596,100,99975,100,101143,100,99959,100,101195,100,99958,100,,,99945,100,,,99930,100,,,99921,100,,,99920,100
2019-06-28 09:46:16.571824194,100154,508,100063,508,100184,100,100033,200,100272,100,99976,100,100596,100,99975,100,101076,100,99959,100,101143,100,99958,100,101195,100,99945,100,,,99930,100,,,99921,100,,,99920,100
2019-06-28 09:46:20.000000000,100154,239,100063,239,100184,235,100033,335,100272,235,99976,235,100596,100,99975,100,101076,100,99959,100,101143,100,99958,100,101195,100,99945,100,,,99930,100,,,99921,100,,,99920,100
2019-06-28 09:46:30.000000000,100154,182,100063,182,100184,182,100033,282,100272,182,99976,182,100596,182,99975,182,101076,182,99959,182,101143,100,99958,100,101195,100,99945,100,,,99930,100,,,99921,100,,,99920,100
2019-06-28 09:46:37.521116514,100154,82,100063,182,100184,182,100033,282,100272,182,99976,182,100596,182,99975,182,101076,182,99959,182,101143,100,99958,100,101195,100,99945,100,,,99930,100,,,99921,100,,,99920,100
2019-06-28 09:46:40.000000000,100184,182,100063,182,100272,182,100033,282,100596,182,99976,182,101076,182,99975,182,101143,182,99959,182,101195,100,99958,100,,,99945,100,,,99930,100,,,99921,100,,,99920,100
2019-06-28 09:46:50.000000000,100184,304,100063,304,100272,304,100033,404,100596,100,99976,100,101076,100,99975,100,101143,100,99959,100,101195,100,99958,100,,,99945,100,,,99930,100,,,99921,100,,,99920,100
2019-06-28 09:47:00.000000000,100184,508,100063,508,100272,100,100033,200,100596,100,99976,100,101076,100,99975,100,101143,100,99959,100,101195,100,99958,100,,,99945,100,,,99930,100,,,99921,100,,,99920,100
2019-06-28 09:47:06.362708090,100184,408,100063,508,100272,100,100033,200,100596,100,99976,100,101076,100,99975,100,101143,100,99959,100,101195,100,99958,100,,,99945,100,,,99930,100,,,99921,100,,,99920,100
2019-06-28 09:47:10.000000000,100272,182,100063,182,100596,182,100033,282,101076,182,99976,182,101143,182,99975,182,101195,182,99959,182,,,99958,100,,,99945,100,,,99930,100,,,99921,100,,,99920,100
2019-06-28 09:47:20.000000000,100272,304,100063,304,100596,304,100033,404,101076,100,99976,100,101143,100,99975,100,101195,100,99959,100,,,99958,100,,,99945,100,,,99930,100,,,99921,100,,,99920,100
2019-06-28 09:47:24.803035199,100272,304,100063,304,100567,100,100033,404,100596,304,99976,100,101076,100,99975,100,101143,100,99959,100,101195,100,99958,100,,,99945,100,,,99930,100,,,99921,100,,,99920,100
2019-06-28 09:47:30.000000000,100272,202,100063,202,100567,202,100033,302,100596,202,99976,202,101076,202,99975,202,101143,100,99959,100,101195,100,99958,100,,,99945,100,,,99930,100,,,99921,100,,,99920,100
2019-06-28 09:47:40.000000000,100272,304,100063,304,100567,304,100033,404,100596,100,99976,100,101076,100,99975,100,101143,100,99959,100,101195,100,99958,100,,,99945,100,,,99930,100,,,99921,100,,,99920,100
2019-06-28 09:47:50.000000000,100272,304,100063,304,100567,304,100033,404,100596,100,99976,100,101076,100,99975,100,101143,100,99959,100,101195,100,99958,100,,,99945,100,,,99930,100,,,99921,100,,,99920,100
2019-06-28 09:48:00.000000000,100272,304,100063,304,100567,304,100033,404,100596,100,99976,100,101076,100,99975,100,101143,100,99959,100,101195,100,99958,100,,,99945,100,,,99930,100,,,99921,100,,,99920,100
2019-06-28 09:48:10.000000000,100272,182,100063,182,100567,182,100033,282,100596,182,99976,182,101076,182,99975,182,101143,182,99959,182,101195,100,99958,100,,,99945,100,,,99930,100,,,99921,100,,,99920,100
2019-06-28 09:48:15.808779894,100272,182,100154,100,100567,182,100063,182,100596,182,100033,282,101076,182,99976,182,101143,182,99975,182,101195,100,99959,182,,,99958,100,,,99945,100,,,99930,100,,,99921,100
2019-06-28 09:48:20.000000000,100272,239,100154,239,100567,235,100063,235,100596,235,100033,335,101076,100,99976,100,101143,100,99975,100,101195,100,99959,100,,,99958,100,,,99945,100,,,99930,100,,,99921,100
2019-06-28 09:48:24.990573594,100272,239,100154,339,100567,235,100063,235,100596,235,100033,335,101076,100,99976,100,101143,100,99975,100,101195,100,99959,100,,,99958,100,,,99945,100,,,99930,100,,,99921,100
2019-06-28 09:48:27.137736106,100272,139,100154,339,100567,235,100063,235,100596,235,100033,335,101076,100,99976,100,101143,100,99975,100,101195,100,99959,100,,,99958,100,,,99945,100,,,99930,100,,,99921,100
2019-06-28 09:48:30.000000000,100567,202,100154,302,100596,202,100063,202,101076,202,100033,302,101143,202,99976,202,101195,100,99975,100,,,99959,100,,,99958,100,,,99945,100,,,99930,100,,,99921,100
2019-06-28 09:48:40.000000000,100567,202,100154,302,100596,202,100063,202,101076,202,100033,302,101143,202,99976,202,101195,100,99975,100,,,99959,100,,,99958,100,,,99945,100,,,99930,100,,,99921,100
2019-06-28 09:48:49.173958917,100567,102,100154,302,100596,202,100063,202,101076,202,100033,302,101143,202,99976,202,101195,100,99975,100,,,99959,100,,,99958,100,,,99945,100,,,99930,100,,,99921,100
2019-06-28 09:48:50.000000000,100596,182,100154,282,101076,182,100063,182,101143,182,100033,282,101195,182,99976,182,101196,82,99975,182,,,99959,100,,,99958,100,,,99945,100,,,99930,100,,,99921,100
2019-06-28 09:48:59.668224780,100596,82,100154,282,101076,182,100063,182,101143,182,100033,282,101195,182,99976,182,101196,82,99975,182,,,99958,100,,,99945,100,,,99930,100,,,99921,100,,,99920,100
2019-06-28 09:49:00.000000000,101076,202,100154,302,101143,202,100063,202,101195,202,100033,302,101196,102,99976,202,,,99975,100,,,99958,100,,,99945,100,,,99930,100,,,99921,100,,,99920,100
2019-06-28 09:49:10.000000000,101076,304,100154,404,101143,304,100063,304,101195,100,100033,200,,,99976,100,,,99975,100,,,99958,100,,,99945,100,,,99930,100,,,99921,100,,,99920,100
2019-06-28 09:49:13.724407333,101076,304,100389,100,101143,304,100154,404,101195,100,100063,304,,,100033,200,,,99976,100,,,99975,100,,,99958,100,,,99945,100,,,99930,100,,,99921,100
2019-06-28 09:49:16.576467343,101076,304,100389,100,101143,304,100340,100,101195,100,100154,404,,,100063,304,,,100033,200,,,99976,100,,,99975,100,,,99958,100,,,99945,100,,,99930,100
2019-06-28 09:49:20.000000000,101076,508,100389,508,101143,100,100340,100,101195,100,100154,200,,,100063,100,,,100033,200,,,99976,100,,,99975,100,,,99958,100,,,99945,100,,,99930,100
2019-06-28 09:49:23.920197419,101076,508,100405,100,101143,100,100389,508,101195,100,100340,100,,,100154,200,,,100063,100,,,100033,200,,,99976,100,,,99975,100,,,99958,100,,,99945,100
2019-06-28 09:49:29.375461414,101076,508,100405,100,101143,100,100389,508,101195,100,100340,100,,,100223,100,,,100154,200,,,100063,100,,,100033,200,,,99976,100,,,99975,100,,,99958,100
2019-06-28 09:49:30.000000000,101076,182,100405,182,101143,182,100389,182,101195,182,100340,182,101196,82,100223,182,,,100154,282,,,100063,100,,,100033,200,,,99976,100,,,99975,100,,,99958,100
2019-06-28 09:49:40.000000000,101076,182,100405,182,101143,182,100389,182,101195,182,100340,182,101196,82,100223,182,,,100154,282,,,100063,100,,,100033,200,,,99976,100,,,99975,100,,,99958,100
2019-06-28 09:49:42.337320270,101076,182,100405,182,101143,182,100389,182,101195,182,100340,182,101196,82,100223,182,,,100154,282,,,100063,100,,,100033,200,,,99976,100,,,99975,100,,,99958,100
2019-06-28 09:49:50.000000000,101076,304,100405,304,101143,304,100389,304,101195,100,100340,100,,,100223,100,,,100154,200,,,100063,100,,,100033,200,,,99976,100,,,99975,100,,,99958,100
2019-06-28 09:49:51.654706074,101076,304,100405,204,101143,304,100389,304,101195,100,100340,100,,,100223,100,,,100154,200,,,100063,100,,,100033,200,,,99976,100,,,99975,100,,,99958,100
2019-06-28 09:50:00.000000000,101076,202,100389,202,101143,202,100340,202,101195,202,100223,202,101196,102,100154,302,,,100063,100,,,100033,200,,,99976,100,,,99975,100,,,99958,100,,,99945,100
2019-06-28 09:50:10.000000000,101076,304,100389,304,101143,304,100340,304,101195,100,100223,100,,,100154,200,,,100063,100,,,100033,200,,,99976,100,,,99975,100,,,99958,100,,,99945,100
2019-06-28 09:50:11.469228473,100595,100,100389,304,101076,304,100340,304,101143,304,100223,100,101195,100,100154,200,,,100063,100,,,100033,200,,,99976,100,,,99975,100,,,99958,100,,,99945,100
2019-06-28 09:50:12.445982734,100595,100,100389,204,101076,304,100340,304,101143,304,100223,100,101195,100,100154,200,,,100063,100,,,100033,200,,,99976,100,,,99975,100,,,99958,100,,,99945,100
2019-06-28 09:50:20.000000000,100595,202,100340,202,101076,202,100223,202,101143,202,100154,302,101195,202,100063,202,,,100033,200,,,99976,100,,,99975,100,,,99958,100,,,99945,100,,,99930,100
2019-06-28 09:50:20.314647391,100405,100,100340,202,100595,202,100223,202,101076,202,100154,302,101143,202,100063,202,101195,202,100033,200,,,99976,100,,,99975,100,,,99958,100,,,99945,100,,,99930,100
2019-06-28 09:50:30.000000000,100405,202,100340,202,100595,202,100223,202,101076,202,100154,302,101143,202,100063,202,101195,100,100033,200,,,99976,100,,,99975,100,,,99958,100,,,99945,100,,,99930,100
2019-06-28 09:50:40.000000000,100405,239,100340,239,100595,235,100223,235,101076,235,100154,335,101143,100,100063,100,101195,100,100033,200,,,99976,100,,,99975,100,,,99958,100,,,99945,100,,,99930,100
2019-06-28 09:50:50.000000000,100405,202,100340,202,100595,202,100223,202,101076,202,100154,302,101143,202,100063,202,101195,100,100033,200,,,99976,100,,,99975,100,,,99958,100,,,99945,100,,,99930,100
2019-06-28 09:50:54.685896431,100405,202,100340,202,100595,202,100223,202,101076,202,100154,302,101143,202,100063,202,101195,100,100033,100,,,99976,100,,,99975,100,,,99958,100,,,99945,100,,,99930,100
2019-06-28 09:51:00.000000000,100405,182,100340,182,100595,182,100223,182,101076,182,100154,282,101143,182,100063,182,101195,182,100033,182,,,99976,100,,,99975,100,,,99958,100,,,99945,100,,,99930,100
2019-06-28 09:51:09.442326582,100405,282,100340,182,100595,182,100223,182,101076,182,100154,282,101143,182,100063,182,101195,182,100033,182,,,99976,100,,,99975,100,,,99958,100,,,99945,100,,,99930,100
2019-06-28 09:51:10.000000000,100405,339,100340,239,100595,235,100223,235,101076,235,100154,335,101143,100,100063,100,101195,100,100033,100,,,99976,100,,,99975,100,,,99958,100,,,99945,100,,,99930,100
2019-06-28 09:51:20.000000000,100405,404,100340,304,100595,304,100223,304,101076,100,100154,200,101143,100,100063,100,101195,100,100033,100,,,99976,100,,,99975,100,,,99958,100,,,99945,100,,,99930,100
2019-06-28 09:51:29.058976262,100405,404,100340,304,100595,304,100223,304,101076,100,100154,200,101143,100,100063,100,101195,100,99976,100,,,99975,100,,,99958,100,,,99945,100,,,99930,100,,,99921,100
2019-06-28 09:51:30.000000000,100405,282,100340,182,100595,182,100223,182,101076,182,100154,282,101143,182,100063,182,101195,182,99976,182,,,99975,100,,,99958,100,,,99945,100,,,99930,100,,,99921,100
2019-06-28 09:51:30.073439180,100405,282,100340,82,100595,182,100223,182,101076,182,100154,282,101143,182,100063,182,101195,182,99976,182,,,99975,100,,,99958,100,,,99945,100,,,99930,100,,,99921,100
2019-06-28 09:51:36.043936894,100340,18,100223,182,100405,282,100154,282,100595,182,100063,182,101076,182,99976,182,101143,182,99975,100,101195,182,99958,100,,,99945,100,,,99930,100,,,99921,100,,,99917,100
2019-06-28 09:51:40.000000000,100340,426,100223,508,100405,200,100154,200,100595,100,100063,100,101076,100,99976,100,101143,100,99975,100,101195,100,99958,100,,,99945,100,,,99930,100,,,99921,100,,,99917,100
2019-06-28 09:51:40.799928648,100340,426,100223,408,100405,200,100154,200,100595,100,100063,100,101076,100,99976,100,101143,100,99975,100,101195,100,99958,100,,,99945,100,,,99930,100,,,99921,100,,,99917,100
2019-06-28 09:51:47.770614377,100340,408,100223,408,100405,200,100154,200,100595,100,100068,100,101076,100,100063,100,101143,100,99976,100,101195,100,99975,100,,,99958,100,,,99945,100,,,99930,100,,,99921,100
2019-06-28 09:51:49.302205755,100340,408,100223,308,100405,200,100154,200,100595,100,100068,100,101076,100,100063,100,101143,100,99976,100,101195,100,99975,100,,,99958,100,,,99945,100,,,99930,100,,,99921,100
2019-06-28 09:51:50.000000000,100405,302,100154,302,100595,202,100068,202,101076,202,100063,202,101143,202,99976,202,101195,100,99975,100,,,99958,100,,,99945,100,,,99930,100,,,99921,100,,,99917,100
2019-06-28 09:52:00.000000000,100405,404,100154,404,100595,304,100068,304,101076,100,100063,100,101143,100,99976,100,101195,100,99975,100,,,99958,100,,,99945,100,,,99930,100,,,99921,100,,,99917,100
2019-06-28 09:52:05.785845939,100405,404,100154,304,100595,304,100068,304,101076,100,100063,100,101143,100,99976,100,101195,100,99975,100,,,99958,100,,,99945,100,,,99930,100,,,99921,100,,,99917,100
2019-06-28 09:52:10.000000000,100405,404,100154,304,100595,304,100068,304,101076,100,100063,100,101143,100,99976,100,101195,100,99975,100,,,99958,100,,,99945,100,,,99930,100,,,99921,100,,,99917,100
2019-06-28 09:52:10.690184165,100405,404,100291,100,100595,304,100154,304,101076,100,100068,304,101143,100,100063,100,101195,100,99976,100,,,99975,100,,,99958,100,,,99945,100,,,99930,100,,,99921,100
2019-06-28 09:52:20.000000000,100405,282,100291,182,100595,182,100154,182,101076,182,100068,182,101143,182,100063,182,101195,182,99976,182,,,99975,100,,,99958,100,,,99945,100,,,99930,100,,,99921,100
2019-06-28 09:52:30.000000000,100405,282,100291,182,100595,182,100154,182,101076,182,100068,182,101143,182,100063,182,101195,182,99976,182,,,99975,100,,,99958,100,,,99945,100,,,99930,100,,,99921,100
2019-06-28 09:52:35.765888508,100405,282,100291,82,100595,82,100154,182,101076,182,100068,182,101143,182,100063,182,101195,182,99976,182,,,99975,100,,,99958,100,,,99945,100,,,99930,100,,,99921,100
2019-06-28 09:52:40.000000000,100405,608,100154,508,101076,100,100068,100,101143,100,100063,100,101195,100,99976,100,,,99975,100,,,99958,100,,,99945,100,,,99930,100,,,99921,100,,,99917,100
2019-06-28 09:52:43.504696452,100226,100,100154,508,100405,608,100068,100,101076,100,100063,100,101143,100,99976,100,101195,100,99975,100,,,99958,100,,,99945,100,,,99930,100,,,99921,100,,,99917,100
2019-06-28 09:52:50.000000000,100226,182,100154,182,100405,282,100068,182,101076,182,100063,182,101143,182,99976,182,101195,182,99975,182,,,99958,100,,,99945,100,,,99930,100,,,99921,100,,,99917,100
2019-06-28 09:53:00.000000000,100226,202,100154,202,100405,302,100068,202,101076,202,100063,202,101143,202,99976,202,101195,100,99975,100,,,99958,100,,,99945,100,,,99930,100,,,99921,100,,,99917,100
2019-06-28 09:53:10.000000000,100226,304,100154,304,100405,404,100068,304,101076,100,100063,100,101143,100,99976,100,101195,100,99975,100,,,99958,100,,,99945,100,,,99930,100,,,99921,100,,,99917,100
2019-06-28 09:53:11.777887971,100226,204,100154,304,100405,404,100068,304,101076,100,100063,100,101143,100,99976,100,101195,100,99975,100,,,99958,100,,,99945,100,,,99930,100,,,99921,100,,,99917,100
2019-06-28 09:53:20.000000000,100405,282,100154,182,101076,182,100068,182,101143,182,100063,182,101195,182,99976,182,101196,82,99975,182,,,99958,100,,,99945,100,,,99930,100,,,99921,100,,,99917,100
2019-06-28 09:53:30.000000000,100405,404,100154,304,101076,304,100068,304,101143,100,100063,100,101195,100,99976,100,,,99975,100,,,99958,100,,,99945,100,,,99930,100,,,99921,100,,,99917,100
2019-06-28 09:53:40.000000000,100405,282,100154,182,101076,182,100068,182,101143,182,100063,182,101195,182,99976,182,101196,82,99975,182,,,99958,100,,,99945,100,,,99930,100,,,99921,100,,,99917,100
2019-06-28 09:53:50.000000000,100405,339,100154,239,101076,235,100068,235,101143,235,100063,235,101195,100,99976,100,,,99975,100,,,99958,100,,,99945,100,,,99930,100,,,99921,100,,,99917,100
2019-06-28 09:53:55.499356242,100405,339,100292,100,101076,235,100154,239,101143,235,100068,235,101195,100,100063,235,,,99976,100,,,99975,100,,,99958,100,,,99945,100,,,99930,100,,,99921,100
2019-06-28 09:54:00.000000000,100405,282,100292,182,101076,182,100154,182,101143,182,100068,182,101195,182,100063,182,101196,82,99976,182,,,99975,100,,,99958,100,,,99945,100,,,99930,100,,,99921,100
2019-06-28 09:54:10.000000000,100405,339,100292,239,101076,235,100154,235,101143,235,100068,235,101195,100,100063,100,,,99976,100,,,99975,100,,,99958,100,,,99945,100,,,99930,100,,,99921,100
2019-06-28 09:54:11.528685757,100405,339,100292,239,100610,100,100154,235,101076,235,100068,235,101143,235,100063,100,101195,100,99976,100,,,99975,100,,,99958,100,,,99945,100,,,99930,100,,,99921,100
2019-06-28 09:54:20.000000000,100405,608,100292,508,100610,100,100154,100,101076,100,100068,100,101143,100,100063,100,101195,100,99976,100,,,99975,100,,,99958,100,,,99945,100,,,99930,100,,,99921,100
2019-06-28 09:54:20.339927590,100405,608,100292,508,100707,100,100154,100,101076,100,100068,100,101143,100,100063,100,101195,100,99976,100,,,99975,100,,,99958,100,,,99945,100,,,99930,100,,,99921,100
2019-06-28 09:54:22.303528260,100405,608,100292,508,100707,100,100275,100,101076,100,100154,100,101143,100,100068,100,101195,100,100063,100,,,99976,100,,,99975,100,,,99958,100,,,99945,100,,,99930,100
2019-06-28 09:54:30.000000000,100405,339,100292,239,100707,235,100275,235,101076,235,100154,235,101143,100,100068,100,101195,100,100063,100,,,99976,100,,,99975,100,,,99958,100,,,99945,100,,,99930,100
2019-06-28 09:54:32.782411463,100405,339,100292,239,100610,100,100275,235,100707,235,100154,235,101076,235,100068,100,101143,100,100063,100,101195,100,99976,100,,,99975,100,,,99958,100,,,99945,100,,,99930,100
2019-06-28 09:54:40.000000000,100405,608,100292,508,100610,100,100275,100,100707,100,100154,100,101076,100,100068,100,101143,100,100063,100,101195,100,99976,100,,,99975,100,,,99958,100,,,99945,100,,,99930,100
2019-06-28 09:54:45.432873459,100405,608,100320,100,100610,100,100292,508,100707,100,100275,100,101076,100,100154,100,101143,100,100068,100,,,100063,100,,,99976,100,,,99975,100,,,99958,100,,,99945,100
2019-06-28 09:54:50.000000000,100405,339,100320,239,100610,235,100292,235,100707,235,100275,235,101076,100,100154,100,101143,100,100068,100,,,100063,100,,,99976,100,,,99975,100,,,99958,100,,,99945,100
2019-06-28 09:54:56.039717076,100405,339,100320,139,100610,235,100292,235,100707,235,100275,235,101076,100,100154,100,101143,100,100068,100,,,100063,100,,,99976,100,,,99975,100,,,99958,100,,,99945,100
2019-06-28 09:54:56.757046489,100405,339,100320,139,100610,235,100292,235,100707,235,100275,235,101076,100,100247,100,101143,100,100154,100,,,100068,100,,,100063,100,,,99976,100,,,99975,100,,,99958,100
2019-06-28 09:55:00.000000000,100405,608,100292,508,100610,100,100275,100,100707,100,100247,100,101076,100,100154,100,101143,100,100068,100,,,100063,100,,,99976,100,,,99975,100,,,99958,100,,,99945,100
2019-06-28 09:55:01.370602933,100405,608,100292,508,100610,100,100275,200,100707,100,100247,100,101076,100,100154,100,101143,100,100068,100,,,100063,100,,,99976,100,,,99975,100,,,99958,100,,,99930,100
2019-06-28 09:55:01.408262960,100405,608,100292,508,100610,100,100278,100,100707,100,100275,200,101076,100,100247,100,101143,100,100154,100,,,100068,100,,,100063,100,,,99976,100,,,99975,100,,,99958,100
2019-06-28 09:55:10.000000000,100405,608,100292,508,100610,100,100278,100,100707,100,100275,200,101076,100,100247,100,101143,100,100154,100,,,100068,100,,,100063,100,,,99976,100,,,99975,100,,,99958,100
2019-06-28 09:55:20.000000000,100405,302,100292,202,100610,202,100278,202,100707,202,100275,302,101076,202,100247,202,101143,100,100154,100,,,100068,100,,,100063,100,,,99976,100,,,99975,100,,,99958,100
2019-06-28 09:55:30.000000000,100405,404,100292,304,100610,304,100278,304,100707,100,100275,200,101076,100,100247,100,101143,100,100154,100,,,100068,100,,,100063,100,,,99976,100,,,99975,100,,,99958,100
2019-06-28 09:55:40.000000000,100405,339,100292,239,100610,235,100278,235,100707,235,100275,335,101076,100,100247,100,101143,100,100154,100,,,100068,100,,,100063,100,,,99976,100,,,99975,100,,,99958,100
2019-06-28 09:55:50.000000000,100405,282,100292,182,100610,182,100278,182,100707,182,100275,282,101076,182,100247,182,101143,182,100154,182,,,100068,100,,,100063,100,,,99976,100,,,99975,100,,,99958,100
2019-06-28 09:56:00.000000000,100405,282,100292,182,100610,182,100278,182,100707,182,100275,282,101076,182,100247,182,101143,182,100154,182,,,100068,100,,,100063,100,,,99976,100,,,99975,100,,,99958,100
2019-06-28 09:56:07.475414054,100405,282,100321,100,100610,182,100292,182,100707,182,100278,182,101076,182,100275,282,101143,182,100247,182,,,100154,182,,,100068,100,,,100063,100,,,99976,100,,,99975,100
2019-06-28 09:56:10.000000000,100405,302,100321,202,100610,202,100292,202,100707,202,100278,202,101076,202,100275,302,101143,100,100247,100,,,100154,100,,,100068,100,,,100063,100,,,99976,100,,,99975,100
2019-06-28 09:56:20.000000000,100405,404,100321,304,100610,304,100292,304,100707,100,100278,100,101076,100,100275,200,101143,100,100247,100,,,100154,100,,,100068,100,,,100063,100,,,99976,100,,,99975,100
2019-06-28 09:56:30.000000000,100405,608,100321,508,100610,100,100292,100,100707,100,100278,100,101076,100,100275,200,101143,100,100247,100,,,100154,100,,,100068,100,,,100063,100,,,99976,100,,,99975,100
2019-06-28 09:56:37.031539913,100405,608,100321,508,100610,100,100293,100,100707,100,100292,100,101076,100,100278,100,101143,100,100275,200,,,100247,100,,,100154,100,,,100068,100,,,100063,100,,,99976,100
2019-06-28 09:56:37.493963536,100405,508,100321,508,100610,100,100293,100,100707,100,100292,100,101076,100,100278,100,101143,100,100275,200,,,100247,100,,,100154,100,,,100068,100,,,100063,100,,,99976,100
2019-06-28 09:56:40.000000000,100405,508,100321,508,100610,100,100293,100,100707,100,100292,100,101076,100,100278,100,101143,100,100275,200,,,100247,100,,,100154,100,,,100068,100,,,100063,100,,,99976,100
2019-06-28 09:56:50.000000000,100405,239,100321,239,100610,235,100293,235,100707,235,100292,235,101076,100,100278,100,101143,100,100275,200,,,100247,100,,,100154,100,,,100068,100,,,100063,100,,,99976,100
2019-06-28 09:57:00.000000000,100405,508,100321,508,100610,100,100293,100,100707,100,100292,100,101076,100,100278,100,101143,100,100275,200,,,100247,100,,,100154,100,,,100068,100,,,100063,100,,,99976,100
2019-06-28 09:57:10.000000000,100405,239,100321,239,100610,235,100293,235,100707,235,100292,235,101076,100,100278,100,101143,100,100275,200,,,100247,100,,,100154,100,,,100068,100,,,100063,100,,,99976,100
2019-06-28 09:57:18.366952963,100405,239,100321,239,100610,235,100293,235,100707,235,100292,235,100783,100,100278,100,101076,100,100275,200,101143,100,100154,100,,,100068,100,,,100063,100,,,99976,100,,,99975,100
2019-06-28 09:57:20.000000000,100405,508,100321,508,100610,100,100293,100,100707,100,100292,100,100783,100,100278,100,101076,100,100275,200,101143,100,100154,100,,,100068,100,,,100063,100,,,99976,100,,,99975,100
2019-06-28 09:57:30.000000000,100405,304,100321,304,100610,304,100293,304,100707,100,100292,100,100783,100,100278,100,101076,100,100275,200,101143,100,100154,100,,,100068,100,,,100063,100,,,99976,100,,,99975,100
2019-06-28 09:57:40.000000000,100405,304,100321,304,100610,304,100293,304,100707,100,100292,100,100783,100,100278,100,101076,100,100275,200,101143,100,100154,100,,,100068,100,,,100063,100,,,99976,100,,,99975,100
2019-06-28 09:57:50.000000000,100405,239,100321,239,100610,235,100293,235,100707,235,100292,235,100783,100,100278,100,101076,100,100275,200,101143,100,100154,100,,,100068,100,,,100063,100,,,99976,100,,,99975,100
2019-06-28 09:57:57.383399693,100405,239,100321,239,100610,235,100293,235,100707,235,100292,235,100783,100,100278,100,100953,100,100275,200,101076,100,100154,100,101143,100,100068,100,,,100063,100,,,99976,100,,,99975,100
2019-06-28 09:57:58.778408667,100405,239,100321,239,100610,235,100293,235,100707,235,100292,235,100783,100,100278,100,100953,100,100275,200,101076,100,100154,100,101143,100,100068,100,,,99976,100,,,99975,100,,,99930,100
2019-06-28 09:58:00.000000000,100405,182,100321,182,100610,182,100293,182,100707,182,100292,182,100783,182,100278,182,100953,182,100275,282,101076,100,100154,100,101143,100,100068,100,,,99976,100,,,99975,100,,,99930,100
2019-06-28 09:58:10.000000000,100405,202,100321,202,100610,202,100293,202,100707,202,100292,202,100783,202,100278,202,100953,100,100275,200,101076,100,100154,100,101143,100,100068,100,,,99976,100,,,99975,100,,,99930,100
2019-06-28 09:58:12.362362320,100405,102,100321,202,100610,202,100293,202,100707,202,100292,202,100783,202,100278,202,100953,100,100275,100,101076,100,100154,100,101143,100,100068,100,,,99976,100,,,99975,100,,,99930,100
2019-06-28 09:58:20.000000000,100610,182,100321,182,100707,182,100293,182,100783,182,100292,182,100953,182,100278,182,101076,182,100275,182,101143,100,100154,100,,,100068,100,,,99976,100,,,99975,100,,,99930,100
2019-06-28 09:58:22.447841222,100610,182,100321,182,100707,182,100307,100,100783,182,100293,182,100953,182,100292,182,101076,182,100278,182,101143,100,100275,182,,,100154,100,,,100068,100,,,99976,100,,,99975,100
2019-06-28 09:58:30.000000000,100610,239,100321,239,100707,235,100307,235,100783,235,100293,235,100953,100,100292,100,101076,100,100278,100,101143,100,100275,100,,,100154,100,,,100068,100,,,99976,100,,,99975,100
2019-06-28 09:58:40.000000000,100610,182,100321,182,100707,182,100307,182,100783,182,100293,182,100953,182,100292,182,101076,182,100278,182,101143,100,100275,100,,,100154,100,,,100068,100,,,99976,100,,,99975,100
2019-06-28 09:58:50.000000000,100610,239,100321,239,100707,235,100307,235,100783,235,100293,235,100953,100,100292,100,101076,100,100278,100,101143,100,100275,100,,,100154,100,,,100068,100,,,99976,100,,,99975,100
2019-06-28 09:58:57.767693210,100610,239,100321,139,100707,235,100307,235,100783,235,100293,235,100953,100,100292,100,101076,100,100278,100,101143,100,100275,100,,,100154,100,,,100068,100,,,99976,100,,,99975,100
2019-06-28 09:59:00.000000000,100610,239,100307,239,100707,235,100293,235,100783,235,100292,235,100953,100,100278,100,101076,100,100275,100,101143,100,100154,100,,,100068,100,,,99976,100,,,99975,100,,,99930,100
2019-06-28 09:59:03.776427994,100610,139,100307,239,100707,235,100293,235,100783,235,100292,235,100953,100,100278,100,101076,100,100275,100,101143,100,100154,100,,,100068,100,,,99976,100,,,99975,100,,,99930,100
2019-06-28 09:59:10.000000000,100707,304,100307,304,100783,304,100293,304,100953,100,100292,100,101076,100,100278,100,101143,100,100275,100,,,100154,100,,,100068,100,,,99976,100,,,99975,100,,,99930,100
2019-06-28 09:59:13.100502088,100707,304,100307,204,100783,304,100293,304,100953,100,100292,100,101076,100,100278,100,101143,100,100275,100,,,100154,100,,,100068,100,,,99976,100,,,99975,100,,,99930,100
2019-06-28 09:59:20.000000000,100707,182,100293,182,100783,182,100292,182,100953,182,100278,182,101076,182,100275,182,101143,182,100154,182,,,100068,100,,,99976,100,,,99975,100,,,99930,100,,,99921,100
2019-06-28 09:59:30.000000000,100707,202,100293,202,100783,202,100292,202,100953,202,100278,202,101076,202,100275,202,101143,100,100154,100,,,100068,100,,,99976,100,,,99975,100,,,99930,100,,,99921,100
2019-06-28 09:59:40.000000000,100707,304,100293,304,100783,304,100292,304,100953,100,100278,100,101076,100,100275,100,101143,100,100154,100,,,100068,100,,,99976,100,,,99975,100,,,99930,100,,,99921,100
2019-06-28 09:59:50.000000000,100707,239,100293,239,100783,235,100292,235,100953,235,100278,235,101076,100,100275,100,101143,100,100154,100,,,100068,100,,,99976,100,,,99975,100,,,99930,100,,,99921,100
2019-06-28 09:59:52.558814019,100707,239,100293,139,100783,235,100292,235,100953,235,100278,235,101076,100,100275,100,101143,100,100154,100,,,100068,100,,,99976,100,,,99975,100,,,99930,100,,,99921,100
2019-06-28 09:59:58.767135629,100707,239,100293,139,100783,235,100292,235,100953,235,100278,235,101076,100,100275,100,101143,100,100154,100,,,100068,100,,,99976,100,,,99975,100,,,99930,100,,,99921,100
2019-06-28 10:00:00.000000000,100707,182,100292,182,100783,182,100278,182,100953,182,100275,182,101076,182,100154,182,101143,182,100068,182,,,99976,100,,,99975,100,,,99930,100,,,99921,100,,,99917,100
2019-06-28 10:00:07.613243216,100707,182,100292,182,100783,182,100278,182,100953,182,100275,182,101076,182,100154,182,101143,182,100068,182,,,99976,100,,,99975,100,,,99930,100,,,99921,100,,,99917,100
2019-06-28 10:00:10.000000000,100707,304,100292,304,100783,304,100278,304,100953,100,100275,100,101076,100,100154,100,101143,100,100068,100,,,99976,100,,,99975,100,,,99930,100,,,99921,100,,,99917,100
2019-06-28 10:00:14.172405886,100707,304,100292,304,100783,304,100278,304,100953,100,100275,100,101076,100,100154,100,101143,100,100068,100,,,99976,100,,,99975,100,,,99930,100,,,99921,100,,,99917,100
2019-06-28 10:00:20.000000000,100707,182,100292,182,100783,182,100278,182,100953,182,100275,182,101076,182,100154,182,101143,182,100068,182,,,99976,100,,,99975,100,,,99930,100,,,99921,100,,,99917,100
2019-06-28 10:00:21.869448577,100707,182,100292,182,100783,182,100278,182,100953,82,100275,182,101076,182,100154,182,101143,182,100068,182,,,99976,100,,,99975,100,,,99930,100,,,99921,100,,,99917,100
2019-06-28 10:00:30.000000000,100707,508,100292,508,100783,100,100278,100,101076,100,100275,100,101143,100,100154,100,,,100068,100,,,99976,100,,,99975,100,,,99930,100,,,99921,100,,,99917,100
2019-06-28 10:00:40.000000000,100707,239,100292,239,100783,235,100278,235,101076,235,100275,235,101143,100,100154,100,,,100068,100,,,99976,100,,,99975,100,,,99930,100,,,99921,100,,,99917,100
2019-06-28 10:00:40.869604767,100707,239,100292,239,100783,235,100278,235,101076,235,100275,235,101143,100,100154,100,,,100068,100,,,99976,100,,,99975,100,,,99930,100,,,99921,100,,,99917,100
2019-06-28 10:00:45.095936994,100707,239,100292,239,100783,235,100278,235,101076,235,100275,235,101143,100,100154,100,,,100068,100,,,99976,100,,,99975,100,,,99921,100,,,99917,100,,,99915,100
2019-06-28 10:00:50.000000000,100707,508,100292,508,100783,100,100278,100,101076,100,100275,100,101143,100,100154,100,,,100068,100,,,99976,100,,,99975,100,,,99921,100,,,99917,100,,,99915,100
2019-06-28 10:01:00.000000000,100707,304,100292,304,100783,304,100278,304,101076,100,100275,100,101143,100,100154,100,,,100068,100,,,99976,100,,,99975,100,,,99921,100,,,99917,100,,,99915,100
2019-06-28 10:01:05.727930259,100707,304,100292,204,100783,304,100278,304,101143,100,100275,100,,,100154,100,,,100068,100,,,99976,100,,,99975,100,,,99921,100,,,99917,100,,,99915,100
2019-06-28 10:01:08.383419461,100707,304,100292,204,100783,304,100278,304,101143,100,100275,100,,,100154,100,,,100068,100,,,99976,100,,,99975,100,,,99921,100,,,99917,100,,,99915,100
2019-06-28 10:01:10.000000000,100707,239,100278,239,100783,235,100275,235,101143,235,100154,235,,,100068,100,,,99976,100,,,99975,100,,,99921,100,,,99917,100,,,99915,100,,,99883,100
2019-06-28 10:01:18.176642255,100707,239,100278,139,100783,235,100275,235,101143,235,100154,235,,,100068,100,,,99976,100,,,99975,100,,,99921,100,,,99917,100,,,99915,100,,,99883,100
2019-06-28 10:01:20.000000000,100707,304,100275,304,100783,304,100154,304,101143,100,100068,100,,,99976,100,,,99975,100,,,99921,100,,,99917,100,,,99915,100,,,99883,100,,,99878,100
2019-06-28 10:01:30.000000000,100707,202,100275,202,100783,202,100154,202,101143,202,100068,202,101144,102,99976,202,,,99975,100,,,99921,100,,,99917,100,,,99915,100,,,99883,100,,,99878,100
2019-06-28 10:01:37.674895803,100707,202,100275,202,100783,202,100158,100,101143,202,100154,202,101144,102,100068,202,,,99976,202,,,99975,100,,,99921,100,,,99917,100,,,99915,100,,,99883,100
2019-06-28 10:01:40.000000000,100707,508,100275,508,100783,100,100158,100,101143,100,100154,100,,,100068,100,,,99976,100,,,99975,100,,,99921,100,,,99917,100,,,99915,100,,,99883,100
2019-06-28 10:01:41.846435964,100292,100,100275,508,100707,508,100158,100,100783,100,100154,100,101143,100,100068,100,,,99976,100,,,99975,100,,,99921,100,,,99917,100,,,99915,100,,,99883,100
2019-06-28 10:01:48.904899850,100292,100,100275,508,100707,508,100246,100,100783,100,100158,100,101143,100,100154,100,,,100068,100,,,99976,100,,,99921,100,,,99917,100,,,99915,100,,,99883,100
2019-06-28 10:01:50.000000000,100292,182,100275,182,100707,182,100246,182,100783,182,100158,182,101143,182,100154,182,101144,82,100068,182,,,99976,100,,,99921,100,,,99917,100,,,99915,100,,,99883,100
2019-06-28 10:02:00.000000000,100292,304,100275,304,100707,304,100246,304,100783,100,100158,100,101143,100,100154,100,,,100068,100,,,99976,100,,,99921,100,,,99917,100,,,99915,100,,,99883,100
2019-06-28 10:02:10.000000000,100292,239,100275,239,100707,235,100246,235,100783,235,100158,235,101143,100,100154,100,,,100068,100,,,99976,100,,,99921,100,,,99917,100,,,99915,100,,,99883,100
2019-06-28 10:02:20.000000000,100292,304,100275,304,100707,304,100246,304,100783,100,100158,100,101143,100,100154,100,,,100068,100,,,99976,100,,,99921,100,,,99917,100,,,99915,100,,,99883,100
2019-06-28 10:02:30.000000000,100292,239,100275,239,100707,235,100246,235,100783,235,100158,235,101143,100,100154,100,,,100068,100,,,99976,100,,,99921,100,,,99917,100,,,99915,100,,,99883,100
2019-06-28 10:02:40.000000000,100292,202,100275,202,100707,202,100246,202,100783,202,100158,202,101143,202,100154,202,,,100068,100,,,99976,100,,,99921,100,,,99917,100,,,99915,100,,,99883,100
2019-06-28 10:02:40.137510201,100292,202,100275,202,100707,202,100246,202,100783,202,100158,202,101143,202,100154,202,,,100068,100,,,99976,100,,,99921,100,,,99917,100,,,99915,100,,,99883,100
2019-06-28 10:02:46.995115819,100292,202,100275,102,100707,202,100246,202,100783,202,100158,202,101143,202,100154,202,,,100068,100,,,99976,100,,,99921,100,,,99917,100,,,99915,100,,,99883,100
2019-06-28 10:02:50.000000000,100292,304,100246,304,100707,304,100158,304,100783,100,100154,100,101143,100,100068,100,,,99976,100,,,99921,100,,,99917,100,,,99915,100,,,99883,100,,,99878,100
2019-06-28 10:02:52.934706755,100292,304,100246,204,100707,304,100158,304,100783,100,100154,100,101143,100,100068,100,,,99976,100,,,99921,100,,,99917,100,,,99915,100,,,99883,100,,,99878,100
2019-06-28 10:03:00.000000000,100292,304,100158,304,100707,304,100154,304,100783,100,100068,100,101143,100,99976,100,,,99921,100,,,99917,100,,,99915,100,,,99883,100,,,99878,100,,,99839,100
2019-06-28 10:03:10.000000000,100292,182,100158,182,100707,182,100154,182,100783,182,100068,182,101143,182,99976,182,101144,82,99921,182,,,99917,100,,,99915,100,,,99883,100,,,99878,100,,,99839,100
2019-06-28 10:03:15.250295482,100292,182,100158,82,100707,182,100154,182,100783,182,100068,182,101143,182,99976,182,101144,82,99921,182,,,99917,100,,,99915,100,,,99883,100,,,99878,100,,,99839,100
2019-06-28 10:03:18.564070096,100292,182,100158,82,100707,182,100154,182,100783,182,100068,182,101143,182,99976,182,101144,82,99921,182,,,99917,100,,,99915,100,,,99883,100,,,99878,100,,,99839,100
2019-06-28 10:03:20.000000000,100292,239,100154,239,100707,235,100068,235,100783,235,99976,235,101143,100,99921,100,,,99917,100,,,99915,100,,,99883,100,,,99878,100,,,99839,100,,,99808,100
2019-06-28 10:03:20.339966357,100292,239,100154,139,100707,235,100068,235,100783,235,99976,235,101143,100,99921,100,,,99917,100,,,99915,100,,,99883,100,,,99878,100,,,99839,100,,,99808,100
2019-06-28 10:03:30.000000000,100292,304,100068,304,100707,304,99976,304,100783,100,99921,100,101143,100,99917,100,,,99915,100,,,99883,100,,,99878,100,,,99839,100,,,99808,100,,,99502,100
2019-06-28 10:03:33.416978811,100292,304,100068,204,100707,304,99976,304,100783,100,99921,100,101143,100,99917,100,,,99915,100,,,99883,100,,,99878,100,,,99839,100,,,99808,100,,,99502,100
2019-06-28 10:03:40.000000000,100292,239,99976,239,100707,235,99921,235,100783,235,99917,235,101143,100,99915,100,,,99883,100,,,99878,100,,,99839,100,,,99808,100,,,99502,100,,,99445,100
2019-06-28 10:03:50.000000000,100292,202,99976,202,100707,202,99921,202,100783,202,99917,202,101143,202,99915,202,,,99883,100,,,99878,100,,,99839,100,,,99808,100,,,99502,100,,,99445,100
2019-06-28 10:03:54.361431486,100154,100,99976,202,100292,202,99921,202,100707,202,99917,202,100783,202,99915,202,101143,202,99883,100,,,99878,100,,,99839,100,,,99808,100,,,99502,100,,,99445,100
2019-06-28 10:04:00.000000000,100154,182,99976,182,100292,182,99921,182,100707,182,99917,182,100783,182,99915,182,101143,182,99883,182,,,99878,100,,,99839,100,,,99808,100,,,99502,100,,,99445,100
2019-06-28 10:04:10.000000000,100154,182,99976,182,100292,182,99921,182,100707,182,99917,182,100783,182,99915,182,101143,182,99883,182,,,99878,100,,,99839,100,,,99808,100,,,99502,100,,,99445,100
2019-06-28 10:04:20.000000000,100154,239,99976,239,100292,235,99921,235,100707,235,99917,235,100783,100,99915,100,101143,100,99883,100,,,99878,100,,,99839,100,,,99808,100,,,99502,100,,,99445,100
2019-06-28 10:04:30.000000000,100154,202,99976,202,100292,202,99921,202,100707,202,99917,202,100783,202,99915,202,101143,100,99883,100,,,99878,100,,,99839,100,,,99808,100,,,99502,100,,,99445,100
2019-06-28 10:04:30.848510945,100154,302,99976,202,100292,102,99921,202,100707,202,99917,202,100783,202,99915,202,101143,100,99883,100,,,99878,100,,,99839,100,,,99808,100,,,99502,100,,,99445,100
2019-06-28 10:04:35.122550315,100154,302,99976,202,100292,102,99921,202,100707,202,99917,202,100783,202,99915,202,101143,100,99883,100,,,99878,100,,,99839,100,,,99808,100,,,99502,100,,,99445,100
2019-06-28 10:04:40.000000000,100154,282,99976,182,100707,182,99921,182,100783,182,99917,182,101143,182,99915,182,101144,82,99883,182,,,99878,100,,,99839,100,,,99808,100,,,99502,100,,,99445,100
2019-06-28 10:04:50.000000000,100154,608,99976,508,100707,100,99921,100,100783,100,99917,100,101143,100,99915,100,,,99883,100,,,99878,100,,,99839,100,,,99808,100,,,99502,100,,,99445,100
2019-06-28 10:05:00.000000000,100154,282,99976,182,100707,182,99921,182,100783,182,99917,182,101143,182,99915,182,101144,82,99883,182,,,99878,100,,,99839,100,,,99808,100,,,99502,100,,,99445,100
2019-06-28 10:05:10.000000000,100154,339,99976,239,100707,235,99921,235,100783,235,99917,235,101143,100,99915,100,,,99883,100,,,99878,100,,,99839,100,,,99808,100,,,99502,100,,,99445,100
2019-06-28 10:05:20.000000000,100154,339,99976,239,100707,235,99921,235,100783,235,99917,235,101143,100,99915,100,,,99883,100,,,99878,100,,,99839,100,,,99808,100,,,99502,100,,,99445,100
2019-06-28 10:05:29.017391260,100154,439,99976,239,100707,235,99921,235,100783,235,99917,235,101143,100,99915,100,,,99883,100,,,99878,100,,,99839,100,,,99808,100,,,99502,100,,,99445,100
2019-06-28 10:05:29.604418100,100154,539,99976,239,100707,235,99921,235,100783,235,99917,235,101143,100,99915,100,,,99883,100,,,99878,100,,,99839,100,,,99808,100,,,99502,100,,,99445,100
2019-06-28 10:05:30.000000000,100154,539,99976,239,100707,235,99921,235,100783,235,99917,235,101143,100,99915,100,,,99883,100,,,99878,100,,,99839,100,,,99808,100,,,99502,100,,,99445,100
2019-06-28 10:05:30.340866388,100154,539,99976,239,100707,235,99921,235,100783,235,99917,235,101143,100,99915,100,,,99883,100,,,99878,100,,,99839,100,,,99808,100,,,99502,100,,,99445,100
2019-06-28 10:05:32.879226832,100154,539,99976,139,100707,235,99921,235,100783,235,99917,235,101143,100,99915,100,,,99883,100,,,99878,100,,,99839,100,,,99808,100,,,99502,100,,,99445,100
2019-06-28 10:05:34.060065393,100154,539,99976,39,100707,235,99921,235,100783,235,99917,235,101143,100,99915,100,,,99883,100,,,99878,100,,,99839,100,,,99808,100,,,99502,100,,,99445,100
2019-06-28 10:05:40.000000000,100154,808,99921,508,100707,100,99917,100,100783,100,99915,100,101143,100,99883,100,,,99878,100,,,99839,100,,,99808,100,,,99502,100,,,99445,100,,,99317,100
2019-06-28 10:05:50.000000000,100154,482,99921,182,100707,182,99917,182,100783,182,99915,182,101143,182,99883,182,101144,82,99878,182,,,99839,100,,,99808,100,,,99502,100,,,99445,100,,,99317,100
2019-06-28 10:06:00.000000000,100154,808,99921,508,100707,100,99917,100,100783,100,99915,100,101143,100,99883,100,,,99878,100,,,99839,100,,,99808,100,,,99502,100,,,99445,100,,,99317,100
2019-06-28 10:06:10.000000000,100154,604,99921,304,100707,304,99917,304,100783,100,99915,100,101143,100,99883,100,,,99878,100,,,99839,100,,,99808,100,,,99502,100,,,99445,100,,,99317,100
2019-06-28 10:06:20.000000000,100154,502,99921,202,100707,202,99917,202,100783,202,99915,202,101143,202,99883,202,,,99878,100,,,99839,100,,,99808,100,,,99502,100,,,99445,100,,,99317,100
2019-06-28 10:06:24.835972949,100154,502,99921,102,100707,202,99917,202,100783,202,99915,202,101143,202,99883,202,,,99878,100,,,99839,100,,,99808,100,,,99502,100,,,99445,100,,,99317,100
2019-06-28 10:06:27.140790187,99976,100,99921,102,100154,502,99917,202,100707,202,99915,202,100783,202,99883,202,101143,202,99878,100,,,99839,100,,,99808,100,,,99502,100,,,99445,100,,,99317,100
2019-06-28 10:06:30.000000000,99976,182,99917,182,100154,482,99915,182,100707,182,99883,182,100783,182,99878,182,101143,182,99839,182,,,99808,100,,,99502,100,,,99445,100,,,99317,100,,,99170,100
2019-06-28 10:06:40.000000000,99976,202,99917,202,100154,502,99915,202,100707,202,99883,202,100783,202,99878,202,101143,100,99839,100,,,99808,100,,,99502,100,,,99445,100,,,99317,100,,,99170,100
2019-06-28 10:06:50.000000000,99976,508,99917,508,100154,400,99915,100,100707,100,99883,100,100783,100,99878,100,101143,100,99839,100,,,99808,100,,,99502,100,,,99445,100,,,99317,100,,,99170,100
2019-06-28 10:07:00.000000000,99976,202,99917,202,100154,502,99915,202,100707,202,99883,202,100783,202,99878,202,101143,100,99839,100,,,99808,100,,,99502,100,,,99445,100,,,99317,100,,,99170,100
2019-06-28 10:07:01.216953167,99976,202,99917,102,100154,502,99915,202,100707,202,99883,202,100783,202,99878,102,101143,100,99839,100,,,99808,100,,,99502,100,,,99445,100,,,99317,100,,,99170,100
2019-06-28 10:07:09.811068838,99976,202,99917,102,100154,502,99915,202,100707,202,99883,202,100783,202,99878,102,101143,100,99839,100,,,99808,100,,,99502,100,,,99445,100,,,99363,100,,,99317,100
2019-06-28 10:07:10.000000000,99976,239,99915,239,100154,535,99883,235,100707,235,99839,235,100783,100,99808,100,101143,100,99502,100,,,99445,100,,,99363,100,,,99317,100,,,99170,100,,,99151,100
2019-06-28 10:07:20.000000000,99976,202,99915,202,100154,502,99883,202,100707,202,99839,202,100783,202,99808,202,101143,100,99502,100,,,99445,100,,,99363,100,,,99317,100,,,99170,100,,,99151,100
2019-06-28 10:07:30.000000000,99976,508,99915,508,100154,400,99883,100,100707,100,99839,100,100783,100,99808,100,101143,100,99502,100,,,99445,100,,,99363,100,,,99317,100,,,99170,100,,,99151,100
2019-06-28 10:07:36.660631436,99976,508,99915,508,100154,400,99883,100,100707,100,99839,100,100783,100,99808,100,101143,100,99709,100,,,99502,100,,,99445,100,,,99363,100,,,99317,100,,,99170,100
2019-06-28 10:07:36.908303637,99921,100,99915,508,99976,508,99883,100,100154,400,99839,100,100707,100,99808,100,100783,100,99709,100,101143,100,99502,100,,,99445,100,,,99363,100,,,99317,100,,,99170,100
2019-06-28 10:07:40.000000000,99921,202,99915,202,99976,202,99883,202,100154,502,99839,202,100707,202,99808,202,100783,100,99709,100,101143,100,99502,100,,,99445,100,,,99363,100,,,99317,100,,,99170,100
2019-06-28 10:07:40.859767154,99921,202,99915,202,99976,202,99883,202,100154,502,99839,202,100707,202,99808,202,100783,100,99709,100,101143,100,99502,100,,,99445,100,,,99363,100,,,99342,100,,,99317,100
2019-06-28 10:07:42.305328204,99921,302,99915,202,99976,202,99883,202,100154,502,99839,202,100707,202,99808,202,100783,100,99709,100,101143,100,99502,100,,,99445,100,,,99363,100,,,99342,100,,,99317,100
2019-06-28 10:07:50.000000000,99921,282,99915,182,99976,182,99883,182,100154,482,99839,182,100707,182,99808,182,100783,182,99709,182,101143,100,99502,100,,,99445,100,,,99363,100,,,99342,100,,,99317,100
2019-06-28 10:08:00.000000000,99921,404,99915,304,99976,304,99883,304,100154,400,99839,100,100707,100,99808,100,100783,100,99709,100,101143,100,99502,100,,,99445,100,,,99363,100,,,99342,100,,,99317,100
2019-06-28 10:08:10.000000000,99921,302,99915,202,99976,202,99883,202,100154,502,99839,202,100707,202,99808,202,100783,100,99709,100,101143,100,99502,100,,,99445,100,,,99363,100,,,99342,100,,,99317,100
2019-06-28 10:08:20.000000000,99921,302,99915,202,99976,202,99883,202,100154,502,99839,202,100707,202,99808,202,100783,100,99709,100,101143,100,99502,100,,,99445,100,,,99363,100,,,99342,100,,,99317,100
2019-06-28 10:08:28.197357790,99921,302,99915,202,99976,202,99883,202,100154,402,99839,202,100707,202,99808,202,100783,100,99709,100,101143,100,99502,100,,,99445,100,,,99363,100,,,99342,100,,,99317,100
2019-06-28 10:08:30.000000000,99921,282,99915,182,99976,182,99883,182,100154,382,99839,182,100707,182,99808,182,100783,182,99709,182,101143,100,99502,100,,,99445,100,,,99363,100,,,99342,100,,,99317,100
2019-06-28 10:08:40.000000000,99921,302,99915,202,99976,202,99883,202,100154,402,99839,202,100707,202,99808,202,100783,100,99709,100,101143,100,99502,100,,,99445,100,,,99363,100,,,99342,100,,,99317,100
2019-06-28 10:08:50.000000000,99921,404,99915,304,99976,304,99883,304,100154,300,99839,100,100707,100,99808,100,100783,100,99709,100,101143,100,99502,100,,,99445,100,,,99363,100,,,99342,100,,,99317,100
2019-06-28 10:08:53.417371329,99921,404,99915,204,99976,304,99883,304,100154,300,99839,100,100707,100,99808,100,100783,100,99709,100,101143,100,99502,100,,,99445,100,,,99363,100,,,99342,100,,,99317,100
2019-06-28 10:09:00.000000000,99921,404,99883,304,99976,304,99839,304,100154,300,99808,100,100707,100,99709,100,100783,100,99502,100,101143,100,99445,100,,,99363,100,,,99342,100,,,99317,100,,,99170,100
2019-06-28 10:09:10.000000000,99921,339,99883,239,99976,235,99839,235,100154,435,99808,235,100707,100,99709,100,100783,100,99502,100,101143,100,99445,100,,,99363,100,,,99342,100,,,99317,100,,,99170,100
2019-06-28 10:09:18.367780234,99921,339,99883,139,99976,235,99839,235,100154,435,99808,235,100707,100,99709,100,100783,100,99502,100,101143,100,99445,100,,,99363,100,,,99342,100,,,99317,100,,,99170,100
2019-06-28 10:09:19.797337205,99921,339,99883,139,99976,235,99839,235,100154,435,99808,235,100707,100,99709,100,100783,100,99610,100,101143,100,99502,100,,,99445,100,,,99363,100,,,99342,100,,,99317,100
2019-06-28 10:09:20.000000000,99921,282,99839,182,99976,182,99808,182,100154,382,99709,182,100707,182,99610,182,100783,182,99502,182,101143,100,99445,100,,,99363,100,,,99342,100,,,99317,100,,,99170,100
2019-06-28 10:09:21.301789766,99921,282,99839,82,99976,182,99808,182,100154,382,99709,182,100707,182,99610,182,100783,182,99502,182,101143,100,99445,100,,,99363,100,,,99342,100,,,99317,100,,,99170,100
2019-06-28 10:09:30.000000000,99921,302,99808,202,99976,202,99709,202,100154,402,99610,202,100707,202,99502,202,100783,100,99445,100,101143,100,99363,100,,,99342,100,,,99317,100,,,99170,100,,,99151,100
2019-06-28 10:09:30.562820861,99921,302,99808,202,99976,202,99709,202,100154,402,99610,202,100707,202,99562,100,100783,100,99502,202,101143,100,99363,100,,,99342,100,,,99317,100,,,99170,100,,,99151,100
2019-06-28 10:09:33.112114979,99921,302,99884,100,99976,202,99808,202,100154,302,99709,202,100707,202,99610,202,100783,100,99562,100,101143,100,99502,202,,,99363,100,,,99342,100,,,99317,100,,,99170,100
2019-06-28 10:09:40.000000000,99921,302,99884,202,99976,202,99808,202,100154,302,99709,202,100707,202,99610,202,100783,100,99562,100,101143,100,99502,100,,,99363,100,,,99342,100,,,99317,100,,,99170,100
2019-06-28 10:09:50.000000000,99921,282,99884,182,99976,182,99808,182,100154,282,99709,182,100707,182,99610,182,100783,182,99562,182,101143,100,99502,100,,,99363,100,,,99342,100,,,99317,100,,,99170,100
2019-06-28 10:10:00.000000000,99921,608,99884,508,99976,100,99808,100,100154,200,99709,100,100707,100,99610,100,100783,100,99562,100,101143,100,99502,100,,,99363,100,,,99342,100,,,99317,100,,,99170,100
2019-06-28 10:10:10.000000000,99921,404,99884,304,99976,304,99808,304,100154,200,99709,100,100707,100,99610,100,100783,100,99562,100,101143,100,99502,100,,,99363,100,,,99342,100,,,99317,100,,,99170,100
2019-06-28 10:10:13.154153605,99921,404,99884,304,99976,304,99808,304,100154,100,99709,100,100707,100,99610,100,100783,100,99562,100,101143,100,99502,100,,,99363,100,,,99342,100,,,99317,100,,,99170,100
2019-06-28 10:10:20.000000000,99921,404,99884,304,99976,304,99808,304,100154,100,99709,100,100707,100,99610,100,100783,100,99562,100,101143,100,99502,100,,,99363,100,,,99342,100,,,99317,100,,,99170,100
2019-06-28 10:10:30.000000000,99921,302,99884,202,99976,202,99808,202,100154,202,99709,202,100707,202,99610,202,100783,100,99562,100,101143,100,99502,100,,,99363,100,,,99342,100,,,99317,100,,,99170,100
2019-06-28 10:10:40.000000000,99921,302,99884,202,99976,202,99808,202,100154,202,99709,202,100707,202,99610,202,100783,100,99562,100,101143,100,99502,100,,,99363,100,,,99342,100,,,99317,100,,,99170,100
2019-06-28 10:10:45.915967933,99921,302,99884,202,99976,202,99808,202,100154,202,99709,202,100684,100,99610,202,100707,202,99562,100,100783,100,99502,100,101143,100,99363,100,,,99342,100,,,99317,100,,,99170,100
2019-06-28 10:10:50.000000000,99921,608,99884,508,99976,100,99808,100,100154,100,99709,100,100684,100,99610,100,100707,100,99562,100,100783,100,99502,100,101143,100,99363,100,,,99342,100,,,99317,100,,,99170,100
2019-06-28 10:10:52.766525841,99921,608,99884,508,99976,100,99808,100,100684,100,99709,100,100707,100,99610,100,100783,100,99562,100,101143,100,99502,100,,,99363,100,,,99342,100,,,99317,100,,,99170,100
2019-06-28 10:11:00.000000000,99921,282,99884,182,99976,182,99808,182,100684,182,99709,182,100707,182,99610,182,100783,182,99562,182,101143,100,99502,100,,,99363,100,,,99342,100,,,99317,100,,,99170,100
