,ask_price_1,ask_size_1,bid_price_1,bid_size_1,ask_price_2,ask_size_2,bid_price_2,bid_size_2,ask_price_3,ask_size_3,bid_price_3,bid_size_3,ask_price_4,ask_size_4,bid_price_4,bid_size_4,ask_price_5,ask_size_5,bid_price_5,bid_size_5,ask_price_6,ask_size_6,bid_price_6,bid_size_6,ask_price_7,ask_size_7,bid_price_7,bid_size_7,ask_price_8,ask_size_8,bid_price_8,bid_size_8,ask_price_9,ask_size_9,bid_price_9,bid_size_9,ask_price_10,ask_size_10,bid_price_10,bid_size_10
2019-06-28 09:30:00.000000000,,,99883,100,,,,,,,,,,,,,,,,,,,,,,,,,,,,,,,,,,,,
2019-06-28 09:30:00.000000002,100071,100,100016,100,,,100012,100,,,99953,100,,,99883,100,,,,,,,,,,,,,,,,,,,,,,,,
2019-06-28 09:30:00.000000005,100071,100,100016,100,,,100012,100,,,99953,100,,,99948,100,,,99883,100,,,,,,,,,,,,,,,,,,,,
2019-06-28 09:30:00.000000008,100071,100,100016,100,,,100012,100,,,99953,100,,,99948,100,,,99883,100,,,,,,,,,,,,,,,,,,,,
2019-06-28 09:30:00.000000009,100061,100,100016,100,100071,100,100012,100,,,99953,100,,,99948,100,,,99883,100,,,,,,,,,,,,,,,,,,,,
2019-06-28 09:30:00.000000011,100061,100,100016,100,100071,100,100012,100,100166,100,99953,100,,,99948,100,,,99883,100,,,,,,,,,,,,,,,,,,,,
2019-06-28 09:30:00.000000012,100061,100,100016,100,100071,100,100012,100,100166,100,99953,100,,,99948,100,,,99883,100,,,99857,100,,,,,,,,,,,,,,,,
2019-06-28 09:30:00.000000013,100061,100,100012,100,100071,100,99953,100,100166,100,99948,100,,,99883,100,,,99857,100,,,,,,,,,,,,,,,,,,,,
2019-06-28 09:30:00.000000016,100059,100,100012,100,100061,100,99953,100,100071,100,99948,100,100166,100,99883,100,,,99857,100,,,,,,,,,,,,,,,,,,,,
2019-06-28 09:30:00.000000022,100034,100,100012,100,100059,100,99953,100,100061,100,99948,100,100071,100,99883,100,100166,100,99857,100,,,99799,100,,,,,,,,,,,,,,,,
2019-06-28 09:30:00.000000025,100034,100,100012,100,100059,100,99953,100,100061,100,99948,100,100071,100,99933,100,100166,100,99883,100,,,99857,100,,,99799,100,,,,,,,,,,,,
2019-06-28 09:30:00.000000026,100016,100,100012,100,100034,100,99985,100,100059,200,99953,100,100061,100,99948,100,100071,100,99933,100,100166,100,99883,100,,,99857,100,,,99799,100,,,,,,,,
2019-06-28 09:30:00.000000029,100034,100,100012,100,100059,200,99985,100,100061,100,99953,100,100071,100,99948,100,100166,100,99933,100,,,99883,100,,,99857,100,,,99799,100,,,,,,,,
2019-06-28 09:30:00.000000030,100034,100,100012,100,100059,200,99985,100,100061,100,99953,100,100068,100,99948,100,100071,100,99933,100,100166,100,99883,100,,,99857,100,,,99799,100,,,,,,,,
2019-06-28 09:30:00.000000032,100016,100,99985,100,100034,100,99953,100,100059,200,99948,100,100061,100,99933,100,100068,100,99883,100,100071,100,99857,100,100166,100,99799,100,,,,,,,,,,,,
2019-06-28 09:30:00.000000035,100016,100,99985,100,100034,100,99953,100,100059,200,99948,100,100061,100,99933,100,100068,100,99902,100,100071,100,99883,100,100166,100,99857,100,,,99799,100,,,,,,,,
2019-06-28 09:30:00.000000038,100016,100,99985,100,100033,100,99966,100,100034,100,99953,100,100059,200,99948,100,100061,100,99933,100,100068,100,99902,100,100071,100,99883,100,100166,100,99857,100,,,99799,100,,,,
2019-06-28 09:30:00.000000042,100016,100,99985,100,100033,100,99966,100,100034,100,99953,100,100059,200,99948,100,100061,100,99933,100,100063,100,99902,100,100068,100,99883,100,100071,100,99857,100,100166,100,99799,100,,,,
2019-06-28 09:30:00.000000043,100016,100,99985,100,100033,100,99966,100,100034,100,99953,100,100059,200,99948,100,100061,100,99933,100,100063,100,99915,100,100068,100,99902,100,100071,100,99883,100,100166,100,99857,100,,,99799,100
2019-06-28 09:30:00.000000044,100016,100,99999,100,100033,100,99985,100,100034,100,99966,100,100059,200,99953,100,100061,100,99948,100,100063,100,99933,100,100068,100,99915,100,100071,100,99902,100,100166,100,99883,100,,,99857,100
2019-06-28 09:30:00.000000046,100016,100,100012,100,100033,100,99999,100,100034,100,99985,100,100059,200,99966,100,100061,100,99953,100,100063,100,99948,100,100068,100,99933,100,100071,100,99915,100,100146,100,99902,100,100166,100,99883,100
2019-06-28 09:30:00.000000048,100033,100,100013,100,100034,100,100012,100,100059,200,99999,100,100061,100,99985,100,100063,100,99966,100,100068,100,99953,100,100071,100,99948,100,100146,100,99933,100,100166,100,99915,100,,,99902,100
2019-06-28 09:30:00.000000049,100016,100,100013,100,100033,100,100012,100,100034,100,99999,100,100059,200,99985,100,100061,100,99966,100,100063,100,99953,100,100068,100,99948,100,100071,100,99933,100,100146,100,99915,100,100166,100,99902,100
2019-06-28 09:30:00.000000051,100016,100,100013,100,100033,100,100012,100,100034,100,99999,100,100059,200,99985,100,100061,100,99966,100,100063,100,99958,100,100068,100,99953,100,100071,100,99948,100,100146,100,99933,100,100166,100,99915,100
2019-06-28 09:30:00.000000052,100016,100,100012,100,100033,100,99999,100,100034,100,99985,100,100059,200,99966,100,100061,100,99958,100,100063,100,99953,100,100068,100,99948,100,100071,100,99933,100,100146,100,99915,100,100166,100,99902,100
2019-06-28 09:30:00.000000055,100016,100,100012,100,100033,100,99999,100,100034,100,99985,100,100059,200,99966,100,100061,100,99958,100,100063,100,99953,100,100068,100,99948,100,100071,100,99933,100,100146,100,99915,100,100166,100,99902,100
2019-06-28 09:30:00.000000057,100016,100,100012,100,100033,100,99999,100,100034,100,99985,100,100059,200,99966,100,100061,100,99958,100,100063,100,99953,100,100068,100,99948,100,100071,100,99933,100,100104,100,99915,100,100146,100,99902,100
2019-06-28 09:30:00.000000060,100016,100,100013,100,100033,100,100012,100,100034,100,99999,100,100059,200,99985,100,100061,100,99966,100,100063,100,99958,100,100068,100,99953,100,100071,100,99948,100,100104,100,99933,100,100146,100,99915,100
2019-06-28 09:30:00.000000061,100016,100,100013,100,100033,100,100012,100,100034,100,99999,100,100059,200,99985,100,100061,100,99966,100,100063,100,99958,100,100068,100,99953,100,100071,100,99948,100,100104,100,99933,100,100146,100,99915,100
2019-06-28 09:30:00.000000062,100016,100,100013,200,100033,100,100012,100,100034,100,99999,100,100059,200,99985,100,100061,100,99966,100,100063,100,99958,100,100068,100,99953,100,100071,100,99948,100,100104,100,99933,100,100146,100,99915,100
2019-06-28 09:30:00.000000064,100016,100,100013,200,100033,100,100012,100,100034,100,99999,100,100059,200,99985,100,100061,100,99966,100,100063,100,99963,100,100068,100,99958,100,100071,100,99953,100,100104,100,99948,100,100146,100,99933,100
2019-06-28 09:30:00.000000066,100016,100,100013,200,100033,100,100012,100,100034,100,99999,100,100059,200,99985,100,100061,100,99966,100,100063,100,99963,100,100068,100,99958,100,100071,100,99953,100,100104,100,99948,100,100146,100,99933,100
2019-06-28 09:30:00.000000070,100016,100,100013,200,100033,100,100012,100,100034,100,99999,100,100059,200,99985,100,100061,100,99966,100,100063,100,99963,100,100068,100,99958,100,100071,100,99953,100,100104,100,99948,100,100146,100,99933,100
2019-06-28 09:30:00.000000072,100016,100,100013,200,100033,100,100012,100,100034,100,99999,100,100059,200,99985,100,100061,100,99974,100,100063,100,99966,100,100068,100,99963,100,100071,100,99958,100,100104,100,99953,100,100146,100,99948,100
2019-06-28 09:30:00.000000073,100016,100,100013,200,100033,100,100012,100,100034,100,99999,100,100059,200,99985,100,100061,100,99976,100,100063,100,99974,100,100068,100,99966,100,100071,100,99963,100,100104,100,99958,100,100146,100,99953,100
2019-06-28 09:30:00.000000076,100016,100,100013,100,100033,100,100012,100,100034,100,99999,100,100059,200,99985,100,100061,100,99976,100,100063,100,99974,100,100068,100,99966,100,100071,100,99963,100,100104,100,99958,100,100117,100,99953,100
2019-06-28 09:30:00.000000078,100016,100,100013,100,100033,100,100012,100,100034,100,99999,100,100059,200,99985,100,100061,100,99976,100,100063,100,99974,100,100068,100,99966,100,100071,100,99963,100,100104,100,99958,100,100117,100,99953,100
2019-06-28 09:30:00.000000080,100016,100,100013,100,100033,100,100012,100,100034,100,99999,100,100059,200,99998,100,100061,100,99985,100,100063,100,99976,100,100068,100,99974,100,100071,100,99966,100,100104,100,99963,100,100117,100,99958,100
2019-06-28 09:30:00.000000081,100016,100,100013,100,100029,100,100012,100,100033,100,99999,100,100034,100,99998,100,100059,200,99985,100,100061,100,99976,100,100063,100,99974,100,100068,100,99966,100,100071,100,99963,100,100104,100,99958,100
2019-06-28 09:30:00.000000085,100016,100,100013,100,100029,100,100012,100,100033,100,99999,100,100034,100,99998,100,100059,200,99985,100,100061,100,99976,100,100063,100,99974,100,100068,100,99966,100,100071,100,99963,100,100104,100,99958,100
2019-06-28 09:30:00.000000086,100016,100,100013,100,100029,100,100012,100,100033,100,99999,100,100034,100,99998,100,100059,200,99985,100,100061,100,99976,100,100063,100,99974,100,100068,100,99966,100,100071,100,99963,100,100104,100,99958,100
2019-06-28 09:30:00.000000087,100016,100,100013,100,100029,100,100012,100,100033,100,99999,100,100034,100,99998,100,100059,200,99985,100,100061,100,99976,100,100063,100,99974,100,100068,100,99966,100,100071,100,99963,100,100104,100,99958,100
2019-06-28 09:30:00.000000088,100016,100,100013,100,100029,100,100012,100,100033,100,99999,100,100034,100,99998,100,100038,100,99985,100,100059,200,99976,100,100061,100,99974,100,100063,100,99966,100,100068,100,99963,100,100071,100,99958,100
2019-06-28 09:30:00.000000093,100016,100,100012,100,100029,100,99999,100,100033,100,99998,100,100034,100,99985,100,100038,100,99976,100,100059,200,99974,100,100061,100,99966,100,100063,100,99963,100,100068,100,99958,100,100071,100,99953,100
2019-06-28 09:30:00.000000095,100016,100,100012,100,100029,100,99999,100,100033,100,99998,100,100034,100,99985,100,100038,100,99976,100,100059,200,99974,100,100061,100,99966,100,100063,100,99963,100,100068,100,99958,100,100071,100,99953,100
2019-06-28 09:30:00.000000096,100016,100,99999,100,100029,100,99998,100,100033,100,99985,100,100034,100,99976,100,100038,100,99974,100,100059,200,99966,100,100061,100,99963,100,100063,100,99958,100,100068,100,99953,100,100071,100,99952,100
2019-06-28 09:30:00.000000099,100016,100,99999,100,100029,100,99998,100,100033,100,99985,100,100034,100,99976,100,100038,100,99974,100,100059,200,99966,100,100061,100,99963,100,100063,100,99958,100,100068,100,99953,100,100071,100,99952,100
2019-06-28 09:30:03.478484330,100016,100,99999,100,100029,100,99998,100,100033,100,99985,100,100034,100,99976,100,100038,100,99974,100,100059,200,99966,100,100061,100,99963,100,100063,100,99958,100,100068,100,99953,100,100071,100,99952,100
2019-06-28 09:30:04.095263416,100016,100,99999,100,100029,100,99998,100,100033,100,99985,100,100034,100,99976,100,100038,100,99974,100,100059,100,99966,100,100061,100,99963,100,100063,100,99958,100,100068,100,99953,100,100071,100,99952,100
2019-06-28 09:30:10.000000000,100016,197,99999,197,100029,197,99998,197,100033,197,99985,197,100034,197,99976,197,100038,100,99974,100,100059,100,99966,100,100061,100,99963,100,100063,100,99958,100,100068,100,99953,100,100071,100,99952,100
2019-06-28 09:30:10.613390512,100016,97,99999,197,100029,197,99998,197,100033,197,99985,197,100034,197,99976,197,100059,100,99974,100,100061,100,99966,100,100063,100,99963,100,100068,100,99958,100,100071,100,99953,100,100104,100,99952,100
2019-06-28 09:30:20.000000000,100029,232,99999,232,100033,228,99998,228,100034,228,99985,228,100059,100,99976,100,100061,100,99974,100,100063,100,99966,100,100068,100,99963,100,100071,100,99958,100,100104,100,99953,100,100117,100,99952,100
2019-06-28 09:30:30.000000000,100029,178,99999,178,100033,178,99998,178,100034,178,99985,178,100059,178,99976,178,100061,178,99974,178,100063,100,99966,100,100068,100,99963,100,100071,100,99958,100,100104,100,99953,100,100117,100,99952,100
2019-06-28 09:30:31.648850788,100029,178,99999,178,100033,178,99998,178,100034,178,99985,178,100059,178,99976,178,100061,178,99974,178,100063,100,99966,100,100071,100,99963,100,100104,100,99958,100,100117,100,99953,100,100123,100,99952,100
2019-06-28 09:30:31.749259455,100029,178,99999,178,100033,178,99998,178,100034,178,99985,178,100059,178,99976,178,100061,178,99974,178,100063,100,99966,100,100071,100,99963,100,100104,100,99953,100,100117,100,99952,100,100123,100,99948,100
2019-06-28 09:30:38.501419153,100029,178,99999,78,100033,178,99998,178,100034,178,99985,78,100059,178,99976,178,100061,178,99974,178,100063,100,99966,100,100071,100,99963,100,100104,100,99953,100,100117,100,99952,100,100123,100,99948,100
2019-06-28 09:30:40.000000000,100029,178,99998,178,100033,178,99976,178,100034,178,99974,178,100059,178,99966,178,100061,178,99963,178,100063,100,99953,100,100071,100,99952,100,100104,100,99948,100,100117,100,99940,100,100123,100,99936,100
2019-06-28 09:30:42.967618267,100029,178,99998,178,100033,178,99976,178,100034,178,99974,178,100059,178,99966,178,100061,178,99963,178,100063,100,99953,100,100071,100,99952,100,100104,100,99948,100,100117,100,99940,100,100123,100,99936,100
2019-06-28 09:30:45.600098892,100029,178,99998,178,100033,178,99976,178,100034,178,99974,178,100059,178,99966,178,100061,178,99963,178,100063,100,99953,100,100071,100,99952,100,100104,100,99948,100,100117,100,99940,100,100123,100,99933,100
2019-06-28 09:30:50.000000000,100029,488,99998,488,100033,100,99976,100,100034,100,99974,100,100059,100,99966,100,100061,100,99963,100,100063,100,99953,100,100071,100,99952,100,100104,100,99948,100,100117,100,99940,100,100123,100,99933,100
2019-06-28 09:31:00.000000000,100029,232,99998,232,100033,228,99976,228,100034,228,99974,228,100059,100,99966,100,100061,100,99963,100,100063,100,99953,100,100071,100,99952,100,100104,100,99948,100,100117,100,99940,100,100123,100,99933,100
2019-06-28 09:31:03.581131739,100029,232,99998,232,100033,228,99976,228,100034,228,99974,228,100059,100,99966,100,100061,100,99963,100,100063,100,99953,100,100071,100,99952,100,100104,100,99948,100,100117,100,99940,100,100123,100,99933,100
2019-06-28 09:31:10.000000000,100029,294,99998,294,100033,294,99976,294,100034,100,99974,100,100059,100,99966,100,100061,100,99963,100,100063,100,99953,100,100071,100,99952,100,100104,100,99948,100,100117,100,99940,100,100123,100,99933,100
2019-06-28 09:31:16.579609778,100029,294,99998,194,100033,294,99976,294,100034,100,99974,100,100059,100,99966,100,100061,100,99963,100,100063,100,99953,100,100071,100,99952,100,100104,100,99948,100,100117,100,99940,100,100123,100,99933,100
2019-06-28 09:31:20.000000000,100029,294,99976,294,100033,294,99974,294,100034,100,99966,100,100059,100,99963,100,100061,100,99953,100,100063,100,99952,100,100071,100,99948,100,100104,100,99940,100,100117,100,99933,100,100123,100,99915,100
2019-06-28 09:31:30.000000000,100029,197,99976,197,100033,197,99974,197,100034,197,99966,197,100059,197,99963,197,100061,100,99953,100,100063,100,99952,100,100071,100,99948,100,100104,100,99940,100,100117,100,99933,100,100123,100,99915,100
2019-06-28 09:31:40.000000000,100029,197,99976,197,100033,197,99974,197,100034,197,99966,197,100059,197,99963,197,100061,100,99953,100,100063,100,99952,100,100071,100,99948,100,100104,100,99940,100,100117,100,99933,100,100123,100,99915,100
2019-06-28 09:31:41.645054593,100029,197,99976,197,100033,197,99974,197,100034,197,99966,197,100059,197,99963,97,100061,100,99953,100,100063,100,99952,100,100071,100,99948,100,100104,100,99940,100,100117,100,99933,100,100123,100,99915,100
2019-06-28 09:31:50.000000000,100029,178,99976,178,100033,178,99974,178,100034,178,99966,178,100059,178,99953,178,100061,178,99952,178,100063,100,99948,100,100071,100,99940,100,100104,100,99933,100,100117,100,99915,100,100123,100,99902,100
2019-06-28 09:31:52.541884139,100029,178,99976,78,100033,178,99974,178,100034,178,99966,178,100059,178,99953,178,100061,178,99952,178,100063,100,99948,100,100071,100,99940,100,100104,100,99933,100,100117,100,99915,100,100123,100,99902,100
2019-06-28 09:31:56.196597131,100029,178,99976,78,100033,178,99974,178,100034,178,99966,178,100059,178,99953,178,100061,178,99952,178,100063,100,99948,100,100071,100,99940,100,100104,100,99933,100,100117,100,99915,100,100123,100,99902,100
2019-06-28 09:32:00.000000000,100029,178,99974,178,100033,178,99966,178,100034,178,99953,178,100059,178,99952,178,100061,178,99948,178,100063,100,99940,100,100071,100,99933,100,100104,100,99915,100,100117,100,99902,100,100123,100,99890,100
2019-06-28 09:32:00.295112271,100029,178,99974,178,100033,178,99966,178,100034,178,99953,178,100059,178,99952,178,100061,178,99948,178,100063,100,99940,100,100071,100,99933,100,100117,100,99915,100,100123,100,99902,100,100146,100,99890,100
2019-06-28 09:32:10.000000000,100029,294,99974,294,100033,294,99966,294,100034,100,99953,100,100059,100,99952,100,100061,100,99948,100,100063,100,99940,100,100071,100,99933,100,100117,100,99915,100,100123,100,99902,100,100146,100,99890,100
2019-06-28 09:32:20.000000000,100029,197,99974,197,100033,197,99966,197,100034,197,99953,197,100059,197,99952,197,100061,100,99948,100,100063,100,99940,100,100071,100,99933,100,100117,100,99915,100,100123,100,99902,100,100146,100,99890,100
2019-06-28 09:32:21.914396508,100029,197,99999,100,100033,197,99974,197,100034,197,99966,197,100059,197,99953,197,100061,100,99952,197,100063,100,99948,100,100071,100,99940,100,100117,100,99933,100,100123,100,99915,100,100146,100,99902,100
2019-06-28 09:32:30.000000000,100029,294,99999,294,100033,294,99974,294,100034,100,99966,100,100059,100,99953,100,100061,100,99952,100,100063,100,99948,100,100071,100,99940,100,100117,100,99933,100,100123,100,99915,100,100146,100,99902,100
2019-06-28 09:32:32.580352717,100029,294,99999,294,100033,294,99974,294,100034,100,99966,100,100059,100,99953,100,100061,100,99952,100,100063,100,99948,100,100071,100,99940,100,100117,100,99933,100,100123,100,99902,100,100146,100,99890,100
2019-06-28 09:32:40.000000000,100029,488,99999,488,100033,100,99974,100,100034,100,99966,100,100059,100,99953,100,100061,100,99952,100,100063,100,99948,100,100071,100,99940,100,100117,100,99933,100,100123,100,99902,100,100146,100,99890,100
2019-06-28 09:32:41.909506183,100029,488,99999,588,100033,100,99974,100,100034,100,99966,100,100059,100,99953,100,100061,100,99952,100,100063,100,99948,100,100071,100,99940,100,100117,100,99933,100,100123,100,99902,100,100146,100,99890,100
2019-06-28 09:32:50.000000000,100029,488,99999,588,100033,100,99974,100,100034,100,99966,100,100059,100,99953,100,100061,100,99952,100,100063,100,99948,100,100071,100,99940,100,100117,100,99933,100,100123,100,99902,100,100146,100,99890,100
2019-06-28 09:33:00.000000000,100029,488,99999,588,100033,100,99974,100,100034,100,99966,100,100059,100,99953,100,100061,100,99952,100,100063,100,99948,100,100071,100,99940,100,100117,100,99933,100,100123,100,99902,100,100146,100,99890,100
2019-06-28 09:33:10.000000000,100029,197,99999,297,100033,197,99974,197,100034,197,99966,197,100059,197,99953,197,100061,100,99952,100,100063,100,99948,100,100071,100,99940,100,100117,100,99933,100,100123,100,99902,100,100146,100,99890,100
2019-06-28 09:33:20.000000000,100029,197,99999,297,100033,197,99974,197,100034,197,99966,197,100059,197,99953,197,100061,100,99952,100,100063,100,99948,100,100071,100,99940,100,100117,100,99933,100,100123,100,99902,100,100146,100,99890,100
2019-06-28 09:33:30.000000000,100029,488,99999,588,100033,100,99974,100,100034,100,99966,100,100059,100,99953,100,100061,100,99952,100,100063,100,99948,100,100071,100,99940,100,100117,100,99933,100,100123,100,99902,100,100146,100,99890,100
2019-06-28 09:33:34.215868865,100029,488,99999,588,100033,100,99974,100,100034,100,99966,100,100044,100,99953,100,100059,100,99952,100,100061,100,99948,100,100063,100,99940,100,100071,100,99933,100,100117,100,99902,100,100123,100,99890,100
2019-06-28 09:33:36.739472025,100029,488,99999,588,100033,100,99974,100,100034,100,99966,100,100044,100,99953,100,100059,100,99952,100,100061,100,99948,100,100063,100,99940,100,100117,100,99933,100,100123,100,99902,100,100151,100,99890,100
2019-06-28 09:33:40.000000000,100029,197,99999,297,100033,197,99974,197,100034,197,99966,197,100044,197,99953,197,100059,100,99952,100,100061,100,99948,100,100063,100,99940,100,100117,100,99933,100,100123,100,99902,100,100151,100,99890,100
2019-06-28 09:33:44.325586436,100029,197,99999,297,100033,197,99974,197,100034,197,99966,197,100044,197,99953,197,100053,100,99952,100,100059,100,99948,100,100061,100,99940,100,100063,100,99933,100,100117,100,99902,100,100123,100,99890,100
2019-06-28 09:33:50.000000000,100029,232,99999,332,100033,228,99974,228,100034,228,99966,228,100044,100,99953,100,100053,100,99952,100,100059,100,99948,100,100061,100,99940,100,100063,100,99933,100,100117,100,99902,100,100123,100,99890,100
2019-06-28 09:34:00.000000000,100029,178,99999,278,100033,178,99974,178,100034,178,99966,178,100044,178,99953,178,100053,178,99952,178,100059,100,99948,100,100061,100,99940,100,100063,100,99933,100,100117,100,99902,100,100123,100,99890,100
2019-06-28 09:34:10.000000000,100029,178,99999,278,100033,178,99974,178,100034,178,99966,178,100044,178,99953,178,100053,178,99952,178,100059,100,99948,100,100061,100,99940,100,100063,100,99933,100,100117,100,99902,100,100123,100,99890,100
2019-06-28 09:34:20.000000000,100029,197,99999,297,100033,197,99974,197,100034,197,99966,197,100044,197,99953,197,100053,100,99952,100,100059,100,99948,100,100061,100,99940,100,100063,100,99933,100,100117,100,99902,100,100123,100,99890,100
2019-06-28 09:34:30.000000000,100029,294,99999,394,100033,294,99974,294,100034,100,99966,100,100044,100,99953,100,100053,100,99952,100,100059,100,99948,100,100061,100,99940,100,100063,100,99933,100,100117,100,99902,100,100123,100,99890,100
2019-06-28 09:34:37.725273883,100029,294,99999,394,100033,294,99974,294,100034,100,99966,100,100044,100,99953,100,100053,100,99952,100,100061,100,99948,100,100063,100,99940,100,100117,100,99933,100,100123,100,99902,100,100151,100,99890,100
2019-06-28 09:34:40.000000000,100029,232,99999,332,100033,228,99974,228,100034,228,99966,228,100044,100,99953,100,100053,100,99952,100,100061,100,99948,100,100063,100,99940,100,100117,100,99933,100,100123,100,99902,100,100151,100,99890,100
2019-06-28 09:34:50.000000000,100029,197,99999,297,100033,197,99974,197,100034,197,99966,197,100044,197,99953,197,100053,100,99952,100,100061,100,99948,100,100063,100,99940,100,100117,100,99933,100,100123,100,99902,100,100151,100,99890,100
2019-06-28 09:34:59.892199208,100029,197,99999,197,100033,197,99974,197,100034,197,99966,197,100044,197,99953,197,100053,100,99952,100,100061,100,99948,100,100063,100,99940,100,100117,100,99933,100,100123,100,99902,100,100153,100,99890,100
2019-06-28 09:35:00.000000000,100029,488,99999,488,100033,100,99974,100,100034,100,99966,100,100044,100,99953,100,100053,100,99952,100,100061,100,99948,100,100063,100,99940,100,100117,100,99933,100,100123,100,99902,100,100153,100,99890,100
2019-06-28 09:35:02.140042178,100029,488,99999,388,100033,100,99974,100,100034,100,99966,100,100044,100,99953,100,100053,100,99952,100,100061,100,99948,100,100063,100,99940,100,100117,100,99933,100,100123,100,99902,100,100153,100,99890,100
2019-06-28 09:35:09.618140976,100029,488,99999,288,100033,100,99974,100,100034,100,99966,100,100044,100,99953,100,100053,100,99952,100,100061,100,99948,100,100063,100,99940,100,100117,100,99933,100,100123,100,99902,100,100153,100,99890,100
2019-06-28 09:35:10.000000000,100029,178,99974,178,100033,178,99966,178,100034,178,99953,178,100044,178,99952,178,100053,178,99948,178,100061,100,99940,100,100063,100,99933,100,100117,100,99902,100,100123,100,99890,100,100153,100,99881,100
2019-06-28 09:35:20.000000000,100029,232,99974,232,100033,228,99966,228,100034,228,99953,228,100044,100,99952,100,100053,100,99948,100,100061,100,99940,100,100063,100,99933,100,100117,100,99902,100,100123,100,99890,100,100153,100,99881,100
2019-06-28 09:35:30.000000000,100029,232,99974,232,100033,228,99966,228,100034,228,99953,228,100044,100,99952,100,100053,100,99948,100,100061,100,99940,100,100063,100,99933,100,100117,100,99902,100,100123,100,99890,100,100153,100,99881,100
2019-06-28 09:35:31.610171026,100029,232,99974,132,100033,228,99966,228,100034,228,99953,228,100044,100,99952,100,100053,100,99948,100,100061,100,99940,100,100063,100,99933,100,100117,100,99902,100,100123,100,99890,100,100153,100,99881,100
2019-06-28 09:35:38.292738927,99999,100,99974,132,100029,232,99966,228,100033,228,99953,228,100034,228,99952,100,100044,100,99948,100,100053,100,99940,100,100061,100,99933,100,100063,100,99902,100,100117,100,99890,100,100123,100,99881,100
2019-06-28 09:35:39.225627595,99999,100,99974,32,100029,232,99966,228,100033,228,99953,228,100034,228,99952,100,100044,100,99948,100,100053,100,99940,100,100063,100,99933,100,100117,100,99902,100,100123,100,99890,100,100153,100,99881,100
2019-06-28 09:35:40.000000000,99999,232,99966,232,100029,228,99953,228,100033,228,99952,228,100034,100,99948,100,100044,100,99940,100,100053,100,99933,100,100063,100,99902,100,100117,100,99890,100,100123,100,99881,100,100153,100,99873,100
2019-06-28 09:35:50.000000000,99999,488,99966,488,100029,100,99953,100,100033,100,99952,100,100034,100,99948,100,100044,100,99940,100,100053,100,99933,100,100063,100,99902,100,100117,100,99890,100,100123,100,99881,100,100153,100,99873,100
2019-06-28 09:36:00.000000000,99999,197,99966,197,100029,197,99953,197,100033,197,99952,197,100034,197,99948,197,100044,100,99940,100,100053,100,99933,100,100063,100,99902,100,100117,100,99890,100,100123,100,99881,100,100153,100,99873,100
2019-06-28 09:36:10.000000000,99999,232,99966,232,100029,228,99953,228,100033,228,99952,228,100034,100,99948,100,100044,100,99940,100,100053,100,99933,100,100063,100,99902,100,100117,100,99890,100,100123,100,99881,100,100153,100,99873,100
2019-06-28 09:36:20.000000000,99999,178,99966,178,100029,178,99953,178,100033,178,99952,178,100034,178,99948,178,100044,178,99940,178,100053,100,99933,100,100063,100,99902,100,100117,100,99890,100,100123,100,99881,100,100153,100,99873,100
2019-06-28 09:36:24.192468808,99999,178,99975,100,100029,178,99966,178,100033,178,99953,178,100034,178,99952,178,100044,178,99948,178,100053,100,99940,178,100063,100,99933,100,100117,100,99902,100,100123,100,99890,100,100153,100,99881,100
2019-06-28 09:36:27.243901204,99999,78,99975,100,100029,178,99966,78,100033,178,99953,178,100034,178,99952,178,100044,178,99948,178,100053,100,99940,178,100063,100,99933,100,100117,100,99902,100,100123,100,99890,100,100153,100,99881,100
2019-06-28 09:36:30.000000000,100029,178,99975,178,100033,178,99953,178,100034,178,99952,178,100044,178,99948,178,100053,178,99940,178,100063,100,99933,100,100117,100,99902,100,100123,100,99890,100,100153,100,99881,100,100166,100,99873,100
2019-06-28 09:36:30.761892341,100029,178,99975,178,100033,178,99953,178,100034,178,99952,178,100044,178,99948,178,100053,178,99940,178,100063,100,99933,100,100117,100,99902,100,100123,100,99890,100,100153,100,99881,100,100166,100,99873,100
2019-06-28 09:36:39.305811052,100029,178,99975,178,100033,178,99953,178,100034,178,99952,178,100044,178,99948,178,100053,178,99940,178,100063,100,99933,100,100117,100,99902,100,100123,100,99890,100,100153,100,99881,100,100166,100,99873,100
2019-06-28 09:36:40.000000000,100029,197,99975,197,100033,197,99953,197,100034,197,99952,197,100044,197,99948,197,100053,100,99940,100,100063,100,99933,100,100117,100,99902,100,100123,100,99890,100,100153,100,99881,100,100166,100,99873,100
2019-06-28 09:36:50.000000000,100029,232,99975,232,100033,228,99953,228,100034,228,99952,228,100044,100,99948,100,100053,100,99940,100,100063,100,99933,100,100117,100,99902,100,100123,100,99890,100,100153,100,99881,100,100166,100,99873,100
2019-06-28 09:37:00.000000000,100029,488,99975,488,100033,100,99953,100,100034,100,99952,100,100044,100,99948,100,100053,100,99940,100,100063,100,99933,100,100117,100,99902,100,100123,100,99890,100,100153,100,99881,100,100166,100,99873,100
2019-06-28 09:37:10.000000000,100029,232,99975,232,100033,228,99953,228,100034,228,99952,228,100044,100,99948,100,100053,100,99940,100,100063,100,99933,100,100117,100,99902,100,100123,100,99890,100,100153,100,99881,100,100166,100,99873,100
2019-06-28 09:37:14.291611749,100029,232,99975,232,100033,228,99953,228,100034,228,99952,228,100044,100,99948,100,100053,100,99940,100,100063,100,99933,100,100117,100,99902,100,100123,100,99890,100,100153,100,99881,100,100166,100,99873,100
2019-06-28 09:37:20.000000000,100029,294,99975,294,100033,294,99953,294,100034,100,99952,100,100044,100,99948,100,100053,100,99940,100,100063,100,99933,100,100117,100,99902,100,100123,100,99890,100,100153,100,99881,100,100166,100,99873,100
2019-06-28 09:37:28.945235924,100029,194,99975,294,100033,294,99953,294,100034,100,99952,100,100044,100,99948,100,100053,100,99940,100,100063,100,99933,100,100117,100,99902,100,100123,100,99890,100,100153,100,99881,100,100166,100,99873,100
2019-06-28 09:37:30.000000000,100033,232,99975,232,100034,228,99953,228,100044,228,99952,228,100053,100,99948,100,100063,100,99940,100,100117,100,99933,100,100123,100,99902,100,100153,100,99890,100,100166,100,99881,100,100211,100,99873,100
2019-06-28 09:37:33.193641070,100033,32,99975,232,100034,228,99953,228,100044,228,99952,228,100053,100,99948,100,100063,100,99940,100,100117,100,99933,100,100123,100,99902,100,100153,100,99890,100,100166,100,99881,100,100211,100,99873,100
2019-06-28 09:37:34.503096126,100034,228,100033,68,100044,228,99975,232,100053,100,99953,228,100063,100,99952,228,100117,100,99948,100,100123,100,99940,100,100153,100,99933,100,100166,100,99902,100,100211,100,99890,100,100375,100,99881,100
2019-06-28 09:37:40.000000000,100034,232,100033,200,100044,228,99975,228,100053,228,99953,228,100063,100,99952,100,100117,100,99948,100,100123,100,99940,100,100153,100,99933,100,100166,100,99902,100,100211,100,99890,100,100375,100,99881,100
2019-06-28 09:37:50.000000000,100034,488,100033,456,100044,100,99975,100,100053,100,99953,100,100063,100,99952,100,100117,100,99948,100,100123,100,99940,100,100153,100,99933,100,100166,100,99902,100,100211,100,99890,100,100375,100,99881,100
2019-06-28 09:38:00.000000000,100034,197,100033,165,100044,197,99975,197,100053,197,99953,197,100063,197,99952,197,100117,100,99948,100,100123,100,99940,100,100153,100,99933,100,100166,100,99902,100,100211,100,99890,100,100375,100,99881,100
2019-06-28 09:38:10.000000000,100034,178,100033,146,100044,178,99975,178,100053,178,99953,178,100063,178,99952,178,100117,178,99948,178,100123,100,99940,100,100153,100,99933,100,100166,100,99902,100,100211,100,99890,100,100375,100,99881,100
2019-06-28 09:38:20.000000000,100034,488,100033,456,100044,100,99975,100,100053,100,99953,100,100063,100,99952,100,100117,100,99948,100,100123,100,99940,100,100153,100,99933,100,100166,100,99902,100,100211,100,99890,100,100375,100,99881,100
2019-06-28 09:38:30.000000000,100034,197,100033,165,100044,197,99975,197,100053,197,99953,197,100063,197,99952,197,100117,100,99948,100,100123,100,99940,100,100153,100,99933,100,100166,100,99902,100,100211,100,99890,100,100375,100,99881,100
2019-06-28 09:38:38.428462357,100044,197,100034,3,100053,197,100033,165,100063,197,99975,197,100117,100,99953,197,100123,100,99952,197,100153,100,99948,100,100166,100,99940,100,100211,100,99933,100,100375,100,99902,100,100426,100,99890,100
2019-06-28 09:38:40.000000000,100044,197,100034,100,100053,197,100033,165,100063,197,99975,197,100117,197,99953,197,100123,100,99952,100,100153,100,99948,100,100166,100,99940,100,100211,100,99933,100,100375,100,99902,100,100426,100,99890,100
2019-06-28 09:38:50.000000000,100044,178,100034,81,100053,178,100033,146,100063,178,99975,178,100117,178,99953,178,100123,178,99952,178,100153,100,99948,100,100166,100,99940,100,100211,100,99933,100,100375,100,99902,100,100426,100,99890,100
2019-06-28 09:39:00.000000000,100044,178,100034,81,100053,178,100033,146,100063,178,99975,178,100117,178,99953,178,100123,178,99952,178,100153,100,99948,100,100166,100,99940,100,100211,100,99933,100,100375,100,99902,100,100426,100,99890,100
2019-06-28 09:39:10.000000000,100044,488,100034,391,100053,100,100033,68,100063,100,99975,100,100117,100,99953,100,100123,100,99952,100,100153,100,99948,100,100166,100,99940,100,100211,100,99933,100,100375,100,99902,100,100426,100,99890,100
2019-06-28 09:39:10.132097987,100044,488,100034,391,100053,100,100033,68,100063,100,99975,100,100117,100,99953,100,100123,100,99952,100,100153,100,99948,100,100166,100,99940,100,100211,100,99933,100,100375,100,99902,100,100426,100,99881,100
2019-06-28 09:39:19.529546464,100044,488,100034,391,100053,100,100033,68,100063,100,99975,100,100117,100,99953,100,100123,100,99952,100,100153,100,99948,100,100166,100,99940,100,100211,100,99933,100,100375,100,99902,100,100426,100,99881,100
2019-06-28 09:39:20.000000000,100044,488,100034,391,100053,100,100033,68,100063,100,99975,100,100117,100,99953,100,100123,100,99952,100,100153,100,99948,100,100166,100,99940,100,100211,100,99933,100,100375,100,99902,100,100426,100,99881,100
2019-06-28 09:39:30.000000000,100044,488,100034,391,100053,100,100033,68,100063,100,99975,100,100117,100,99953,100,100123,100,99952,100,100153,100,99948,100,100166,100,99940,100,100211,100,99933,100,100375,100,99902,100,100426,100,99881,100
2019-06-28 09:39:40.000000000,100044,294,100034,197,100053,294,100033,262,100063,100,99975,100,100117,100,99953,100,100123,100,99952,100,100153,100,99948,100,100166,100,99940,100,100211,100,99933,100,100375,100,99902,100,100426,100,99881,100
2019-06-28 09:39:50.000000000,100044,178,100034,81,100053,178,100033,146,100063,178,99975,178,100117,178,99953,178,100123,178,99952,178,100153,100,99948,100,100166,100,99940,100,100211,100,99933,100,100375,100,99902,100,100426,100,99881,100
2019-06-28 09:40:00.000000000,100044,232,100034,135,100053,228,100033,196,100063,228,99975,228,100117,100,99953,100,100123,100,99952,100,100153,100,99948,100,100166,100,99940,100,100211,100,99933,100,100375,100,99902,100,100426,100,99881,100
2019-06-28 09:40:10.000000000,100044,232,100034,135,100053,228,100033,196,100063,228,99975,228,100117,100,99953,100,100123,100,99952,100,100153,100,99948,100,100166,100,99940,100,100211,100,99933,100,100375,100,99902,100,100426,100,99881,100
2019-06-28 09:40:20.000000000,100044,232,100034,135,100053,228,100033,196,100063,228,99975,228,100117,100,99953,100,100123,100,99952,100,100153,100,99948,100,100166,100,99940,100,100211,100,99933,100,100375,100,99902,100,100426,100,99881,100
2019-06-28 09:40:28.287674313,100044,132,100034,135,100053,228,100033,196,100063,228,99975,228,100117,100,99953,100,100123,100,99952,100,100153,100,99948,100,100166,100,99940,100,100211,100,99933,100,100375,100,99902,100,100426,100,99881,100
2019-06-28 09:40:30.000000000,100053,232,100034,135,100063,228,100033,196,100117,228,99975,228,100123,100,99953,100,100153,100,99952,100,100166,100,99948,100,100211,100,99940,100,100375,100,99933,100,100426,100,99902,100,100959,100,99881,100
2019-06-28 09:40:40.000000000,100053,488,100034,391,100063,100,100033,68,100117,100,99975,100,100123,100,99953,100,100153,100,99952,100,100166,100,99948,100,100211,100,99940,100,100375,100,99933,100,100426,100,99902,100,100959,100,99881,100
2019-06-28 09:40:50.000000000,100053,294,100034,197,100063,294,100033,262,100117,100,99975,100,100123,100,99953,100,100153,100,99952,100,100166,100,99948,100,100211,100,99940,100,100375,100,99933,100,100426,100,99902,100,100959,100,99881,100
2019-06-28 09:40:59.005385543,100053,294,100035,100,100063,294,100034,197,100117,100,100033,262,100123,100,99975,100,100153,100,99953,100,100166,100,99952,100,100211,100,99948,100,100375,100,99940,100,100426,100,99933,100,100959,100,99902,100
2019-06-28 09:41:00.000000000,100053,294,100035,294,100063,294,100034,197,100117,100,100033,68,100123,100,99975,100,100153,100,99953,100,100166,100,99952,100,100211,100,99948,100,100375,100,99940,100,100426,100,99933,100,100959,100,99902,100
2019-06-28 09:41:07.321835574,100053,194,100035,294,100063,294,100034,197,100117,100,100033,68,100123,100,99975,100,100153,100,99953,100,100166,100,99952,100,100211,100,99948,100,100375,100,99940,100,100426,100,99933,100,100959,100,99902,100
2019-06-28 09:41:10.000000000,100063,178,100035,178,100117,178,100034,81,100123,178,100033,146,100153,178,99975,178,100166,178,99953,178,100211,100,99952,100,100375,100,99948,100,100426,100,99940,100,100959,100,99933,100,101151,100,99902,100
2019-06-28 09:41:20.000000000,100063,232,100035,232,100117,228,100034,131,100123,228,100033,196,100153,100,99975,100,100166,100,99953,100,100211,100,99952,100,100375,100,99948,100,100426,100,99940,100,100959,100,99933,100,101151,100,99902,100
2019-06-28 09:41:30.000000000,100063,197,100035,197,100117,197,100034,100,100123,197,100033,165,100153,197,99975,197,100166,100,99953,100,100211,100,99952,100,100375,100,99948,100,100426,100,99940,100,100959,100,99933,100,101151,100,99902,100
2019-06-28 09:41:31.211119576,100063,197,100044,100,100117,197,100035,197,100123,197,100034,100,100153,197,100033,165,100166,100,99975,197,100211,100,99953,100,100375,100,99952,100,100426,100,99948,100,100959,100,99940,100,101151,100,99933,100
2019-06-28 09:41:40.000000000,100063,178,100044,178,100117,178,100035,178,100123,178,100034,81,100153,178,100033,146,100166,178,99975,178,100211,100,99953,100,100375,100,99952,100,100426,100,99948,100,100959,100,99940,100,101151,100,99933,100
2019-06-28 09:41:50.000000000,100063,294,100044,294,100117,294,100035,294,100123,100,100034,3,100153,100,100033,68,100166,100,99975,100,100211,100,99953,100,100375,100,99952,100,100426,100,99948,100,100959,100,99940,100,101151,100,99933,100
2019-06-28 09:41:53.201646818,100063,294,100044,294,100117,294,100035,294,100123,100,100034,3,100153,100,100033,68,100166,100,99975,100,100211,100,99953,100,100375,100,99952,100,100426,100,99948,100,100959,100,99940,100,101121,100,99933,100
2019-06-28 09:42:00.000000000,100063,232,100044,232,100117,228,100035,228,100123,228,100034,131,100153,100,100033,68,100166,100,99975,100,100211,100,99953,100,100375,100,99952,100,100426,100,99948,100,100959,100,99940,100,101121,100,99933,100
2019-06-28 09:42:00.296828809,100063,232,100044,232,100117,228,100035,228,100123,228,100034,131,100153,100,100033,68,100166,100,99975,100,100211,100,99953,100,100375,100,99952,100,100426,100,99948,100,100959,100,99940,100,101121,100,99933,100
2019-06-28 09:42:00.691346683,100063,232,100044,332,100117,228,100035,228,100123,228,100034,131,100153,100,100033,68,100166,100,99975,100,100211,100,99953,100,100375,100,99952,100,100426,100,99948,100,100959,100,99940,100,101121,100,99933,100
2019-06-28 09:42:10.000000000,100063,488,100044,588,100117,100,100035,100,100123,100,100034,3,100153,100,100033,68,100166,100,99975,100,100211,100,99953,100,100375,100,99952,100,100426,100,99948,100,100959,100,99940,100,101121,100,99933,100
2019-06-28 09:42:20.000000000,100063,178,100044,278,100117,178,100035,178,100123,178,100034,81,100153,178,100033,146,100166,178,99975,178,100211,100,99953,100,100375,100,99952,100,100426,100,99948,100,100959,100,99940,100,101121,100,99933,100
2019-06-28 09:42:30.000000000,100063,178,100044,278,100117,178,100035,178,100123,178,100034,81,100153,178,100033,146,100166,178,99975,178,100211,100,99953,100,100375,100,99952,100,100426,100,99948,100,100959,100,99940,100,101121,100,99933,100
2019-06-28 09:42:31.363462286,100063,178,100044,378,100117,178,100035,178,100123,178,100034,81,100153,178,100033,146,100166,178,99975,178,100211,100,99953,100,100375,100,99952,100,100426,100,99948,100,100959,100,99940,100,101121,100,99933,100
2019-06-28 09:42:40.000000000,100063,232,100044,432,100117,228,100035,228,100123,228,100034,131,100153,100,100033,68,100166,100,99975,100,100211,100,99953,100,100375,100,99952,100,100426,100,99948,100,100959,100,99940,100,101121,100,99933,100
2019-06-28 09:42:50.000000000,100063,232,100044,432,100117,228,100035,228,100123,228,100034,131,100153,100,100033,68,100166,100,99975,100,100211,100,99953,100,100375,100,99952,100,100426,100,99948,100,100959,100,99940,100,101121,100,99933,100
2019-06-28 09:42:53.114460127,100063,232,100044,432,100117,228,100035,228,100123,228,100034,131,100153,100,100033,68,100166,100,99975,100,100211,100,99953,100,100375,100,99952,100,100426,100,99948,100,100959,100,99940,100,101121,100,99933,100
2019-06-28 09:43:00.000000000,100063,197,100044,397,100117,197,100035,197,100123,197,100034,100,100153,197,100033,165,100166,100,99975,100,100211,100,99953,100,100375,100,99952,100,100426,100,99948,100,100959,100,99940,100,101121,100,99933,100
2019-06-28 09:43:00.532642441,100063,97,100044,397,100117,197,100035,197,100123,197,100034,100,100153,197,100033,165,100166,100,99975,100,100211,100,99953,100,100375,100,99952,100,100426,100,99948,100,100959,100,99940,100,101121,100,99933,100
2019-06-28 09:43:05.853321782,100063,97,100044,397,100117,197,100035,197,100123,197,100034,100,100153,197,100033,165,100166,100,99975,100,100211,100,99953,100,100375,100,99952,100,100426,100,99948,100,100959,100,99940,100,101121,100,99933,100
2019-06-28 09:43:10.000000000,100117,197,100044,397,100123,197,100035,197,100153,197,100034,100,100166,197,100033,165,100211,100,99975,100,100375,100,99953,100,100426,100,99952,100,100959,100,99948,100,101121,100,99940,100,101151,100,99933,100
2019-06-28 09:43:20.000000000,100117,232,100044,432,100123,228,100035,228,100153,228,100034,131,100166,100,100033,68,100211,100,99975,100,100375,100,99953,100,100426,100,99952,100,100959,100,99948,100,101121,100,99940,100,101151,100,99933,100
2019-06-28 09:43:30.000000000,100117,488,100044,688,100123,100,100035,100,100153,100,100034,3,100166,100,100033,68,100211,100,99975,100,100375,100,99953,100,100426,100,99952,100,100959,100,99948,100,101121,100,99940,100,101151,100,99933,100
2019-06-28 09:43:40.000000000,100117,197,100044,397,100123,197,100035,197,100153,197,100034,100,100166,197,100033,165,100211,100,99975,100,100375,100,99953,100,100426,100,99952,100,100959,100,99948,100,101121,100,99940,100,101151,100,99933,100
2019-06-28 09:43:50.000000000,100117,488,100044,688,100123,100,100035,100,100153,100,100034,3,100166,100,100033,68,100211,100,99975,100,100375,100,99953,100,100426,100,99952,100,100959,100,99948,100,101121,100,99940,100,101151,100,99933,100
2019-06-28 09:44:00.000000000,100117,488,100044,688,100123,100,100035,100,100153,100,100034,3,100166,100,100033,68,100211,100,99975,100,100375,100,99953,100,100426,100,99952,100,100959,100,99948,100,101121,100,99940,100,101151,100,99933,100
2019-06-28 09:44:10.000000000,100117,197,100044,397,100123,197,100035,197,100153,197,100034,100,100166,197,100033,165,100211,100,99975,100,100375,100,99953,100,100426,100,99952,100,100959,100,99948,100,101121,100,99940,100,101151,100,99933,100
2019-06-28 09:44:18.176839201,100117,197,100044,397,100123,197,100035,197,100153,197,100034,100,100166,197,100033,165,100211,100,99975,100,100375,100,99953,100,100426,100,99948,100,100959,100,99940,100,101121,100,99933,100,101151,100,99902,100
2019-06-28 09:44:19.033849089,100117,97,100044,397,100123,197,100035,197,100153,197,100034,100,100166,197,100033,165,100211,100,99975,100,100375,100,99953,100,100426,100,99948,100,100959,100,99940,100,101121,100,99933,100,101151,100,99902,100
2019-06-28 09:44:20.000000000,100123,197,100044,397,100153,197,100035,197,100166,197,100034,100,100211,197,100033,165,100375,100,99975,100,100426,100,99953,100,100959,100,99948,100,101121,100,99940,100,101151,100,99933,100,101249,100,99902,100
2019-06-28 09:44:30.000000000,100123,178,100044,378,100153,178,100035,178,100166,178,100034,81,100211,178,100033,146,100375,178,99975,178,100426,100,99953,100,100959,100,99948,100,101121,100,99940,100,101151,100,99933,100,101249,100,99902,100
2019-06-28 09:44:40.000000000,100123,488,100044,688,100153,100,100035,100,100166,100,100034,3,100211,100,100033,68,100375,100,99975,100,100426,100,99953,100,100959,100,99948,100,101121,100,99940,100,101151,100,99933,100,101249,100,99902,100
2019-06-28 09:44:50.000000000,100123,197,100044,397,100153,197,100035,197,100166,197,100034,100,100211,197,100033,165,100375,100,99975,100,100426,100,99953,100,100959,100,99948,100,101121,100,99940,100,101151,100,99933,100,101249,100,99902,100
2019-06-28 09:45:00.000000000,100123,232,100044,432,100153,228,100035,228,100166,228,100034,131,100211,100,100033,68,100375,100,99975,100,100426,100,99953,100,100959,100,99948,100,101121,100,99940,100,101151,100,99933,100,101249,100,99902,100
2019-06-28 09:45:10.000000000,100123,488,100044,688,100153,100,100035,100,100166,100,100034,3,100211,100,100033,68,100375,100,99975,100,100426,100,99953,100,100959,100,99948,100,101121,100,99940,100,101151,100,99933,100,101249,100,99902,100
2019-06-28 09:45:20.000000000,100123,232,100044,432,100153,228,100035,228,100166,228,100034,131,100211,100,100033,68,100375,100,99975,100,100426,100,99953,100,100959,100,99948,100,101121,100,99940,100,101151,100,99933,100,101249,100,99902,100
2019-06-28 09:45:30.000000000,100123,178,100044,378,100153,178,100035,178,100166,178,100034,81,100211,178,100033,146,100375,178,99975,178,100426,100,99953,100,100959,100,99948,100,101121,100,99940,100,101151,100,99933,100,101249,100,99902,100
2019-06-28 09:45:33.826006496,100123,78,100044,378,100153,178,100035,178,100166,178,100034,81,100211,178,100033,146,100375,178,99975,178,100426,100,99953,100,100959,100,99948,100,101121,100,99940,100,101151,100,99933,100,101249,100,99902,100
2019-06-28 09:45:40.000000000,100153,197,100044,397,100166,197,100035,197,100211,197,100034,100,100375,197,100033,165,100426,100,99975,100,100959,100,99953,100,101121,100,99948,100,101151,100,99940,100,101249,100,99933,100,101267,100,99902,100
2019-06-28 09:45:40.406182027,100153,197,100044,397,100166,197,100035,197,100211,197,100034,100,100375,197,100033,165,100426,100,99975,100,100851,100,99953,100,100959,100,99948,100,101121,100,99940,100,101151,100,99933,100,101249,100,99902,100
2019-06-28 09:45:45.894053061,100153,97,100044,397,100166,197,100035,197,100211,197,100034,100,100375,197,100033,97,100426,100,99975,100,100851,100,99953,100,100959,100,99948,100,101121,100,99940,100,101151,100,99933,100,101249,100,99902,100
2019-06-28 09:45:50.000000000,100166,294,100044,494,100211,294,100035,294,100375,100,100034,3,100426,100,99975,100,100851,100,99953,100,100959,100,99948,100,101121,100,99940,100,101151,100,99933,100,101249,100,99902,100,101267,100,99873,100
2019-06-28 09:46:00.000000000,100166,294,100044,494,100211,294,100035,294,100375,100,100034,3,100426,100,99975,100,100851,100,99953,100,100959,100,99948,100,101121,100,99940,100,101151,100,99933,100,101249,100,99902,100,101267,100,99873,100
2019-06-28 09:46:10.000000000,100166,232,100044,432,100211,228,100035,228,100375,228,100034,131,100426,100,99975,100,100851,100,99953,100,100959,100,99948,100,101121,100,99940,100,101151,100,99933,100,101249,100,99902,100,101267,100,99873,100
2019-06-28 09:46:20.000000000,100166,294,100044,494,100211,294,100035,294,100375,100,100034,3,100426,100,99975,100,100851,100,99953,100,100959,100,99948,100,101121,100,99940,100,101151,100,99933,100,101249,100,99902,100,101267,100,99873,100
2019-06-28 09:46:30.000000000,100166,178,100044,378,100211,178,100035,178,100375,178,100034,81,100426,178,99975,178,100851,178,99953,178,100959,100,99948,100,101121,100,99940,100,101151,100,99933,100,101249,100,99902,100,101267,100,99873,100
2019-06-28 09:46:40.000000000,100166,232,100044,432,100211,228,100035,228,100375,228,100034,131,100426,100,99975,100,100851,100,99953,100,100959,100,99948,100,101121,100,99940,100,101151,100,99933,100,101249,100,99902,100,101267,100,99873,100
2019-06-28 09:46:50.000000000,100166,488,100044,688,100211,100,100035,100,100375,100,100034,3,100426,100,99975,100,100851,100,99953,100,100959,100,99948,100,101121,100,99940,100,101151,100,99933,100,101249,100,99902,100,101267,100,99873,100
2019-06-28 09:47:00.000000000,100166,294,100044,494,100211,294,100035,294,100375,100,100034,3,100426,100,99975,100,100851,100,99953,100,100959,100,99948,100,101121,100,99940,100,101151,100,99933,100,101249,100,99902,100,101267,100,99873,100
2019-06-28 09:47:10.000000000,100166,488,100044,688,100211,100,100035,100,100375,100,100034,3,100426,100,99975,100,100851,100,99953,100,100959,100,99948,100,101121,100,99940,100,101151,100,99933,100,101249,100,99902,100,101267,100,99873,100
2019-06-28 09:47:20.000000000,100166,294,100044,494,100211,294,100035,294,100375,100,100034,3,100426,100,99975,100,100851,100,99953,100,100959,100,99948,100,101121,100,99940,100,101151,100,99933,100,101249,100,99902,100,101267,100,99873,100
2019-06-28 09:47:30.000000000,100166,488,100044,688,100211,100,100035,100,100375,100,100034,3,100426,100,99975,100,100851,100,99953,100,100959,100,99948,100,101121,100,99940,100,101151,100,99933,100,101249,100,99902,100,101267,100,99873,100
2019-06-28 09:47:40.000000000,100166,294,100044,494,100211,294,100035,294,100375,100,100034,3,100426,100,99975,100,100851,100,99953,100,100959,100,99948,100,101121,100,99940,100,101151,100,99933,100,101249,100,99902,100,101267,100,99873,100
2019-06-28 09:47:40.800032447,100166,294,100119,100,100211,194,100044,494,100375,100,100035,294,100426,100,100034,3,100851,100,99975,100,100959,100,99953,100,101121,100,99948,100,101151,100,99940,100,101249,100,99933,100,101267,100,99902,100
2019-06-28 09:47:50.000000000,100166,232,100119,232,100375,228,100044,428,100426,228,100035,228,100851,100,100034,3,100959,100,99975,100,101121,100,99953,100,101151,100,99948,100,101249,100,99940,100,101267,100,99933,100,101650,100,99902,100
2019-06-28 09:47:56.679932823,100122,100,100119,232,100166,232,100044,428,100375,228,100035,228,100426,228,100034,3,100851,100,99975,100,100959,100,99953,100,101121,100,99948,100,101151,100,99940,100,101249,100,99933,100,101267,100,99902,100
2019-06-28 09:48:00.000000000,100122,232,100119,232,100166,228,100044,428,100375,228,100035,228,100426,100,100034,3,100851,100,99975,100,100959,100,99953,100,101121,100,99948,100,101151,100,99940,100,101249,100,99933,100,101267,100,99902,100
2019-06-28 09:48:10.000000000,100122,178,100119,178,100166,178,100044,378,100375,178,100035,178,100426,178,100034,81,100851,178,99975,178,100959,100,99953,100,101121,100,99948,100,101151,100,99940,100,101249,100,99933,100,101267,100,99902,100
2019-06-28 09:48:20.000000000,100122,294,100119,294,100166,294,100044,494,100375,100,100035,100,100426,100,100034,3,100851,100,99975,100,100959,100,99953,100,101121,100,99948,100,101151,100,99940,100,101249,100,99933,100,101267,100,99902,100
2019-06-28 09:48:27.430180482,100122,194,100119,294,100166,294,100044,494,100375,100,100035,100,100426,100,100034,3,100851,100,99953,100,100959,100,99948,100,101121,100,99940,100,101151,100,99933,100,101249,100,99902,100,101267,100,99873,100
2019-06-28 09:48:30.000000000,100166,232,100119,232,100375,228,100044,428,100426,228,100035,228,100851,100,100034,3,100959,100,99953,100,101121,100,99948,100,101151,100,99940,100,101249,100,99933,100,101267,100,99902,100,101650,100,99873,100
2019-06-28 09:48:35.093412769,100166,232,100119,232,100375,228,100116,100,100426,228,100044,428,100851,100,100035,228,100959,100,100034,3,101121,100,99953,100,101151,100,99948,100,101249,100,99933,100,101267,100,99902,100,101650,100,99873,100
2019-06-28 09:48:38.704091825,100166,232,100119,232,100375,228,100116,100,100426,228,100054,100,100851,100,100044,428,100959,100,100035,228,101121,100,100034,3,101151,100,99953,100,101249,100,99948,100,101267,100,99933,100,101650,100,99902,100
2019-06-28 09:48:40.000000000,100166,294,100119,294,100375,294,100116,294,100426,100,100054,100,100851,100,100044,300,100959,100,100035,100,101121,100,100034,3,101151,100,99953,100,101249,100,99948,100,101267,100,99933,100,101650,100,99902,100
2019-06-28 09:48:45.056631706,100166,294,100151,100,100375,294,100119,294,100426,100,100116,294,100851,100,100054,100,100959,100,100044,300,101121,100,100035,100,101151,100,100034,3,101249,100,99953,100,101267,100,99948,100,101650,100,99933,100
2019-06-28 09:48:50.000000000,100166,197,100151,197,100375,197,100119,197,100426,197,100116,197,100851,197,100054,197,100959,100,100044,300,101121,100,100035,100,101151,100,100034,3,101249,100,99953,100,101267,100,99948,100,101650,100,99933,100
2019-06-28 09:49:00.000000000,100166,294,100151,294,100375,294,100119,294,100426,100,100116,100,100851,100,100054,100,100959,100,100044,300,101121,100,100035,100,101151,100,100034,3,101249,100,99953,100,101267,100,99948,100,101650,100,99933,100
2019-06-28 09:49:01.830897505,100166,294,100151,294,100375,294,100119,294,100426,100,100116,100,100851,100,100054,100,100959,100,100044,300,101121,100,100035,100,101151,100,100034,3,101249,100,99953,100,101267,100,99948,100,101650,100,99933,100
2019-06-28 09:49:06.791575961,100166,294,100151,294,100216,100,100119,294,100375,294,100116,100,100426,100,100054,100,100959,100,100044,300,101121,100,100035,100,101151,100,100034,3,101249,100,99953,100,101267,100,99948,100,101650,100,99933,100
2019-06-28 09:49:10.000000000,100166,178,100151,178,100216,178,100119,178,100375,178,100116,178,100426,178,100054,178,100959,178,100044,378,101121,100,100035,100,101151,100,100034,3,101249,100,99953,100,101267,100,99948,100,101650,100,99933,100
2019-06-28 09:49:19.618579135,100166,178,100151,178,100200,100,100119,178,100216,178,100116,178,100375,178,100054,178,100426,178,100044,378,100959,178,100035,100,101121,100,100034,3,101151,100,99953,100,101249,100,99933,100,101267,100,99918,100
2019-06-28 09:49:20.000000000,100166,178,100151,178,100200,178,100119,178,100216,178,100116,178,100375,178,100054,178,100426,178,100044,378,100959,100,100035,100,101121,100,100034,3,101151,100,99953,100,101249,100,99933,100,101267,100,99918,100
2019-06-28 09:49:30.000000000,100166,232,100151,232,100200,228,100119,228,100216,228,100116,228,100375,100,100054,100,100426,100,100044,300,100959,100,100035,100,101121,100,100034,3,101151,100,99953,100,101249,100,99933,100,101267,100,99918,100
2019-06-28 09:49:30.378005856,100166,232,100151,232,100200,228,100119,228,100216,228,100116,228,100285,100,100054,100,100375,100,100044,300,100426,100,100035,100,100959,100,100034,3,101121,100,99953,100,101151,100,99933,100,101249,100,99918,100
2019-06-28 09:49:36.237740367,100166,232,100151,232,100200,128,100119,228,100216,228,100116,228,100285,100,100054,100,100331,100,100044,300,100375,100,100035,100,100426,100,100034,3,100959,100,99953,100,101121,100,99933,100,101151,100,99918,100
2019-06-28 09:49:40.000000000,100166,294,100151,294,100216,294,100119,294,100285,100,100116,100,100331,100,100054,100,100375,100,100044,300,100426,100,100035,100,100959,100,100034,3,101121,100,99953,100,101151,100,99933,100,101249,100,99918,100
2019-06-28 09:49:50.000000000,100166,488,100151,488,100216,100,100119,100,100285,100,100116,100,100331,100,100054,100,100375,100,100044,300,100426,100,100035,100,100959,100,100034,3,101121,100,99953,100,101151,100,99933,100,101249,100,99918,100
2019-06-28 09:50:00.000000000,100166,197,100151,197,100216,197,100119,197,100285,197,100116,197,100331,197,100054,197,100375,100,100044,300,100426,100,100035,100,100959,100,100034,3,101121,100,99953,100,101151,100,99933,100,101249,100,99918,100
2019-06-28 09:50:10.000000000,100166,232,100151,232,100216,228,100119,228,100285,228,100116,228,100331,100,100054,100,100375,100,100044,300,100426,100,100035,100,100959,100,100034,3,101121,100,99953,100,101151,100,99933,100,101249,100,99918,100
2019-06-28 09:50:20.000000000,100166,178,100151,178,100216,178,100119,178,100285,178,100116,178,100331,178,100054,178,100375,178,100044,378,100426,100,100035,100,100959,100,100034,3,101121,100,99953,100,101151,100,99933,100,101249,100,99918,100
2019-06-28 09:50:21.455916171,100166,178,100151,178,100216,178,100122,100,100285,178,100119,178,100331,178,100116,178,100375,178,100054,178,100426,100,100044,278,100959,100,100035,100,101121,100,100034,3,101151,100,99953,100,101249,100,99933,100
2019-06-28 09:50:30.000000000,100166,197,100151,197,100216,197,100122,197,100285,197,100119,197,100331,197,100116,197,100375,100,100054,100,100426,100,100044,200,100959,100,100035,100,101121,100,100034,3,101151,100,99953,100,101249,100,99933,100
2019-06-28 09:50:34.564490234,100166,197,100151,197,100216,197,100122,297,100285,197,100119,197,100331,197,100116,197,100375,100,100054,100,100426,100,100044,200,100959,100,100035,100,101121,100,100034,3,101151,100,99953,100,101249,100,99933,100
2019-06-28 09:50:40.000000000,100166,294,100151,294,100216,294,100122,394,100285,100,100119,100,100331,100,100116,100,100375,100,100054,100,100426,100,100044,200,100959,100,100035,100,101121,100,100034,3,101151,100,99953,100,101249,100,99933,100
2019-06-28 09:50:50.000000000,100166,178,100151,178,100216,178,100122,278,100285,178,100119,178,100331,178,100116,178,100375,178,100054,178,100426,100,100044,200,100959,100,100035,100,101121,100,100034,3,101151,100,99953,100,101249,100,99933,100
2019-06-28 09:50:53.804367073,100166,178,100151,178,100216,178,100122,278,100285,178,100119,178,100331,178,100116,178,100375,178,100054,178,100426,100,100044,200,100622,100,100035,100,100959,100,100034,3,101121,100,99953,100,101151,100,99933,100
2019-06-28 09:50:58.767867640,100166,178,100151,178,100216,178,100122,278,100285,178,100119,178,100331,178,100116,178,100375,178,100054,178,100426,100,100044,200,100566,100,100035,100,100622,100,100034,3,100959,100,99953,100,101121,100,99918,100
2019-06-28 09:50:59.273851087,100166,178,100151,178,100216,178,100122,278,100285,178,100119,178,100331,178,100116,178,100375,178,100054,178,100426,100,100044,200,100566,100,100035,100,100622,100,100034,3,100959,100,99953,100,101121,100,99918,100
2019-06-28 09:51:00.000000000,100166,232,100151,232,100216,228,100122,328,100285,228,100119,228,100331,100,100116,100,100375,100,100054,100,100426,100,100044,200,100566,100,100035,100,100622,100,100034,3,100959,100,99953,100,101121,100,99918,100
2019-06-28 09:51:05.692121554,100166,132,100151,232,100216,228,100122,328,100285,228,100119,228,100331,100,100116,100,100375,100,100054,100,100426,100,100044,200,100566,100,100035,100,100622,100,100034,3,100959,100,99953,100,101121,100,99918,100
2019-06-28 09:51:10.000000000,100216,178,100151,178,100285,178,100122,278,100331,178,100119,178,100375,178,100116,178,100426,178,100054,178,100566,100,100044,200,100622,100,100035,100,100959,100,100034,3,101121,100,99953,100,101151,100,99918,100
2019-06-28 09:51:20.000000000,100216,294,100151,294,100285,294,100122,394,100331,100,100119,100,100375,100,100116,100,100426,100,100054,100,100566,100,100044,200,100622,100,100035,100,100959,100,100034,3,101121,100,99953,100,101151,100,99918,100
2019-06-28 09:51:30.000000000,100216,232,100151,232,100285,228,100122,328,100331,228,100119,228,100375,100,100116,100,100426,100,100054,100,100566,100,100044,200,100622,100,100035,100,100959,100,100034,3,101121,100,99953,100,101151,100,99918,100
2019-06-28 09:51:35.351657460,100216,232,100151,232,100285,228,100122,328,100331,228,100119,228,100375,100,100116,100,100426,100,100054,100,100566,100,100044,200,100622,100,100035,100,100959,100,100034,3,101020,100,99953,100,101121,100,99918,100
2019-06-28 09:51:39.557714792,100216,232,100152,100,100285,228,100151,232,100331,228,100122,328,100375,100,100119,228,100426,100,100116,100,100566,100,100054,100,100622,100,100044,200,100959,100,100035,100,101020,100,100034,3,101121,100,99918,100
2019-06-28 09:51:40.000000000,100216,197,100152,197,100285,197,100151,197,100331,197,100122,297,100375,197,100119,197,100426,100,100116,100,100566,100,100054,100,100622,100,100044,200,100959,100,100035,100,101020,100,100034,3,101121,100,99918,100
2019-06-28 09:51:49.601544959,100216,197,100152,197,100285,197,100151,197,100331,197,100122,297,100375,197,100119,97,100426,100,100116,100,100566,100,100054,100,100622,100,100044,200,100959,100,100035,100,101020,100,100034,3,101121,100,99918,100
2019-06-28 09:51:50.000000000,100216,294,100152,294,100285,294,100151,294,100331,100,100122,200,100375,100,100116,100,100426,100,100054,100,100566,100,100044,200,100622,100,100035,100,100959,100,100034,3,101020,100,99918,100,101121,100,99902,100
2019-06-28 09:51:51.022557016,100216,194,100152,294,100285,294,100151,294,100331,100,100122,200,100375,100,100116,100,100426,100,100054,100,100566,100,100044,200,100622,100,100035,100,100959,100,100034,3,101020,100,99918,100,101121,100,99902,100
2019-06-28 09:51:55.708787756,100216,94,100152,294,100285,294,100151,294,100331,100,100122,200,100375,100,100116,100,100426,100,100054,100,100566,100,100044,200,100622,100,100035,100,100959,100,100034,3,101020,100,99918,100,101121,100,99902,100
2019-06-28 09:51:58.115809775,100216,94,100152,294,100285,294,100151,294,100331,100,100122,200,100375,100,100116,100,100426,100,100054,100,100566,100,100044,200,100622,100,100035,100,100959,100,100034,3,101020,100,99918,100,101112,100,99902,100
2019-06-28 09:52:00.000000000,100285,197,100152,197,100331,197,100151,197,100375,197,100122,297,100426,197,100116,197,100566,100,100054,100,100622,100,100044,200,100959,100,100035,100,101020,100,100034,3,101112,100,99918,100,101121,100,99902,100
2019-06-28 09:52:07.911420281,100285,197,100152,197,100331,197,100151,197,100375,197,100122,297,100426,197,100116,197,100566,100,100054,100,100622,100,100044,200,100959,100,100035,100,101020,100,100034,3,101111,100,99918,100,101112,100,99902,100
2019-06-28 09:52:10.000000000,100285,178,100152,178,100331,178,100151,178,100375,178,100122,278,100426,178,100116,178,100566,178,100054,178,100622,100,100044,200,100959,100,100035,100,101020,100,100034,3,101111,100,99918,100,101112,100,99902,100
2019-06-28 09:52:18.536652265,100285,178,100152,178,100331,178,100151,178,100375,178,100122,178,100426,178,100116,178,100566,178,100054,178,100622,100,100044,200,100959,100,100035,100,101020,100,100034,3,101111,100,99918,100,101112,100,99902,100
2019-06-28 09:52:20.000000000,100285,294,100152,294,100331,294,100151,294,100375,100,100122,100,100426,100,100116,100,100566,100,100054,100,100622,100,100044,200,100959,100,100035,100,101020,100,100034,3,101111,100,99918,100,101112,100,99902,100
2019-06-28 09:52:30.000000000,100285,178,100152,178,100331,178,100151,178,100375,178,100122,178,100426,178,100116,178,100566,178,100054,178,100622,100,100044,200,100959,100,100035,100,101020,100,100034,3,101111,100,99918,100,101112,100,99902,100
2019-06-28 09:52:40.000000000,100285,197,100152,197,100331,197,100151,197,100375,197,100122,197,100426,197,100116,197,100566,100,100054,100,100622,100,100044,200,100959,100,100035,100,101020,100,100034,3,101111,100,99918,100,101112,100,99902,100
2019-06-28 09:52:50.000000000,100285,197,100152,197,100331,197,100151,197,100375,197,100122,197,100426,197,100116,197,100566,100,100054,100,100622,100,100044,200,100959,100,100035,100,101020,100,100034,3,101111,100,99918,100,101112,100,99902,100
2019-06-28 09:52:50.600452858,100285,197,100152,197,100331,197,100151,197,100375,197,100122,197,100426,197,100116,197,100566,100,100054,100,100622,100,100044,200,100959,100,100035,100,101020,100,99918,100,101111,100,99902,100,101112,100,99873,100
2019-06-28 09:52:52.401821883,100285,97,100152,197,100331,197,100151,197,100375,197,100122,197,100426,197,100116,197,100566,100,100054,100,100622,100,100044,200,100959,100,100035,100,101020,100,99918,100,101111,100,99902,100,101112,100,99873,100
2019-06-28 09:53:00.000000000,100331,197,100152,197,100375,197,100151,197,100426,197,100122,197,100566,197,100116,197,100622,100,100054,100,100959,100,100044,200,101020,100,100035,100,101111,100,99918,100,101112,100,99902,100,101121,100,99873,100
2019-06-28 09:53:10.000000000,100331,197,100152,197,100375,197,100151,197,100426,197,100122,197,100566,197,100116,197,100622,100,100054,100,100959,100,100044,200,101020,100,100035,100,101111,100,99918,100,101112,100,99902,100,101121,100,99873,100
2019-06-28 09:53:15.500593231,100331,197,100152,197,100375,197,100151,197,100426,197,100122,197,100566,97,100116,197,100622,100,100054,100,100810,100,100044,200,100959,100,100035,100,101020,100,99918,100,101111,100,99902,100,101112,100,99873,100
2019-06-28 09:53:20.000000000,100331,294,100152,294,100375,294,100151,294,100426,100,100122,100,100622,100,100116,100,100810,100,100054,100,100959,100,100044,200,101020,100,100035,100,101111,100,99918,100,101112,100,99902,100,101121,100,99873,100
2019-06-28 09:53:23.759231210,100331,294,100152,294,100375,294,100151,294,100426,100,100122,100,100622,100,100116,100,100810,100,100054,100,100925,100,100044,200,100959,100,100035,100,101020,100,99918,100,101112,100,99902,100,101121,100,99873,100
2019-06-28 09:53:30.000000000,100331,232,100152,232,100375,228,100151,228,100426,228,100122,228,100622,100,100116,100,100810,100,100054,100,100925,100,100044,200,100959,100,100035,100,101020,100,99918,100,101112,100,99902,100,101121,100,99873,100
2019-06-28 09:53:40.000000000,100331,294,100152,294,100375,294,100151,294,100426,100,100122,100,100622,100,100116,100,100810,100,100054,100,100925,100,100044,200,100959,100,100035,100,101020,100,99918,100,101112,100,99902,100,101121,100,99873,100
2019-06-28 09:53:48.432817667,100331,194,100152,294,100375,294,100151,294,100426,100,100122,100,100622,100,100116,100,100810,100,100054,100,100925,100,100044,200,100959,100,100035,100,101020,100,99918,100,101112,100,99902,100,101121,100,99873,100
2019-06-28 09:53:50.000000000,100375,197,100152,197,100426,197,100151,197,100622,197,100122,197,100810,197,100116,197,100925,100,100054,100,100959,100,100044,200,101020,100,100035,100,101112,100,99918,100,101121,100,99902,100,101142,100,99873,100
2019-06-28 09:53:53.696817711,100375,197,100285,100,100426,197,100152,197,100622,197,100151,197,100810,197,100122,197,100925,100,100116,197,100959,100,100054,100,101020,100,100044,200,101112,100,100035,100,101121,100,99918,100,101142,100,99902,100
2019-06-28 09:54:00.000000000,100375,178,100285,178,100426,178,100152,178,100622,178,100151,178,100810,178,100122,178,100925,178,100116,178,100959,100,100054,100,101020,100,100044,200,101112,100,100035,100,101121,100,99918,100,101142,100,99902,100
2019-06-28 09:54:10.000000000,100375,232,100285,232,100426,228,100152,228,100622,228,100151,228,100810,100,100122,100,100925,100,100116,100,100959,100,100054,100,101020,100,100044,200,101112,100,100035,100,101121,100,99918,100,101142,100,99902,100
2019-06-28 09:54:19.419785209,100375,132,100285,232,100426,228,100152,228,100622,228,100151,228,100810,100,100122,100,100925,100,100116,100,100959,100,100054,100,101020,100,100044,200,101112,100,100035,100,101121,100,99918,100,101142,100,99902,100
2019-06-28 09:54:20.000000000,100426,232,100285,232,100622,228,100152,228,100810,228,100151,228,100925,100,100122,100,100959,100,100116,100,101020,100,100054,100,101112,100,100044,200,101121,100,100035,100,101142,100,99918,100,101151,100,99902,100
2019-06-28 09:54:29.868102105,100426,132,100285,232,100622,228,100152,228,100810,128,100151,228,100925,100,100122,100,100959,100,100116,100,101020,100,100054,100,101112,100,100044,200,101121,100,100035,100,101142,100,99918,100,101151,100,99902,100
2019-06-28 09:54:30.000000000,100622,232,100285,232,100925,228,100152,228,100959,228,100151,228,101020,100,100122,100,101112,100,100116,100,101121,100,100054,100,101142,100,100044,200,101151,100,100035,100,101249,100,99918,100,101650,100,99902,100
2019-06-28 09:54:32.253743124,100622,232,100375,100,100925,228,100285,232,100959,228,100152,228,101020,100,100151,228,101112,100,100122,100,101121,100,100116,100,101142,100,100054,100,101151,100,100044,200,101249,100,100035,100,101650,100,99918,100
2019-06-28 09:54:40.000000000,100622,232,100375,232,100925,228,100285,228,100959,228,100152,228,101020,100,100151,100,101112,100,100122,100,101121,100,100116,100,101142,100,100054,100,101151,100,100044,200,101249,100,100035,100,101650,100,99918,100
2019-06-28 09:54:46.524629869,100622,132,100375,232,100925,228,100285,228,100959,228,100152,228,101020,100,100151,100,101112,100,100122,100,101121,100,100116,100,101142,100,100054,100,101151,100,100044,200,101249,100,100035,100,101650,100,99918,100
2019-06-28 09:54:50.000000000,100925,488,100375,488,100959,100,100285,100,101020,100,100152,100,101112,100,100151,100,101121,100,100122,100,101142,100,100116,100,101151,100,100054,100,101249,100,100044,200,101650,100,100035,100,101781,100,99918,100
2019-06-28 09:55:00.000000000,100925,488,100375,488,100959,100,100285,100,101020,100,100152,100,101112,100,100151,100,101121,100,100122,100,101142,100,100116,100,101151,100,100054,100,101249,100,100044,200,101650,100,100035,100,101781,100,99918,100
2019-06-28 09:55:10.000000000,100925,294,100375,294,100959,294,100285,294,101020,100,100152,100,101112,100,100151,100,101121,100,100122,100,101142,100,100116,100,101151,100,100054,100,101249,100,100044,200,101650,100,100035,100,101781,100,99918,100
2019-06-28 09:55:19.307669441,100925,294,100375,294,100959,294,100285,294,101020,100,100152,100,101060,100,100151,100,101112,100,100122,100,101121,100,100116,100,101142,100,100054,100,101151,100,100044,200,101249,100,100035,100,101781,100,99918,100
2019-06-28 09:55:20.000000000,100925,488,100375,488,100959,100,100285,100,101020,100,100152,100,101060,100,100151,100,101112,100,100122,100,101121,100,100116,100,101142,100,100054,100,101151,100,100044,200,101249,100,100035,100,101781,100,99918,100
2019-06-28 09:55:25.529618934,100925,488,100375,488,100959,100,100285,100,101020,100,100152,100,101060,100,100151,100,101112,100,100122,100,101121,100,100116,100,101142,100,100054,100,101151,100,100044,200,101249,100,99918,100,101781,100,99902,100
2019-06-28 09:55:30.000000000,100925,488,100375,488,100959,100,100285,100,101020,100,100152,100,101060,100,100151,100,101112,100,100122,100,101121,100,100116,100,101142,100,100054,100,101151,100,100044,200,101249,100,99918,100,101781,100,99902,100
2019-06-28 09:55:32.120498964,100925,388,100375,488,100959,100,100285,100,101020,100,100152,100,101060,100,100151,100,101112,100,100122,100,101121,100,100116,100,101142,100,100054,100,101151,100,100044,200,101249,100,99918,100,101781,100,99902,100
2019-06-28 09:55:40.000000000,100959,488,100375,488,101020,100,100285,100,101060,100,100152,100,101112,100,100151,100,101121,100,100122,100,101142,100,100116,100,101151,100,100054,100,101249,100,100044,200,101781,100,99918,100,,,99902,100
2019-06-28 09:55:50.000000000,100959,178,100375,178,101020,178,100285,178,101060,178,100152,178,101112,178,100151,178,101121,178,100122,178,101142,100,100116,100,101151,100,100054,100,101249,100,100044,200,101781,100,99918,100,,,99902,100
2019-06-28 09:56:00.000000000,100959,294,100375,294,101020,294,100285,294,101060,100,100152,100,101112,100,100151,100,101121,100,100122,100,101142,100,100116,100,101151,100,100054,100,101249,100,100044,200,101781,100,99918,100,,,99902,100
2019-06-28 09:56:01.268204401,100409,100,100375,294,100959,294,100285,294,101020,294,100152,100,101060,100,100151,100,101112,100,100122,100,101121,100,100116,100,101142,100,100054,100,101151,100,100044,200,101249,100,99918,100,101781,100,99902,100
2019-06-28 09:56:01.347097071,100407,100,100375,294,100409,100,100285,294,100959,294,100152,100,101020,294,100151,100,101060,100,100122,100,101112,100,100116,100,101121,100,100054,100,101142,100,100044,200,101151,100,99918,100,101249,100,99902,100
2019-06-28 09:56:10.000000000,100407,197,100375,197,100409,197,100285,197,100959,197,100152,197,101020,197,100151,197,101060,100,100122,100,101112,100,100116,100,101121,100,100054,100,101142,100,100044,200,101151,100,99918,100,101249,100,99902,100
2019-06-28 09:56:13.480366907,100407,197,100375,197,100409,197,100285,197,100493,100,100152,197,100959,197,100151,197,101020,197,100122,100,101060,100,100116,100,101112,100,100054,100,101121,100,100044,200,101142,100,99918,100,101151,100,99902,100
2019-06-28 09:56:20.000000000,100407,197,100375,197,100409,197,100285,197,100493,197,100152,197,100959,197,100151,197,101020,100,100122,100,101060,100,100116,100,101112,100,100054,100,101121,100,100044,200,101142,100,99918,100,101151,100,99902,100
2019-06-28 09:56:30.000000000,100407,197,100375,197,100409,197,100285,197,100493,197,100152,197,100959,197,100151,197,101020,100,100122,100,101060,100,100116,100,101112,100,100054,100,101121,100,100044,200,101142,100,99918,100,101151,100,99902,100
2019-06-28 09:56:33.009451246,100407,197,100375,197,100409,197,100285,197,100493,197,100157,100,100959,197,100152,197,101020,100,100151,197,101060,100,100122,100,101112,100,100116,100,101121,100,100044,200,101142,100,99918,100,101151,100,99902,100
2019-06-28 09:56:40.000000000,100407,294,100375,294,100409,294,100285,294,100493,100,100157,100,100959,100,100152,100,101020,100,100151,100,101060,100,100122,100,101112,100,100116,100,101121,100,100044,200,101142,100,99918,100,101151,100,99902,100
2019-06-28 09:56:47.544921157,100404,100,100375,294,100407,294,100285,294,100409,294,100157,100,100493,100,100152,100,100959,100,100151,100,101020,100,100122,100,101060,100,100116,100,101112,100,100044,200,101121,100,99918,100,101142,100,99902,100
2019-06-28 09:56:50.000000000,100404,294,100375,294,100407,294,100285,294,100409,100,100157,100,100493,100,100152,100,100959,100,100151,100,101020,100,100122,100,101060,100,100116,100,101112,100,100044,200,101121,100,99918,100,101142,100,99902,100
2019-06-28 09:57:00.000000000,100404,178,100375,178,100407,178,100285,178,100409,178,100157,178,100493,178,100152,178,100959,178,100151,178,101020,100,100122,100,101060,100,100116,100,101112,100,100044,200,101121,100,99918,100,101142,100,99902,100
2019-06-28 09:57:10.000000000,100404,232,100375,232,100407,228,100285,228,100409,228,100157,228,100493,100,100152,100,100959,100,100151,100,101020,100,100122,100,101060,100,100116,100,101112,100,100044,200,101121,100,99918,100,101142,100,99902,100
2019-06-28 09:57:20.000000000,100404,178,100375,178,100407,178,100285,178,100409,178,100157,178,100493,178,100152,178,100959,178,100151,178,101020,100,100122,100,101060,100,100116,100,101112,100,100044,200,101121,100,99918,100,101142,100,99902,100
2019-06-28 09:57:30.000000000,100404,197,100375,197,100407,197,100285,197,100409,197,100157,197,100493,197,100152,197,100959,100,100151,100,101020,100,100122,100,101060,100,100116,100,101112,100,100044,200,101121,100,99918,100,101142,100,99902,100
2019-06-28 09:57:40.000000000,100404,232,100375,232,100407,228,100285,228,100409,228,100157,228,100493,100,100152,100,100959,100,100151,100,101020,100,100122,100,101060,100,100116,100,101112,100,100044,200,101121,100,99918,100,101142,100,99902,100
2019-06-28 09:57:40.062942057,100404,232,100375,232,100407,228,100285,228,100409,228,100157,228,100472,100,100152,100,100493,100,100151,100,100959,100,100122,100,101020,100,100116,100,101060,100,100044,200,101112,100,99918,100,101121,100,99902,100
2019-06-28 09:57:50.000000000,100404,197,100375,197,100407,197,100285,197,100409,197,100157,197,100472,197,100152,197,100493,100,100151,100,100959,100,100122,100,101020,100,100116,100,101060,100,100044,200,101112,100,99918,100,101121,100,99902,100
2019-06-28 09:57:59.927862153,100404,197,100375,197,100407,197,100285,197,100409,197,100157,197,100472,197,100152,197,100493,100,100151,100,100621,100,100122,100,100959,100,100116,100,101020,100,100044,200,101060,100,99918,100,101112,100,99902,100
2019-06-28 09:58:00.000000000,100404,197,100375,197,100407,197,100285,197,100409,197,100157,197,100472,197,100152,197,100493,100,100151,100,100621,100,100122,100,100959,100,100116,100,101020,100,100044,200,101060,100,99918,100,101112,100,99902,100
2019-06-28 09:58:10.000000000,100404,232,100375,232,100407,228,100285,228,100409,228,100157,228,100472,100,100152,100,100493,100,100151,100,100621,100,100122,100,100959,100,100116,100,101020,100,100044,200,101060,100,99918,100,101112,100,99902,100
2019-06-28 09:58:20.000000000,100404,488,100375,488,100407,100,100285,100,100409,100,100157,100,100472,100,100152,100,100493,100,100151,100,100621,100,100122,100,100959,100,100116,100,101020,100,100044,200,101060,100,99918,100,101112,100,99902,100
2019-06-28 09:58:24.412008401,100404,488,100375,388,100407,100,100285,100,100409,100,100157,100,100472,100,100152,100,100493,100,100151,100,100621,100,100122,100,100959,100,100116,100,101020,100,100044,200,101060,100,99902,100,101112,100,99873,100
2019-06-28 09:58:30.000000000,100404,178,100285,178,100407,178,100157,178,100409,178,100152,178,100472,178,100151,178,100493,178,100122,178,100621,100,100116,100,100959,100,100044,200,101020,100,99902,100,101060,100,99873,100,101112,100,99863,100
2019-06-28 09:58:40.000000000,100404,178,100285,178,100407,178,100157,178,100409,178,100152,178,100472,178,100151,178,100493,178,100122,178,100621,100,100116,100,100959,100,100044,200,101020,100,99902,100,101060,100,99873,100,101112,100,99863,100
2019-06-28 09:58:45.788829511,100404,178,100285,78,100407,178,100157,178,100409,178,100152,178,100472,178,100151,178,100493,178,100122,178,100621,100,100116,100,100959,100,100044,200,101020,100,99902,100,101060,100,99873,100,101112,100,99863,100
2019-06-28 09:58:50.000000000,100404,488,100157,488,100407,100,100152,100,100409,100,100151,100,100472,100,100122,100,100493,100,100116,100,100621,100,100044,200,100959,100,99902,100,101020,100,99873,100,101060,100,99863,100,101112,100,99844,100
2019-06-28 09:59:00.000000000,100404,178,100157,178,100407,178,100152,178,100409,178,100151,178,100472,178,100122,178,100493,178,100116,178,100621,100,100044,200,100959,100,99902,100,101020,100,99873,100,101060,100,99863,100,101112,100,99844,100
2019-06-28 09:59:00.016022843,100404,178,100157,178,100407,178,100152,178,100409,178,100151,178,100472,178,100122,178,100493,178,100116,178,100621,100,100044,200,100959,100,99989,100,101020,100,99902,100,101060,100,99873,100,101112,100,99863,100
2019-06-28 09:59:10.000000000,100404,197,100157,197,100407,197,100152,197,100409,197,100151,197,100472,197,100122,197,100493,100,100116,100,100621,100,100044,200,100959,100,99989,100,101020,100,99902,100,101060,100,99873,100,101112,100,99863,100
2019-06-28 09:59:20.000000000,100404,232,100157,232,100407,228,100152,228,100409,228,100151,228,100472,100,100122,100,100493,100,100116,100,100621,100,100044,200,100959,100,99989,100,101020,100,99902,100,101060,100,99873,100,101112,100,99863,100
2019-06-28 09:59:30.000000000,100404,488,100157,488,100407,100,100152,100,100409,100,100151,100,100472,100,100122,100,100493,100,100116,100,100621,100,100044,200,100959,100,99989,100,101020,100,99902,100,101060,100,99873,100,101112,100,99863,100
2019-06-28 09:59:40.000000000,100404,232,100157,232,100407,228,100152,228,100409,228,100151,228,100472,100,100122,100,100493,100,100116,100,100621,100,100044,200,100959,100,99989,100,101020,100,99902,100,101060,100,99873,100,101112,100,99863,100
2019-06-28 09:59:44.866529093,100404,232,100157,232,100407,228,100152,228,100409,228,100151,128,100472,100,100122,100,100493,100,100116,100,100530,100,100044,200,100621,100,99989,100,100959,100,99902,100,101020,100,99873,100,101060,100,99863,100
2019-06-28 09:59:48.901706368,100404,132,100157,232,100407,228,100152,228,100409,228,100151,128,100472,100,100122,100,100493,100,100116,100,100530,100,100044,200,100621,100,99989,100,100959,100,99902,100,101020,100,99873,100,101060,100,99863,100
2019-06-28 09:59:50.000000000,100407,294,100157,294,100409,294,100152,294,100472,100,100122,100,100493,100,100116,100,100530,100,100044,200,100621,100,99989,100,100959,100,99902,100,101020,100,99873,100,101060,100,99863,100,101112,100,99844,100
2019-06-28 10:00:00.000000000,100407,232,100157,232,100409,228,100152,228,100472,228,100122,228,100493,100,100116,100,100530,100,100044,200,100621,100,99989,100,100959,100,99902,100,101020,100,99873,100,101060,100,99863,100,101112,100,99844,100
2019-06-28 10:00:10.000000000,100407,294,100157,294,100409,294,100152,294,100472,100,100122,100,100493,100,100116,100,100530,100,100044,200,100621,100,99989,100,100959,100,99902,100,101020,100,99873,100,101060,100,99863,100,101112,100,99844,100
2019-06-28 10:00:18.299315844,100407,294,100157,294,100409,294,100152,294,100472,100,100122,100,100530,100,100116,100,100621,100,100044,200,100771,100,99989,100,100959,100,99902,100,101020,100,99873,100,101060,100,99863,100,101112,100,99844,100
2019-06-28 10:00:20.000000000,100407,197,100157,197,100409,197,100152,197,100472,197,100122,197,100530,197,100116,197,100621,100,100044,200,100771,100,99989,100,100959,100,99902,100,101020,100,99873,100,101060,100,99863,100,101112,100,99844,100
2019-06-28 10:00:30.000000000,100407,488,100157,488,100409,100,100152,100,100472,100,100122,100,100530,100,100116,100,100621,100,100044,200,100771,100,99989,100,100959,100,99902,100,101020,100,99873,100,101060,100,99863,100,101112,100,99844,100
2019-06-28 10:00:40.000000000,100407,178,100157,178,100409,178,100152,178,100472,178,100122,178,100530,178,100116,178,100621,178,100044,278,100771,100,99989,100,100959,100,99902,100,101020,100,99873,100,101060,100,99863,100,101112,100,99844,100
2019-06-28 10:00:48.450140604,100407,78,100157,178,100409,178,100152,178,100472,178,100122,178,100530,178,100116,178,100621,178,100044,278,100771,100,99989,100,100959,100,99902,100,101020,100,99873,100,101060,100,99863,100,101112,100,99844,100
2019-06-28 10:00:50.000000000,100409,488,100157,488,100472,100,100152,100,100530,100,100122,100,100621,100,100116,100,100771,100,100044,200,100959,100,99989,100,101020,100,99902,100,101060,100,99873,100,101112,100,99863,100,101142,100,99844,100
2019-06-28 10:00:52.552850142,100409,488,100223,100,100472,100,100157,488,100530,100,100152,100,100621,100,100122,100,100771,100,100116,100,100959,100,100044,200,101020,100,99989,100,101060,100,99902,100,101112,100,99873,100,101142,100,99863,100
2019-06-28 10:01:00.000000000,100409,294,100223,294,100472,294,100157,294,100530,100,100152,100,100621,100,100122,100,100771,100,100116,100,100959,100,100044,200,101020,100,99989,100,101060,100,99902,100,101112,100,99873,100,101142,100,99863,100
2019-06-28 10:01:04.339879743,100409,294,100404,100,100472,294,100223,294,100530,100,100157,294,100621,100,100152,100,100771,100,100122,100,100959,100,100116,100,101020,100,100044,200,101060,100,99989,100,101112,100,99902,100,101142,100,99873,100
2019-06-28 10:01:10.000000000,100409,178,100404,178,100472,178,100223,178,100530,178,100157,178,100621,178,100152,178,100771,178,100122,178,100959,100,100116,100,101020,100,100044,200,101060,100,99989,100,101112,100,99902,100,101142,100,99873,100
2019-06-28 10:01:20.000000000,100409,294,100404,294,100472,294,100223,294,100530,100,100157,100,100621,100,100152,100,100771,100,100122,100,100959,100,100116,100,101020,100,100044,200,101060,100,99989,100,101112,100,99902,100,101142,100,99873,100
2019-06-28 10:01:23.171980150,100409,294,100404,294,100472,294,100223,294,100530,100,100191,100,100621,100,100157,100,100771,100,100152,100,100959,100,100122,100,101020,100,100116,100,101060,100,100044,200,101112,100,99989,100,101142,100,99902,100
2019-06-28 10:01:26.020610650,100409,294,100404,194,100472,294,100223,294,100530,100,100191,100,100621,100,100157,100,100771,100,100152,100,100959,100,100122,100,101020,100,100116,100,101060,100,100044,200,101112,100,99989,100,101142,100,99902,100
2019-06-28 10:01:30.000000000,100409,488,100223,488,100472,100,100191,100,100530,100,100157,100,100621,100,100152,100,100771,100,100122,100,100959,100,100116,100,101020,100,100044,200,101060,100,99989,100,101112,100,99902,100,101142,100,99863,100
2019-06-28 10:01:40.000000000,100409,488,100223,488,100472,100,100191,100,100530,100,100157,100,100621,100,100152,100,100771,100,100122,100,100959,100,100116,100,101020,100,100044,200,101060,100,99989,100,101112,100,99902,100,101142,100,99863,100
2019-06-28 10:01:50.000000000,100409,197,100223,197,100472,197,100191,197,100530,197,100157,197,100621,197,100152,197,100771,100,100122,100,100959,100,100116,100,101020,100,100044,200,101060,100,99989,100,101112,100,99902,100,101142,100,99863,100
2019-06-28 10:01:52.841621091,100400,100,100223,197,100409,197,100191,197,100472,197,100157,197,100530,197,100152,197,100621,197,100122,100,100771,100,100116,100,100959,100,100044,200,101020,100,99989,100,101060,100,99902,100,101112,100,99863,100
2019-06-28 10:02:00.000000000,100400,197,100223,197,100409,197,100191,197,100472,197,100157,197,100530,197,100152,197,100621,100,100122,100,100771,100,100116,100,100959,100,100044,200,101020,100,99989,100,101060,100,99902,100,101112,100,99863,100
2019-06-28 10:02:03.796802607,100283,100,100223,197,100400,197,100191,197,100409,197,100157,197,100472,197,100152,197,100530,197,100122,100,100621,100,100116,100,100771,100,100044,200,100959,100,99989,100,101020,100,99902,100,101060,100,99863,100
2019-06-28 10:02:10.000000000,100283,197,100223,197,100400,197,100191,197,100409,197,100157,197,100472,197,100152,197,100530,100,100122,100,100621,100,100116,100,100771,100,100044,200,100959,100,99989,100,101020,100,99902,100,101060,100,99863,100
2019-06-28 10:02:20.000000000,100283,294,100223,294,100400,294,100191,294,100409,100,100157,100,100472,100,100152,100,100530,100,100122,100,100621,100,100116,100,100771,100,100044,200,100959,100,99989,100,101020,100,99902,100,101060,100,99863,100
2019-06-28 10:02:30.000000000,100283,197,100223,197,100400,197,100191,197,100409,197,100157,197,100472,197,100152,197,100530,100,100122,100,100621,100,100116,100,100771,100,100044,200,100959,100,99989,100,101020,100,99902,100,101060,100,99863,100
2019-06-28 10:02:40.000000000,100283,232,100223,232,100400,228,100191,228,100409,228,100157,228,100472,100,100152,100,100530,100,100122,100,100621,100,100116,100,100771,100,100044,200,100959,100,99989,100,101020,100,99902,100,101060,100,99863,100
2019-06-28 10:02:40.342362472,100283,232,100223,232,100400,228,100191,228,100409,228,100157,228,100472,100,100152,100,100530,100,100122,100,100553,100,100116,100,100621,100,100044,200,100771,100,99989,100,100959,100,99902,100,101020,100,99863,100
2019-06-28 10:02:45.835605429,100283,232,100223,232,100400,228,100191,328,100409,228,100157,228,100472,100,100152,100,100530,100,100122,100,100553,100,100116,100,100621,100,100044,200,100771,100,99989,100,100959,100,99902,100,101020,100,99863,100
2019-06-28 10:02:50.000000000,100283,488,100223,488,100400,100,100191,200,100409,100,100157,100,100472,100,100152,100,100530,100,100122,100,100553,100,100116,100,100621,100,100044,200,100771,100,99989,100,100959,100,99902,100,101020,100,99863,100
2019-06-28 10:03:00.000000000,100283,197,100223,197,100400,197,100191,297,100409,197,100157,197,100472,197,100152,197,100530,100,100122,100,100553,100,100116,100,100621,100,100044,200,100771,100,99989,100,100959,100,99902,100,101020,100,99863,100
2019-06-28 10:03:10.000000000,100283,178,100223,178,100400,178,100191,278,100409,178,100157,178,100472,178,100152,178,100530,178,100122,178,100553,100,100116,100,100621,100,100044,200,100771,100,99989,100,100959,100,99902,100,101020,100,99863,100
2019-06-28 10:03:12.232638515,100283,78,100223,178,100400,178,100191,278,100409,178,100157,178,100472,178,100152,178,100530,178,100122,178,100553,100,100116,100,100621,100,100044,200,100771,100,99989,100,100959,100,99902,100,101020,100,99863,100
2019-06-28 10:03:20.000000000,100400,294,100223,294,100409,294,100191,394,100472,100,100157,100,100530,100,100152,100,100553,100,100122,100,100621,100,100116,100,100771,100,100044,200,100959,100,99989,100,101020,100,99902,100,101060,100,99863,100
2019-06-28 10:03:30.000000000,100400,488,100223,488,100409,100,100191,200,100472,100,100157,100,100530,100,100152,100,100553,100,100122,100,100621,100,100116,100,100771,100,100044,200,100959,100,99989,100,101020,100,99902,100,101060,100,99863,100
2019-06-28 10:03:32.334409575,100400,388,100223,488,100409,100,100191,200,100472,100,100157,100,100530,100,100152,100,100621,100,100122,100,100771,100,100116,100,100959,100,100044,200,101020,100,99989,100,101060,100,99902,100,101112,100,99863,100
2019-06-28 10:03:38.627207232,100400,388,100283,100,100409,100,100223,488,100472,100,100191,200,100530,100,100157,100,100621,100,100152,100,100771,100,100122,100,100959,100,100116,100,101020,100,100044,200,101060,100,99989,100,101112,100,99902,100
2019-06-28 10:03:40.000000000,100409,178,100283,178,100472,178,100223,178,100530,178,100191,278,100621,178,100157,178,100771,178,100152,178,100959,100,100122,100,101020,100,100116,100,101060,100,100044,200,101112,100,99989,100,101142,100,99902,100
2019-06-28 10:03:50.000000000,100409,197,100283,197,100472,197,100223,197,100530,197,100191,297,100621,197,100157,197,100771,100,100152,100,100959,100,100122,100,101020,100,100116,100,101060,100,100044,200,101112,100,99989,100,101142,100,99902,100
2019-06-28 10:04:00.000000000,100409,488,100283,488,100472,100,100223,100,100530,100,100191,200,100621,100,100157,100,100771,100,100152,100,100959,100,100122,100,101020,100,100116,100,101060,100,100044,200,101112,100,99989,100,101142,100,99902,100
2019-06-28 10:04:10.000000000,100409,488,100283,488,100472,100,100223,100,100530,100,100191,200,100621,100,100157,100,100771,100,100152,100,100959,100,100122,100,101020,100,100116,100,101060,100,100044,200,101112,100,99989,100,101142,100,99902,100
2019-06-28 10:04:20.000000000,100409,197,100283,197,100472,197,100223,197,100530,197,100191,297,100621,197,100157,197,100771,100,100152,100,100959,100,100122,100,101020,100,100116,100,101060,100,100044,200,101112,100,99989,100,101142,100,99902,100
2019-06-28 10:04:30.000000000,100409,178,100283,178,100472,178,100223,178,100530,178,100191,278,100621,178,100157,178,100771,178,100152,178,100959,100,100122,100,101020,100,100116,100,101060,100,100044,200,101112,100,99989,100,101142,100,99902,100
2019-06-28 10:04:30.026217374,100409,178,100283,278,100472,178,100223,178,100530,178,100191,278,100621,178,100157,178,100771,178,100152,178,100959,100,100122,100,101020,100,100116,100,101060,100,100044,200,101112,100,99989,100,101142,100,99902,100
2019-06-28 10:04:40.000000000,100409,178,100283,278,100472,178,100223,178,100530,178,100191,278,100621,178,100157,178,100771,178,100152,178,100959,100,100122,100,101020,100,100116,100,101060,100,100044,200,101112,100,99989,100,101142,100,99902,100
2019-06-28 10:04:50.000000000,100409,294,100283,394,100472,294,100223,294,100530,100,100191,200,100621,100,100157,100,100771,100,100152,100,100959,100,100122,100,101020,100,100116,100,101060,100,100044,200,101112,100,99989,100,101142,100,99902,100
2019-06-28 10:05:00.000000000,100409,197,100283,297,100472,197,100223,197,100530,197,100191,297,100621,197,100157,197,100771,100,100152,100,100959,100,100122,100,101020,100,100116,100,101060,100,100044,200,101112,100,99989,100,101142,100,99902,100
2019-06-28 10:05:07.366401842,100409,197,100283,197,100472,197,100223,197,100530,197,100191,197,100621,197,100157,197,100771,100,100152,100,100959,100,100122,100,101020,100,100116,100,101060,100,100044,200,101112,100,99989,100,101142,100,99902,100
2019-06-28 10:05:07.399917630,100409,197,100283,197,100472,197,100223,197,100474,100,100191,197,100530,197,100157,197,100621,197,100152,100,100771,100,100122,100,100959,100,100116,100,101020,100,100044,200,101060,100,99989,100,101112,100,99902,100
2019-06-28 10:05:10.000000000,100409,488,100283,488,100472,100,100223,100,100474,100,100191,100,100530,100,100157,100,100621,100,100152,100,100771,100,100122,100,100959,100,100116,100,101020,100,100044,200,101060,100,99989,100,101112,100,99902,100
2019-06-28 10:05:11.855918030,100409,388,100283,488,100472,100,100223,100,100474,100,100216,100,100530,100,100191,100,100621,100,100157,100,100771,100,100152,100,100959,100,100122,100,101020,100,100116,100,101060,100,100044,200,101112,100,99989,100
2019-06-28 10:05:20.000000000,100472,232,100283,232,100474,228,100223,228,100530,228,100216,228,100621,100,100191,100,100771,100,100157,100,100959,100,100152,100,101020,100,100122,100,101060,100,100116,100,101112,100,100044,200,101142,100,99989,100
2019-06-28 10:05:30.000000000,100472,232,100283,232,100474,228,100223,228,100530,228,100216,228,100621,100,100191,100,100771,100,100157,100,100959,100,100152,100,101020,100,100122,100,101060,100,100116,100,101112,100,100044,200,101142,100,99989,100
2019-06-28 10:05:34.198506850,100472,232,100283,132,100474,228,100223,228,100530,228,100216,228,100621,100,100191,100,100771,100,100157,100,100959,100,100152,100,101020,100,100122,100,101060,100,100116,100,101112,100,100044,200,101142,100,99989,100
2019-06-28 10:05:40.000000000,100472,488,100223,488,100474,100,100216,100,100530,100,100191,100,100621,100,100157,100,100771,100,100152,100,100959,100,100122,100,101020,100,100116,100,101060,100,100044,200,101112,100,99989,100,101142,100,99902,100
2019-06-28 10:05:46.401860770,100472,488,100284,100,100474,100,100223,488,100530,100,100216,100,100621,100,100191,100,100771,100,100157,100,100959,100,100152,100,101020,100,100122,100,101060,100,100116,100,101112,100,100044,200,101142,100,99989,100
2019-06-28 10:05:48.249880781,100472,488,100223,488,100474,100,100216,100,100530,100,100191,100,100621,100,100157,100,100771,100,100152,100,100959,100,100122,100,101020,100,100116,100,101060,100,100044,200,101112,100,99989,100,101142,100,99902,100
2019-06-28 10:05:50.000000000,100472,178,100223,178,100474,178,100216,178,100530,178,100191,178,100621,178,100157,178,100771,178,100152,178,100959,100,100122,100,101020,100,100116,100,101060,100,100044,200,101112,100,99989,100,101142,100,99902,100
2019-06-28 10:06:00.000000000,100472,178,100223,178,100474,178,100216,178,100530,178,100191,178,100621,178,100157,178,100771,178,100152,178,100959,100,100122,100,101020,100,100116,100,101060,100,100044,200,101112,100,99989,100,101142,100,99902,100
2019-06-28 10:06:00.602221009,100472,178,100223,78,100474,178,100216,178,100530,178,100191,178,100621,178,100157,178,100771,178,100152,178,100959,100,100122,100,101020,100,100116,100,101060,100,100044,200,101112,100,99989,100,101142,100,99902,100
2019-06-28 10:06:03.848727037,100472,178,100223,78,100474,178,100216,178,100530,178,100191,178,100621,178,100157,178,100771,178,100152,178,100959,100,100122,100,101020,100,100116,100,101060,100,100100,100,101112,100,100044,200,101142,100,99989,100
2019-06-28 10:06:10.000000000,100472,488,100216,488,100474,100,100191,100,100530,100,100157,100,100621,100,100152,100,100771,100,100122,100,100959,100,100116,100,101020,100,100100,100,101060,100,100044,200,101112,100,99989,100,101142,100,99902,100
2019-06-28 10:06:16.239920438,100284,100,100216,488,100472,488,100191,100,100474,100,100157,100,100530,100,100152,100,100621,100,100122,100,100771,100,100116,100,100959,100,100100,100,101020,100,100044,200,101060,100,99989,100,101112,100,99902,100
2019-06-28 10:06:20.000000000,100284,294,100216,294,100472,294,100191,294,100474,100,100157,100,100530,100,100152,100,100621,100,100122,100,100771,100,100116,100,100959,100,100100,100,101020,100,100044,200,101060,100,99989,100,101112,100,99902,100
2019-06-28 10:06:30.000000000,100284,294,100216,294,100472,294,100191,294,100474,100,100157,100,100530,100,100152,100,100621,100,100122,100,100771,100,100116,100,100959,100,100100,100,101020,100,100044,200,101060,100,99989,100,101112,100,99902,100
2019-06-28 10:06:40.000000000,100284,232,100216,232,100472,228,100191,228,100474,228,100157,228,100530,100,100152,100,100621,100,100122,100,100771,100,100116,100,100959,100,100100,100,101020,100,100044,200,101060,100,99989,100,101112,100,99902,100
2019-06-28 10:06:50.000000000,100284,488,100216,488,100472,100,100191,100,100474,100,100157,100,100530,100,100152,100,100621,100,100122,100,100771,100,100116,100,100959,100,100100,100,101020,100,100044,200,101060,100,99989,100,101112,100,99902,100
2019-06-28 10:06:58.402284868,100284,488,100216,388,100472,100,100191,100,100474,100,100157,100,100530,100,100152,100,100621,100,100122,100,100771,100,100116,100,100959,100,100044,200,101020,100,99989,100,101060,100,99902,100,101112,100,99710,100
2019-06-28 10:07:00.000000000,100284,178,100191,178,100472,178,100157,178,100474,178,100152,178,100530,178,100122,178,100621,178,100116,178,100771,100,100044,200,100959,100,99989,100,101020,100,99902,100,101060,100,99710,100,101112,100,,
2019-06-28 10:07:10.000000000,100284,294,100191,294,100472,294,100157,294,100474,100,100152,100,100530,100,100122,100,100621,100,100116,100,100771,100,100044,200,100959,100,99989,100,101020,100,99902,100,101060,100,99710,100,101112,100,,
2019-06-28 10:07:10.798128381,100284,294,100191,294,100472,294,100157,294,100474,100,100152,100,100621,100,100122,100,100771,100,100116,100,100959,100,100044,200,101020,100,99989,100,101060,100,99902,100,101112,100,99853,100,101142,100,99710,100
2019-06-28 10:07:20.000000000,100284,488,100191,488,100472,100,100157,100,100474,100,100152,100,100621,100,100122,100,100771,100,100116,100,100959,100,100044,200,101020,100,99989,100,101060,100,99902,100,101112,100,99853,100,101142,100,99710,100
2019-06-28 10:07:30.000000000,100284,232,100191,232,100472,228,100157,228,100474,228,100152,228,100621,100,100122,100,100771,100,100116,100,100959,100,100044,200,101020,100,99989,100,101060,100,99902,100,101112,100,99853,100,101142,100,99710,100
2019-06-28 10:07:40.000000000,100284,197,100191,197,100472,197,100157,197,100474,197,100152,197,100621,197,100122,197,100771,100,100116,100,100959,100,100044,200,101020,100,99989,100,101060,100,99902,100,101112,100,99853,100,101142,100,99710,100
2019-06-28 10:07:48.270839597,100223,100,100191,197,100284,197,100157,197,100472,197,100152,197,100474,197,100122,197,100621,197,100116,100,100771,100,100044,200,100959,100,99989,100,101020,100,99902,100,101060,100,99853,100,101112,100,99710,100
2019-06-28 10:07:50.000000000,100223,294,100191,294,100284,294,100157,294,100472,100,100152,100,100474,100,100122,100,100621,100,100116,100,100771,100,100044,200,100959,100,99989,100,101020,100,99902,100,101060,100,99853,100,101112,100,99710,100
2019-06-28 10:07:55.903279901,100207,100,100191,294,100223,294,100157,294,100284,294,100152,100,100472,100,100122,100,100474,100,100116,100,100621,100,100044,200,100771,100,99989,100,100959,100,99902,100,101020,100,99853,100,101060,100,99710,100
2019-06-28 10:08:00.000000000,100207,178,100191,178,100223,178,100157,178,100284,178,100152,178,100472,178,100122,178,100474,178,100116,178,100621,100,100044,200,100771,100,99989,100,100959,100,99902,100,101020,100,99853,100,101060,100,99710,100
2019-06-28 10:08:08.679608114,100207,78,100191,178,100223,178,100157,178,100284,178,100152,178,100286,100,100122,178,100472,178,100116,178,100474,178,100044,200,100621,100,99989,100,100771,100,99902,100,100959,100,99853,100,101020,100,99710,100
2019-06-28 10:08:10.000000000,100223,197,100191,197,100284,197,100157,197,100286,197,100152,197,100472,197,100122,197,100474,100,100116,100,100621,100,100044,200,100771,100,99989,100,100959,100,99902,100,101020,100,99853,100,101060,100,99710,100
2019-06-28 10:08:20.000000000,100223,232,100191,232,100284,228,100157,228,100286,228,100152,228,100472,100,100122,100,100474,100,100116,100,100621,100,100044,200,100771,100,99989,100,100959,100,99902,100,101020,100,99853,100,101060,100,99710,100
2019-06-28 10:08:27.318570303,100223,232,100191,132,100284,228,100157,228,100286,228,100152,228,100472,100,100122,100,100474,100,100116,100,100621,100,100044,200,100771,100,99989,100,100959,100,99902,100,101020,100,99853,100,101060,100,99710,100
2019-06-28 10:08:28.167500953,100223,232,100191,32,100284,228,100157,228,100286,228,100152,228,100472,100,100122,100,100474,100,100116,100,100621,100,100044,200,100771,100,99989,100,100959,100,99902,100,101020,100,99853,100,101060,100,99710,100
2019-06-28 10:08:30.000000000,100223,488,100157,488,100284,100,100152,100,100286,100,100122,100,100472,100,100116,100,100474,100,100044,200,100621,100,99989,100,100771,100,99902,100,100959,100,99853,100,101020,100,99710,100,101060,100,,
2019-06-28 10:08:30.275812763,100191,100,100157,488,100223,488,100152,100,100284,100,100122,100,100286,100,100116,100,100472,100,100044,200,100474,100,99989,100,100771,100,99902,100,100959,100,99853,100,101020,100,99710,100,101060,100,,
2019-06-28 10:08:31.276648775,100191,100,100157,488,100223,488,100152,100,100284,100,100122,100,100286,100,100116,100,100474,100,100044,200,100771,100,99989,100,100959,100,99902,100,101020,100,99853,100,101060,100,99710,100,101112,100,99673,100
