,ask_price_1,ask_size_1,bid_price_1,bid_size_1,ask_price_2,ask_size_2,bid_price_2,bid_size_2,ask_price_3,ask_size_3,bid_price_3,bid_size_3,ask_price_4,ask_size_4,bid_price_4,bid_size_4,ask_price_5,ask_size_5,bid_price_5,bid_size_5,ask_price_6,ask_size_6,bid_price_6,bid_size_6,ask_price_7,ask_size_7,bid_price_7,bid_size_7,ask_price_8,ask_size_8,bid_price_8,bid_size_8,ask_price_9,ask_size_9,bid_price_9,bid_size_9,ask_price_10,ask_size_10,bid_price_10,bid_size_10
2019-06-28 09:30:00.000000000,100054,100,,,100081,100,,,100199,100,,,,,,,,,,,,,,,,,,,,,,,,,,,,,,
2019-06-28 09:30:00.000000001,100054,100,99887,100,100077,100,,,100081,100,,,100199,100,,,,,,,,,,,,,,,,,,,,,,,,,,
2019-06-28 09:30:00.000000002,100022,100,99915,100,100054,100,99887,100,100077,100,,,100081,100,,,100097,100,,,100199,100,,,,,,,,,,,,,,,,,,
2019-06-28 09:30:00.000000003,100022,100,99915,100,100031,100,99887,100,100054,100,,,100077,100,,,100081,100,,,100097,100,,,100199,100,,,,,,,,,,,,,,
2019-06-28 09:30:00.000000004,100022,100,99993,100,100031,100,99915,100,100054,100,99887,100,100077,100,,,100081,100,,,100097,100,,,100199,100,,,,,,,,,,,,,,
2019-06-28 09:30:00.000000005,100022,100,99993,100,100031,100,99915,100,100054,100,99891,100,100077,100,99887,100,100081,100,,,100097,100,,,100199,100,,,,,,,,,,,,,,
2019-06-28 09:30:00.000000006,100022,100,99993,100,100031,100,99915,100,100054,200,99891,100,100077,100,99887,100,100081,100,99878,100,100097,100,,,100199,100,,,,,,,,,,,,,,
2019-06-28 09:30:00.000000007,100022,100,99993,100,100031,100,99980,100,100054,200,99915,100,100077,100,99891,100,100081,100,99887,100,100097,100,99878,100,100199,100,,,,,,,,,,,,,,
2019-06-28 09:30:00.000000008,100022,100,99993,100,100031,100,99980,100,100054,200,99915,100,100077,100,99891,100,100081,100,99887,100,100097,100,99878,100,100199,100,99858,100,,,,,,,,,,,,
2019-06-28 09:30:00.000000012,100022,100,99993,100,100031,100,99980,100,100032,100,99915,100,100054,200,99891,100,100077,100,99887,100,100081,100,99878,100,100097,100,99858,100,100199,100,,,,,,,,,,
2019-06-28 09:30:00.000000013,100022,100,99993,100,100031,100,99980,100,100032,100,99915,100,100054,200,99891,100,100056,100,99887,100,100077,100,99878,100,100081,100,99858,100,100097,100,,,100199,100,,,,,,
2019-06-28 09:30:00.000000015,100022,100,99993,100,100031,100,99980,100,100032,100,99915,100,100054,200,99891,100,100056,100,99887,100,100077,100,99878,100,100081,100,99858,100,100097,100,,,100143,100,,,100199,100,,
2019-06-28 09:30:00.000000019,100022,100,99993,100,100031,100,99980,100,100032,100,99915,100,100052,100,99891,100,100054,200,99887,100,100056,100,99878,100,100077,100,99858,100,100081,100,,,100097,100,,,100139,100,,
2019-06-28 09:30:00.000000023,100022,100,99993,100,100031,100,99980,100,100032,100,99915,100,100052,100,99891,100,100054,200,99887,100,100056,100,99878,100,100077,100,99858,100,100081,100,,,100097,100,,,100136,100,,
2019-06-28 09:30:00.000000026,100022,100,99993,100,100031,100,99980,100,100032,100,99965,100,100052,100,99915,100,100054,200,99891,100,100056,100,99887,100,100077,100,99878,100,100081,100,99858,100,100097,100,,,100136,100,,
2019-06-28 09:30:00.000000027,100022,100,99980,100,100031,100,99965,100,100032,200,99915,100,100052,100,99891,100,100054,200,99887,100,100056,100,99878,100,100077,100,99858,100,100081,100,,,100097,100,,,100136,100,,
2019-06-28 09:30:00.000000028,100022,100,99980,100,100031,100,99965,100,100032,200,99915,100,100052,100,99891,100,100054,200,99887,100,100056,100,99878,100,100072,100,99858,100,100077,100,,,100081,100,,,100097,100,,
2019-06-28 09:30:00.000000030,100005,100,99980,100,100022,100,99965,100,100031,100,99915,100,100032,200,99891,100,100052,100,99887,100,100054,200,99878,100,100056,100,99858,100,100072,100,,,100077,100,,,100081,100,,
2019-06-28 09:30:00.000000031,99992,100,99980,100,100005,100,99965,100,100022,100,99961,100,100031,100,99915,100,100032,200,99891,100,100052,100,99887,100,100054,200,99878,100,100056,100,99858,100,100072,100,,,100077,100,,
2019-06-28 09:30:00.000000032,99992,100,99980,100,100005,100,99965,100,100022,100,99961,100,100031,100,99915,100,100032,200,99891,100,100052,100,99887,100,100054,200,99878,100,100056,100,99858,100,100072,100,,,100077,100,,
2019-06-28 09:30:00.000000033,99992,100,99980,100,100005,100,99965,100,100022,100,99961,100,100031,100,99915,100,100032,200,99891,100,100044,100,99887,100,100052,100,99878,100,100054,200,99858,100,100056,100,,,100072,100,,
2019-06-28 09:30:00.000000036,99992,100,99980,100,100005,100,99965,100,100022,100,99961,100,100031,100,99930,100,100032,200,99915,100,100044,100,99891,100,100052,100,99887,100,100054,200,99878,100,100056,100,99858,100,100072,100,,
2019-06-28 09:30:00.000000041,99992,100,99980,100,100005,100,99965,100,100022,100,99961,100,100031,100,99930,100,100032,200,99915,100,100044,100,99891,100,100052,100,99887,100,100054,200,99878,100,100056,100,99858,100,100072,100,,
2019-06-28 09:30:00.000000042,99992,100,99980,100,100005,100,99965,100,100022,100,99961,100,100031,100,99930,100,100032,200,99915,100,100044,100,99893,100,100052,100,99891,100,100054,200,99887,100,100056,100,99878,100,100072,100,99858,100
2019-06-28 09:30:00.000000044,99992,100,99990,100,100005,100,99980,100,100022,100,99965,100,100031,100,99961,100,100032,200,99930,100,100044,100,99915,100,100052,100,99893,100,100054,200,99891,100,100056,100,99887,100,100072,100,99878,100
2019-06-28 09:30:00.000000045,99992,100,99990,100,100005,100,99980,100,100022,100,99971,100,100031,100,99965,100,100032,200,99961,100,100044,100,99930,100,100052,100,99915,100,100054,200,99893,100,100056,100,99891,100,100072,100,99887,100
2019-06-28 09:30:00.000000047,100005,100,99990,100,100022,100,99980,100,100031,100,99971,100,100032,200,99965,100,100044,100,99961,100,100052,100,99930,100,100054,200,99915,100,100056,100,99893,100,100072,100,99891,100,100077,100,99887,100
2019-06-28 09:30:00.000000048,100005,100,99990,100,100011,100,99980,100,100022,100,99971,100,100031,100,99965,100,100032,200,99961,100,100044,100,99930,100,100052,100,99915,100,100054,200,99893,100,100056,100,99891,100,100072,100,99887,100
2019-06-28 09:30:00.000000051,100005,100,99992,100,100011,100,99990,100,100022,100,99980,100,100031,100,99971,100,100032,200,99965,100,100044,100,99961,100,100052,100,99930,100,100054,200,99915,100,100056,100,99893,100,100072,100,99891,100
2019-06-28 09:30:00.000000057,100005,100,99992,100,100011,100,99990,100,100022,100,99980,100,100031,100,99971,100,100032,200,99965,100,100038,100,99961,100,100044,100,99930,100,100052,100,99915,100,100054,200,99893,100,100056,100,99891,100
2019-06-28 09:30:00.000000059,100005,100,99992,100,100011,100,99990,100,100022,100,99980,100,100031,100,99971,100,100032,200,99965,100,100038,100,99961,100,100044,100,99930,100,100052,100,99915,100,100054,200,99893,100,100056,100,99891,100
2019-06-28 09:30:00.000000061,100005,100,99992,100,100011,100,99990,100,100022,100,99980,100,100031,100,99971,100,100032,200,99965,100,100038,100,99961,100,100044,100,99930,100,100047,100,99915,100,100052,100,99893,100,100054,200,99891,100
2019-06-28 09:30:00.000000062,100005,100,99992,100,100011,100,99990,100,100022,100,99980,100,100031,100,99971,100,100032,200,99965,100,100038,100,99961,100,100044,100,99955,100,100047,100,99930,100,100052,100,99915,100,100054,200,99893,100
2019-06-28 09:30:00.000000063,100005,100,99992,100,100011,100,99990,100,100022,100,99980,100,100031,100,99972,100,100032,200,99971,100,100038,100,99965,100,100044,100,99961,100,100047,100,99955,100,100052,100,99930,100,100054,200,99915,100
2019-06-28 09:30:00.000000066,100005,100,99992,100,100011,100,99990,100,100022,100,99980,100,100031,100,99972,100,100032,200,99971,100,100038,100,99965,100,100044,100,99961,100,100047,100,99955,100,100052,100,99930,100,100054,200,99915,100
2019-06-28 09:30:00.000000068,100005,100,99992,100,100011,100,99990,100,100022,100,99980,100,100031,100,99972,100,100032,200,99971,100,100038,100,99965,100,100043,100,99961,100,100044,100,99955,100,100047,100,99930,100,100052,100,99915,100
2019-06-28 09:30:00.000000069,100005,100,99992,200,100011,100,99990,100,100022,100,99980,100,100031,100,99972,100,100032,200,99971,100,100038,100,99965,100,100043,100,99961,100,100044,100,99955,100,100047,100,99930,100,100052,100,99915,100
2019-06-28 09:30:00.000000070,100005,100,99992,200,100011,100,99990,100,100022,100,99980,100,100031,100,99972,100,100032,200,99971,100,100038,100,99965,100,100043,100,99961,200,100044,100,99955,100,100047,100,99930,100,100052,100,99915,100
2019-06-28 09:30:00.000000071,100001,100,99992,200,100005,100,99990,100,100011,100,99980,100,100022,100,99972,100,100031,100,99971,100,100032,200,99965,100,100038,100,99961,200,100043,100,99955,100,100044,100,99930,100,100047,100,99916,100
2019-06-28 09:30:00.000000076,100001,100,99992,200,100005,100,99990,100,100011,100,99980,100,100022,100,99976,100,100031,100,99972,100,100032,200,99971,100,100038,100,99965,100,100043,100,99961,200,100044,100,99955,100,100047,100,99930,100
2019-06-28 09:30:00.000000077,100005,100,99993,100,100011,100,99992,200,100022,100,99990,100,100031,100,99980,100,100032,200,99976,100,100038,100,99972,100,100043,100,99971,100,100044,100,99965,100,100047,100,99961,200,100052,100,99955,100
2019-06-28 09:30:00.000000081,100005,100,99993,100,100011,100,99992,200,100022,100,99990,100,100031,100,99980,100,100032,200,99976,100,100038,100,99972,100,100043,100,99971,100,100044,100,99965,100,100047,100,99961,200,100052,100,99955,100
2019-06-28 09:30:00.000000083,100005,100,99993,100,100011,100,99992,200,100022,100,99990,100,100031,100,99980,100,100032,200,99976,100,100038,100,99972,100,100043,100,99971,100,100044,100,99965,100,100047,100,99961,200,100052,100,99955,100
2019-06-28 09:30:00.000000085,100005,100,99993,100,100011,100,99992,200,100022,100,99990,100,100031,100,99980,100,100032,200,99976,100,100038,100,99972,100,100043,100,99971,100,100044,100,99965,100,100047,100,99961,200,100052,100,99955,100
2019-06-28 09:30:00.000000087,100005,100,99993,100,100011,100,99992,200,100022,100,99990,100,100031,100,99980,100,100032,200,99976,100,100038,100,99972,100,100043,100,99971,100,100044,100,99965,100,100047,100,99961,200,100052,100,99955,100
2019-06-28 09:30:00.000000090,100011,100,99993,100,100022,100,99992,200,100031,100,99990,100,100032,200,99980,100,100038,100,99976,100,100043,100,99972,100,100044,100,99971,100,100047,100,99965,100,100052,100,99961,200,100054,200,99955,100
2019-06-28 09:30:00.000000091,100022,100,99993,100,100031,100,99992,200,100032,200,99990,100,100038,100,99980,100,100043,100,99976,100,100044,100,99972,100,100047,100,99971,100,100052,100,99965,100,100054,200,99961,200,100056,100,99955,100
2019-06-28 09:30:00.000000093,100022,100,99993,100,100031,100,99992,200,100032,200,99990,100,100038,100,99980,100,100043,100,99976,100,100044,100,99972,100,100047,100,99971,100,100052,100,99965,100,100054,200,99961,200,100056,100,99955,100
2019-06-28 09:30:00.000000094,100011,100,99993,100,100022,100,99992,200,100031,200,99990,100,100032,200,99980,100,100038,100,99976,100,100043,100,99972,100,100044,100,99971,100,100047,100,99965,100,100052,100,99961,200,100054,200,99955,100
2019-06-28 09:30:00.000000095,100011,100,99993,100,100022,100,99992,200,100031,200,99990,100,100032,200,99980,100,100038,100,99976,100,100043,100,99972,100,100044,100,99971,100,100047,100,99965,100,100052,100,99961,200,100054,200,99955,100
2019-06-28 09:30:04.017379650,100011,100,99993,100,100022,100,99992,200,100031,200,99990,100,100032,200,99980,100,100038,100,99976,100,100043,100,99972,100,100044,100,99971,100,100047,100,99965,100,100054,200,99961,200,100056,100,99955,100
2019-06-28 09:30:10.000000000,100011,163,99993,163,100022,163,99992,263,100031,263,99990,163,100032,263,99980,163,100038,163,99976,163,100043,100,99972,100,100044,100,99971,100,100047,100,99965,100,100054,200,99961,200,100056,100,99955,100
2019-06-28 09:30:18.745229282,100011,263,99993,163,100022,163,99992,263,100031,263,99990,163,100032,263,99980,163,100038,163,99976,163,100043,100,99972,100,100044,100,99971,100,100047,100,99965,100,100054,200,99961,200,100056,100,99955,100
2019-06-28 09:30:20.000000000,100011,263,99993,163,100022,163,99992,263,100031,263,99990,163,100032,263,99980,163,100038,163,99976,163,100043,100,99972,100,100044,100,99971,100,100047,100,99965,100,100054,200,99961,200,100056,100,99955,100
2019-06-28 09:30:22.943147623,100011,263,99993,163,100022,163,99992,263,100031,263,99990,163,100032,263,99980,163,100038,163,99976,163,100043,100,99972,100,100044,100,99971,100,100047,100,99965,100,100054,200,99961,200,100056,100,99955,100
2019-06-28 09:30:30.000000000,100011,307,99993,207,100022,204,99992,304,100031,304,99990,204,100032,200,99980,100,100038,100,99976,100,100043,100,99972,100,100044,100,99971,100,100047,100,99965,100,100054,200,99961,200,100056,100,99955,100
2019-06-28 09:30:40.000000000,100011,263,99993,163,100022,163,99992,263,100031,263,99990,163,100032,263,99980,163,100038,163,99976,163,100043,100,99972,100,100044,100,99971,100,100047,100,99965,100,100054,200,99961,200,100056,100,99955,100
2019-06-28 09:30:50.000000000,100011,263,99993,163,100022,163,99992,263,100031,263,99990,163,100032,263,99980,163,100038,163,99976,163,100043,100,99972,100,100044,100,99971,100,100047,100,99965,100,100054,200,99961,200,100056,100,99955,100
2019-06-28 09:30:53.226798747,100011,263,99993,163,100022,163,99992,263,100031,263,99990,163,100032,263,99980,163,100038,163,99976,163,100043,100,99972,100,100044,100,99971,100,100047,100,99965,100,100054,200,99961,200,100056,100,99955,100
2019-06-28 09:31:00.000000000,100011,307,99993,207,100022,204,99992,304,100031,304,99990,204,100032,200,99980,100,100038,100,99976,100,100043,100,99972,100,100044,100,99971,100,100047,100,99965,100,100054,200,99961,200,100056,100,99955,100
2019-06-28 09:31:10.000000000,100011,263,99993,163,100022,163,99992,263,100031,263,99990,163,100032,263,99980,163,100038,163,99976,163,100043,100,99972,100,100044,100,99971,100,100047,100,99965,100,100054,200,99961,200,100056,100,99955,100
2019-06-28 09:31:20.000000000,100011,307,99993,207,100022,204,99992,304,100031,304,99990,204,100032,200,99980,100,100038,100,99976,100,100043,100,99972,100,100044,100,99971,100,100047,100,99965,100,100054,200,99961,200,100056,100,99955,100
2019-06-28 09:31:20.149318299,100011,307,100003,100,100022,204,99993,207,100031,304,99992,304,100032,200,99990,204,100038,100,99980,100,100043,100,99976,100,100044,100,99972,100,100054,200,99971,100,100056,100,99965,100,100072,100,99961,200
2019-06-28 09:31:23.524591931,100011,207,100003,100,100022,204,99993,207,100031,304,99992,304,100032,200,99990,204,100038,100,99980,100,100043,100,99976,100,100044,100,99972,100,100054,200,99971,100,100056,100,99965,100,100072,100,99961,200
2019-06-28 09:31:30.000000000,100011,178,100003,178,100022,178,99993,178,100031,278,99992,278,100032,278,99990,178,100038,100,99980,100,100043,100,99976,100,100044,100,99972,100,100054,200,99971,100,100056,100,99965,100,100072,100,99961,200
2019-06-28 09:31:30.789858466,100011,178,100003,178,100022,178,99993,178,100031,278,99992,278,100032,278,99990,178,100038,100,99980,100,100043,100,99976,100,100044,100,99972,100,100054,100,99971,100,100056,100,99965,100,100072,100,99961,200
2019-06-28 09:31:39.266480991,100011,178,100003,178,100022,178,99993,178,100031,278,99992,278,100032,278,99990,178,100038,100,99980,100,100043,100,99976,100,100044,100,99972,100,100054,100,99971,100,100056,100,99965,100,100072,100,99961,200
2019-06-28 09:31:40.000000000,100011,163,100003,163,100022,163,99993,163,100031,263,99992,263,100032,263,99990,163,100038,163,99980,163,100043,100,99976,100,100044,100,99972,100,100054,100,99971,100,100056,100,99965,100,100072,100,99961,200
2019-06-28 09:31:50.000000000,100011,414,100003,414,100022,100,99993,100,100031,200,99992,200,100032,200,99990,100,100038,100,99980,100,100043,100,99976,100,100044,100,99972,100,100054,100,99971,100,100056,100,99965,100,100072,100,99961,200
2019-06-28 09:32:00.000000000,100011,178,100003,178,100022,178,99993,178,100031,278,99992,278,100032,278,99990,178,100038,100,99980,100,100043,100,99976,100,100044,100,99972,100,100054,100,99971,100,100056,100,99965,100,100072,100,99961,200
2019-06-28 09:32:10.000000000,100011,178,100003,178,100022,178,99993,178,100031,278,99992,278,100032,278,99990,178,100038,100,99980,100,100043,100,99976,100,100044,100,99972,100,100054,100,99971,100,100056,100,99965,100,100072,100,99961,200
2019-06-28 09:32:20.000000000,100011,207,100003,207,100022,204,99993,204,100031,304,99992,304,100032,200,99990,100,100038,100,99980,100,100043,100,99976,100,100044,100,99972,100,100054,100,99971,100,100056,100,99965,100,100072,100,99961,200
2019-06-28 09:32:25.722843182,100011,107,100003,207,100022,204,99993,204,100031,304,99992,304,100032,200,99990,100,100038,100,99980,100,100043,100,99976,100,100044,100,99972,100,100054,100,99971,100,100056,100,99965,100,100072,100,99961,200
2019-06-28 09:32:30.000000000,100022,257,100003,257,100031,357,99993,257,100032,200,99992,200,100038,100,99990,100,100043,100,99980,100,100044,100,99976,100,100054,100,99972,100,100056,100,99971,100,100072,100,99965,100,100073,100,99961,200
2019-06-28 09:32:30.383497716,100022,257,100003,257,100031,357,99993,257,100032,200,99992,200,100038,100,99990,100,100043,100,99980,100,100044,100,99976,100,100054,100,99972,100,100056,100,99965,100,100072,100,99961,200,100073,100,99955,100
2019-06-28 09:32:32.399010576,100022,257,100003,257,100031,357,99993,257,100032,200,99992,200,100038,100,99990,100,100043,100,99980,100,100044,100,99976,100,100054,100,99972,100,100056,100,99965,100,100072,100,99961,200,100073,100,99955,100
2019-06-28 09:32:40.000000000,100022,207,100003,207,100031,304,99993,204,100032,304,99992,304,100038,100,99990,100,100043,100,99980,100,100044,100,99976,100,100054,100,99972,100,100056,100,99965,100,100072,100,99961,200,100073,100,99955,100
2019-06-28 09:32:50.000000000,100022,414,100003,414,100031,200,99993,100,100032,200,99992,200,100038,100,99990,100,100043,100,99980,100,100044,100,99976,100,100054,100,99972,100,100056,100,99965,100,100072,100,99961,200,100073,100,99955,100
2019-06-28 09:32:54.451370552,100022,414,100003,414,100031,200,99993,100,100032,200,99992,200,100038,100,99990,100,100043,100,99980,100,100044,100,99976,100,100054,100,99972,100,100056,100,99965,100,100072,100,99961,200,100073,100,99955,100
2019-06-28 09:33:00.000000000,100022,163,100003,163,100031,263,99993,163,100032,263,99992,263,100038,163,99990,163,100043,163,99980,163,100044,100,99976,100,100054,100,99972,100,100056,100,99965,100,100072,100,99961,200,100073,100,99955,100
2019-06-28 09:33:04.922937543,100022,163,100003,163,100031,263,99993,163,100032,263,99992,263,100038,163,99990,163,100043,163,99980,163,100044,100,99976,100,100054,100,99972,100,100056,100,99965,100,100072,100,99961,200,100073,100,99955,100
2019-06-28 09:33:10.000000000,100022,163,100003,163,100031,263,99993,163,100032,263,99992,263,100038,163,99990,163,100043,163,99980,163,100044,100,99976,100,100054,100,99972,100,100056,100,99965,100,100072,100,99961,200,100073,100,99955,100
2019-06-28 09:33:20.000000000,100022,207,100003,207,100031,304,99993,204,100032,304,99992,304,100038,100,99990,100,100043,100,99980,100,100044,100,99976,100,100054,100,99972,100,100056,100,99965,100,100072,100,99961,200,100073,100,99955,100
2019-06-28 09:33:30.000000000,100022,207,100003,207,100031,304,99993,204,100032,304,99992,304,100038,100,99990,100,100043,100,99980,100,100044,100,99976,100,100054,100,99972,100,100056,100,99965,100,100072,100,99961,200,100073,100,99955,100
2019-06-28 09:33:39.514011681,100022,207,100011,100,100031,304,100003,207,100032,304,99993,204,100038,100,99992,304,100043,100,99990,100,100044,100,99980,100,100054,100,99976,100,100056,100,99972,100,100072,100,99965,100,100073,100,99961,200
2019-06-28 09:33:40.000000000,100022,207,100011,207,100031,304,100003,204,100032,304,99993,204,100038,100,99992,200,100043,100,99990,100,100044,100,99980,100,100054,100,99976,100,100056,100,99972,100,100072,100,99965,100,100073,100,99961,200
2019-06-28 09:33:50.000000000,100022,257,100011,257,100031,357,100003,257,100032,200,99993,100,100038,100,99992,200,100043,100,99990,100,100044,100,99980,100,100054,100,99976,100,100056,100,99972,100,100072,100,99965,100,100073,100,99961,200
2019-06-28 09:34:00.000000000,100022,207,100011,207,100031,304,100003,204,100032,304,99993,204,100038,100,99992,200,100043,100,99990,100,100044,100,99980,100,100054,100,99976,100,100056,100,99972,100,100072,100,99965,100,100073,100,99961,200
2019-06-28 09:34:08.357685798,100022,207,100011,207,100031,304,100003,204,100032,304,99993,204,100038,100,99992,200,100043,100,99990,100,100044,100,99980,100,100054,100,99976,100,100056,100,99972,100,100072,100,99965,100,100073,100,99961,200
2019-06-28 09:34:10.000000000,100022,414,100011,414,100031,200,100003,100,100032,200,99993,100,100038,100,99992,200,100043,100,99990,100,100044,100,99980,100,100054,100,99976,100,100056,100,99972,100,100072,100,99965,100,100073,100,99961,200
2019-06-28 09:34:13.027189848,100022,414,100011,414,100031,200,100003,100,100032,200,99993,100,100038,100,99992,200,100043,100,99980,100,100044,100,99976,100,100054,100,99972,100,100056,100,99965,100,100072,100,99961,200,100073,100,99955,100
2019-06-28 09:34:20.000000000,100022,207,100011,207,100031,304,100003,204,100032,304,99993,204,100038,100,99992,200,100043,100,99980,100,100044,100,99976,100,100054,100,99972,100,100056,100,99965,100,100072,100,99961,200,100073,100,99955,100
2019-06-28 09:34:26.078213502,100022,207,100011,107,100031,304,100003,204,100032,304,99993,204,100038,100,99992,200,100043,100,99980,100,100044,100,99976,100,100054,100,99972,100,100056,100,99965,100,100072,100,99961,200,100073,100,99955,100
2019-06-28 09:34:30.000000000,100022,163,100003,163,100031,263,99993,163,100032,263,99992,263,100038,163,99980,163,100043,163,99976,163,100044,100,99972,100,100054,100,99965,100,100056,100,99961,200,100072,100,99955,100,100073,100,99938,100
2019-06-28 09:34:38.667594069,100022,163,100003,163,100031,163,99993,163,100032,263,99992,263,100038,163,99980,163,100043,163,99976,163,100044,100,99972,100,100054,100,99965,100,100056,100,99961,200,100072,100,99955,100,100073,100,99938,100
2019-06-28 09:34:40.000000000,100022,257,100003,257,100031,257,99993,257,100032,200,99992,200,100038,100,99980,100,100043,100,99976,100,100044,100,99972,100,100054,100,99965,100,100056,100,99961,200,100072,100,99955,100,100073,100,99938,100
2019-06-28 09:34:50.000000000,100022,163,100003,163,100031,163,99993,163,100032,263,99992,263,100038,163,99980,163,100043,163,99976,163,100044,100,99972,100,100054,100,99965,100,100056,100,99961,200,100072,100,99955,100,100073,100,99938,100
2019-06-28 09:34:53.744090453,100022,163,100003,163,100031,163,99993,163,100032,263,99992,263,100038,163,99980,163,100043,163,99976,163,100044,100,99972,100,100054,100,99965,100,100056,100,99961,200,100072,100,99955,100,100073,100,99938,100
2019-06-28 09:35:00.000000000,100022,178,100003,178,100031,178,99993,178,100032,278,99992,278,100038,178,99980,178,100043,100,99976,100,100044,100,99972,100,100054,100,99965,100,100056,100,99961,200,100072,100,99955,100,100073,100,99938,100
2019-06-28 09:35:01.506084255,100022,178,100003,178,100031,178,99993,178,100032,278,99992,278,100038,178,99980,78,100043,100,99976,100,100044,100,99972,100,100054,100,99965,100,100056,100,99961,200,100072,100,99955,100,100073,100,99938,100
2019-06-28 09:35:06.800769071,100022,178,100003,78,100031,178,99993,178,100032,278,99992,278,100038,178,99980,78,100043,100,99976,100,100044,100,99972,100,100054,100,99965,100,100056,100,99961,200,100072,100,99955,100,100073,100,99938,100
2019-06-28 09:35:10.000000000,100022,414,99993,414,100031,100,99992,200,100032,200,99976,100,100038,100,99972,100,100043,100,99965,100,100044,100,99961,200,100054,100,99955,100,100056,100,99938,100,100072,100,99930,100,100073,100,99922,100
2019-06-28 09:35:14.643752451,100022,414,99993,414,100031,100,99992,200,100032,200,99976,100,100038,100,99972,100,100043,100,99965,100,100044,100,99961,200,100054,100,99955,100,100056,100,99938,100,100072,100,99930,100,100073,100,99922,100
2019-06-28 09:35:20.000000000,100022,178,99993,178,100031,178,99992,278,100032,278,99976,178,100038,178,99972,178,100043,100,99965,100,100044,100,99961,200,100054,100,99955,100,100056,100,99938,100,100072,100,99930,100,100073,100,99922,100
2019-06-28 09:35:23.070962124,100022,178,100012,100,100031,178,99993,178,100032,178,99992,278,100038,178,99976,178,100043,100,99972,178,100044,100,99965,100,100054,100,99961,200,100056,100,99955,100,100072,100,99938,100,100073,100,99930,100
2019-06-28 09:35:30.000000000,100022,207,100012,207,100031,204,99993,204,100032,204,99992,304,100038,100,99976,100,100043,100,99972,100,100044,100,99965,100,100054,100,99961,200,100056,100,99955,100,100072,100,99938,100,100073,100,99930,100
2019-06-28 09:35:40.000000000,100022,257,100012,257,100031,257,99993,257,100032,100,99992,200,100038,100,99976,100,100043,100,99972,100,100044,100,99965,100,100054,100,99961,200,100056,100,99955,100,100072,100,99938,100,100073,100,99930,100
2019-06-28 09:35:45.293044734,100022,257,100012,257,100031,257,99993,257,100032,100,99992,200,100038,100,99976,100,100043,100,99972,100,100044,100,99965,100,100054,100,99961,200,100056,100,99955,100,100072,100,99938,100,100073,100,99930,100
2019-06-28 09:35:50.000000000,100022,163,100012,163,100031,163,99993,163,100032,163,99992,263,100038,163,99976,163,100043,163,99972,163,100044,100,99965,100,100054,100,99961,200,100056,100,99955,100,100072,100,99938,100,100073,100,99930,100
2019-06-28 09:36:00.000000000,100022,414,100012,414,100031,100,99993,100,100032,100,99992,200,100038,100,99976,100,100043,100,99972,100,100044,100,99965,100,100054,100,99961,200,100056,100,99955,100,100072,100,99938,100,100073,100,99930,100
2019-06-28 09:36:10.000000000,100022,207,100012,207,100031,204,99993,204,100032,204,99992,304,100038,100,99976,100,100043,100,99972,100,100044,100,99965,100,100054,100,99961,200,100056,100,99955,100,100072,100,99938,100,100073,100,99930,100
2019-06-28 09:36:20.000000000,100022,207,100012,207,100031,204,99993,204,100032,204,99992,304,100038,100,99976,100,100043,100,99972,100,100044,100,99965,100,100054,100,99961,200,100056,100,99955,100,100072,100,99938,100,100073,100,99930,100
2019-06-28 09:36:30.000000000,100022,414,100012,414,100031,100,99993,100,100032,100,99992,200,100038,100,99976,100,100043,100,99972,100,100044,100,99965,100,100054,100,99961,200,100056,100,99955,100,100072,100,99938,100,100073,100,99930,100
2019-06-28 09:36:32.021665035,100022,414,100012,414,100031,100,99993,100,100032,100,99992,200,100038,100,99976,100,100043,100,99972,100,100044,100,99965,100,100054,100,99961,200,100056,100,99955,100,100072,100,99938,100,100073,100,99930,100
2019-06-28 09:36:40.000000000,100022,163,100012,163,100031,163,99993,163,100032,163,99992,263,100038,163,99976,163,100043,163,99972,163,100044,100,99965,100,100054,100,99961,200,100056,100,99955,100,100072,100,99938,100,100073,100,99930,100
2019-06-28 09:36:41.108234819,100022,163,100012,63,100031,163,99993,163,100032,163,99992,263,100038,163,99976,163,100043,163,99972,63,100044,100,99965,100,100054,100,99961,200,100056,100,99955,100,100072,100,99938,100,100073,100,99930,100
2019-06-28 09:36:46.536778068,100012,37,99993,163,100022,163,99992,263,100031,163,99976,163,100032,163,99972,63,100038,163,99965,100,100043,163,99961,200,100044,100,99955,100,100054,100,99938,100,100056,100,99930,100,100072,100,99922,100
2019-06-28 09:36:50.000000000,100012,194,99993,257,100022,257,99992,357,100031,100,99976,100,100032,100,99965,100,100038,100,99961,200,100043,100,99955,100,100044,100,99938,100,100054,100,99930,100,100056,100,99922,100,100072,100,99916,100
2019-06-28 09:36:51.160960289,100012,194,99993,257,100022,257,99992,357,100031,100,99976,100,100032,100,99965,100,100038,100,99961,200,100043,100,99955,100,100044,100,99938,100,100054,100,99930,100,100056,100,99922,100,100072,100,99916,100
2019-06-28 09:36:52.596541038,100012,194,99993,257,100022,257,99992,357,100031,100,99976,100,100032,100,99965,100,100038,100,99961,200,100043,100,99955,100,100044,100,99938,100,100054,100,99930,100,100056,100,99922,100,100072,100,99916,100
2019-06-28 09:37:00.000000000,100012,144,99993,207,100022,204,99992,304,100031,204,99976,204,100032,100,99965,100,100038,100,99961,200,100043,100,99955,100,100044,100,99938,100,100054,100,99930,100,100056,100,99922,100,100072,100,99916,100
2019-06-28 09:37:10.000000000,100012,115,99993,178,100022,178,99992,278,100031,178,99976,178,100032,178,99965,178,100038,100,99961,200,100043,100,99955,100,100044,100,99938,100,100054,100,99930,100,100056,100,99922,100,100072,100,99916,100
2019-06-28 09:37:20.000000000,100012,351,99993,414,100022,100,99992,200,100031,100,99976,100,100032,100,99965,100,100038,100,99961,200,100043,100,99955,100,100044,100,99938,100,100054,100,99930,100,100056,100,99922,100,100072,100,99916,100
2019-06-28 09:37:30.000000000,100012,100,99993,163,100022,163,99992,263,100031,163,99976,163,100032,163,99965,163,100038,163,99961,263,100043,100,99955,100,100044,100,99938,100,100054,100,99930,100,100056,100,99922,100,100072,100,99916,100
2019-06-28 09:37:40.000000000,100012,100,99993,163,100022,163,99992,263,100031,163,99976,163,100032,163,99965,163,100038,163,99961,263,100043,100,99955,100,100044,100,99938,100,100054,100,99930,100,100056,100,99922,100,100072,100,99916,100
2019-06-28 09:37:50.000000000,100012,351,99993,414,100022,100,99992,200,100031,100,99976,100,100032,100,99965,100,100038,100,99961,200,100043,100,99955,100,100044,100,99938,100,100054,100,99930,100,100056,100,99922,100,100072,100,99916,100
2019-06-28 09:37:54.481228683,100012,351,99993,414,100022,100,99992,200,100031,100,99976,100,100032,100,99961,200,100038,100,99955,100,100043,100,99938,100,100044,100,99930,100,100054,100,99922,100,100056,100,99916,100,100072,100,99893,100
2019-06-28 09:38:00.000000000,100012,100,99993,163,100022,163,99992,263,100031,163,99976,163,100032,163,99961,263,100038,163,99955,163,100043,100,99938,100,100044,100,99930,100,100054,100,99922,100,100056,100,99916,100,100072,100,99893,100
2019-06-28 09:38:10.000000000,100012,144,99993,207,100022,204,99992,304,100031,204,99976,204,100032,100,99961,200,100038,100,99955,100,100043,100,99938,100,100044,100,99930,100,100054,100,99922,100,100056,100,99916,100,100072,100,99893,100
2019-06-28 09:38:20.000000000,100012,351,99993,414,100022,100,99992,200,100031,100,99976,100,100032,100,99961,200,100038,100,99955,100,100043,100,99938,100,100044,100,99930,100,100054,100,99922,100,100056,100,99916,100,100072,100,99893,100
2019-06-28 09:38:29.456061875,100012,351,99993,414,100022,100,99992,200,100031,100,99976,100,100032,100,99961,200,100038,100,99955,100,100043,100,99938,100,100044,100,99930,100,100053,100,99922,100,100054,100,99916,100,100056,100,99893,100
2019-06-28 09:38:30.000000000,100012,351,99993,414,100022,100,99992,200,100031,100,99976,100,100032,100,99961,200,100038,100,99955,100,100043,100,99938,100,100044,100,99930,100,100053,100,99922,100,100054,100,99916,100,100056,100,99893,100
2019-06-28 09:38:31.336233157,100012,351,99993,414,100022,100,99992,200,100031,100,99976,100,100032,100,99961,200,100038,100,99955,100,100043,100,99938,100,100044,100,99930,100,100053,100,99922,100,100054,100,99916,100,100056,100,99893,100
2019-06-28 09:38:40.000000000,100012,351,99993,414,100022,100,99992,200,100031,100,99976,100,100032,100,99961,200,100038,100,99955,100,100043,100,99938,100,100044,100,99930,100,100053,100,99922,100,100054,100,99916,100,100056,100,99893,100
2019-06-28 09:38:50.000000000,100012,144,99993,207,100022,204,99992,304,100031,204,99976,204,100032,100,99961,200,100038,100,99955,100,100043,100,99938,100,100044,100,99930,100,100053,100,99922,100,100054,100,99916,100,100056,100,99893,100
2019-06-28 09:38:53.241979582,100012,144,99993,207,100022,204,99992,304,100031,204,99976,204,100032,100,99961,200,100038,100,99955,100,100043,100,99938,100,100044,100,99930,100,100053,100,99922,100,100054,100,99916,100,100056,100,99893,100
2019-06-28 09:39:00.000000000,100012,115,99993,178,100022,178,99992,278,100031,178,99976,178,100032,178,99961,278,100038,100,99955,100,100043,100,99938,100,100044,100,99930,100,100053,100,99922,100,100054,100,99916,100,100056,100,99893,100
2019-06-28 09:39:00.794924255,100012,115,99993,178,100022,178,99992,278,100031,178,99976,178,100032,178,99961,278,100038,100,99955,100,100044,100,99938,100,100053,100,99930,100,100054,100,99922,100,100056,100,99916,100,100072,100,99893,100
2019-06-28 09:39:10.000000000,100012,100,99993,163,100022,163,99992,263,100031,163,99976,163,100032,163,99961,263,100038,163,99955,163,100044,100,99938,100,100053,100,99930,100,100054,100,99922,100,100056,100,99916,100,100072,100,99893,100
2019-06-28 09:39:10.846399130,100012,100,99993,163,100022,163,99992,263,100031,163,99976,163,100032,163,99961,263,100038,163,99955,163,100044,100,99938,100,100053,100,99930,100,100054,100,99922,100,100056,100,99916,100,100072,100,99905,100
2019-06-28 09:39:15.154483322,100012,100,99993,163,100022,163,99992,263,100031,163,99976,163,100032,163,99961,263,100038,163,99955,163,100044,100,99938,100,100053,100,99930,100,100054,100,99916,100,100056,100,99905,100,100072,100,99893,100
2019-06-28 09:39:20.000000000,100012,144,99993,207,100022,204,99992,304,100031,204,99976,204,100032,100,99961,200,100038,100,99955,100,100044,100,99938,100,100053,100,99930,100,100054,100,99916,100,100056,100,99905,100,100072,100,99893,100
2019-06-28 09:39:25.749793611,100012,44,99993,207,100022,204,99992,304,100031,204,99976,204,100032,100,99961,200,100038,100,99955,100,100044,100,99938,100,100053,100,99930,100,100054,100,99916,100,100056,100,99905,100,100072,100,99893,100
2019-06-28 09:39:30.000000000,100022,414,99993,414,100031,100,99992,200,100032,100,99976,100,100038,100,99961,200,100044,100,99955,100,100053,100,99938,100,100054,100,99930,100,100056,100,99916,100,100072,100,99905,100,100073,100,99893,100
2019-06-28 09:39:37.202753306,100022,414,99993,414,100031,100,99992,200,100032,100,99976,100,100038,100,99961,200,100044,100,99955,100,100053,100,99938,100,100054,100,99930,100,100056,100,99916,100,100072,100,99905,100,100073,100,99893,100
2019-06-28 09:39:40.000000000,100022,207,99993,207,100031,204,99992,304,100032,204,99976,204,100038,100,99961,200,100044,100,99955,100,100053,100,99938,100,100054,100,99930,100,100056,100,99916,100,100072,100,99905,100,100073,100,99893,100
2019-06-28 09:39:50.000000000,100022,414,99993,414,100031,100,99992,200,100032,100,99976,100,100038,100,99961,200,100044,100,99955,100,100053,100,99938,100,100054,100,99930,100,100056,100,99916,100,100072,100,99905,100,100073,100,99893,100
2019-06-28 09:39:56.310824276,100022,414,99993,414,100031,100,99992,200,100032,100,99976,100,100038,100,99961,200,100044,100,99955,100,100053,100,99938,100,100054,100,99930,100,100056,100,99916,100,100072,100,99905,100,100073,100,99893,100
2019-06-28 09:39:59.634868026,100022,414,99993,414,100031,100,99992,200,100032,100,99976,100,100038,100,99961,200,100044,100,99955,100,100053,100,99938,100,100054,100,99930,100,100056,100,99916,100,100072,100,99905,100,100073,100,99893,100
2019-06-28 09:40:00.000000000,100022,178,99993,178,100031,178,99992,278,100032,178,99976,178,100038,178,99961,278,100044,100,99955,100,100053,100,99938,100,100054,100,99930,100,100056,100,99916,100,100072,100,99905,100,100073,100,99893,100
2019-06-28 09:40:08.601957533,100022,78,99993,178,100031,178,99992,278,100032,178,99976,178,100038,178,99961,278,100044,100,99955,100,100053,100,99938,100,100054,100,99930,100,100056,100,99916,100,100072,100,99905,100,100073,100,99893,100
2019-06-28 09:40:10.000000000,100031,207,99993,207,100032,204,99992,304,100038,204,99976,204,100044,100,99961,200,100053,100,99955,100,100054,100,99938,100,100056,100,99930,100,100072,100,99916,100,100073,100,99905,100,100077,100,99893,100
2019-06-28 09:40:17.972341854,100031,207,99993,207,100032,204,99992,304,100038,204,99976,204,100044,100,99961,200,100053,100,99955,100,100054,100,99938,100,100056,100,99930,100,100072,100,99916,100,100073,100,99905,100,100077,100,99893,100
2019-06-28 09:40:20.000000000,100031,257,99993,257,100032,257,99992,357,100038,100,99976,100,100044,100,99961,200,100053,100,99955,100,100054,100,99938,100,100056,100,99930,100,100072,100,99916,100,100073,100,99905,100,100077,100,99893,100
2019-06-28 09:40:21.749849238,100031,257,99993,257,100032,257,99992,357,100038,100,99976,100,100044,100,99961,200,100053,100,99955,100,100054,100,99938,100,100056,100,99930,100,100072,100,99916,100,100073,100,99905,100,100077,100,99893,100
2019-06-28 09:40:30.000000000,100031,163,99993,163,100032,163,99992,263,100038,163,99976,163,100044,163,99961,263,100053,163,99955,163,100054,100,99938,100,100056,100,99930,100,100072,100,99916,100,100073,100,99905,100,100077,100,99893,100
2019-06-28 09:40:40.000000000,100031,414,99993,414,100032,100,99992,200,100038,100,99976,100,100044,100,99961,200,100053,100,99955,100,100054,100,99938,100,100056,100,99930,100,100072,100,99916,100,100073,100,99905,100,100077,100,99893,100
2019-06-28 09:40:50.000000000,100031,414,99993,414,100032,100,99992,200,100038,100,99976,100,100044,100,99961,200,100053,100,99955,100,100054,100,99938,100,100056,100,99930,100,100072,100,99916,100,100073,100,99905,100,100077,100,99893,100
2019-06-28 09:41:00.000000000,100031,207,99993,207,100032,204,99992,304,100038,204,99976,204,100044,100,99961,200,100053,100,99955,100,100054,100,99938,100,100056,100,99930,100,100072,100,99916,100,100073,100,99905,100,100077,100,99893,100
2019-06-28 09:41:03.600461170,100031,207,99993,107,100032,204,99992,304,100038,204,99976,204,100044,100,99961,200,100053,100,99955,100,100054,100,99938,100,100056,100,99930,100,100072,100,99916,100,100073,100,99905,100,100077,100,99891,100
2019-06-28 09:41:06.996291480,100031,207,99993,107,100032,204,99992,304,100038,204,99976,204,100044,100,99961,200,100053,100,99955,100,100054,100,99938,100,100056,100,99930,100,100072,100,99916,100,100073,100,99905,100,100077,100,99887,100
2019-06-28 09:41:10.000000000,100031,163,99992,263,100032,163,99976,163,100038,163,99961,263,100044,163,99955,163,100053,163,99938,163,100054,100,99930,100,100056,100,99916,100,100072,100,99905,100,100073,100,99887,100,100077,100,99880,100
2019-06-28 09:41:20.000000000,100031,257,99992,357,100032,257,99976,257,100038,100,99961,200,100044,100,99955,100,100053,100,99938,100,100054,100,99930,100,100056,100,99916,100,100072,100,99905,100,100073,100,99887,100,100077,100,99880,100
2019-06-28 09:41:30.000000000,100031,163,99992,263,100032,163,99976,163,100038,163,99961,263,100044,163,99955,163,100053,163,99938,163,100054,100,99930,100,100056,100,99916,100,100072,100,99905,100,100073,100,99887,100,100077,100,99880,100
2019-06-28 09:41:30.413983269,100021,100,99992,263,100031,163,99976,163,100032,163,99961,263,100038,163,99955,163,100044,163,99938,163,100053,163,99930,100,100054,100,99916,100,100056,100,99905,100,100072,100,99887,100,100073,100,99880,100
2019-06-28 09:41:40.000000000,100021,257,99992,357,100031,257,99976,257,100032,100,99961,200,100038,100,99955,100,100044,100,99938,100,100053,100,99930,100,100054,100,99916,100,100056,100,99905,100,100072,100,99887,100,100073,100,99880,100
2019-06-28 09:41:50.000000000,100021,257,99992,357,100031,257,99976,257,100032,100,99961,200,100038,100,99955,100,100044,100,99938,100,100053,100,99930,100,100054,100,99916,100,100056,100,99905,100,100072,100,99887,100,100073,100,99880,100
2019-06-28 09:41:51.034763032,100021,257,99992,357,100031,257,99976,257,100032,100,99961,200,100038,100,99955,100,100044,100,99938,100,100053,100,99930,100,100054,100,99916,100,100056,100,99905,100,100072,100,99887,100,100073,100,99880,100
2019-06-28 09:42:00.000000000,100021,163,99992,263,100031,163,99976,163,100032,163,99961,263,100038,163,99955,163,100044,163,99938,163,100053,100,99930,100,100054,100,99916,100,100056,100,99905,100,100072,100,99887,100,100073,100,99880,100
2019-06-28 09:42:10.000000000,100021,178,99992,278,100031,178,99976,178,100032,178,99961,278,100038,178,99955,178,100044,100,99938,100,100053,100,99930,100,100054,100,99916,100,100056,100,99905,100,100072,100,99887,100,100073,100,99880,100
2019-06-28 09:42:20.000000000,100021,414,99992,514,100031,100,99976,100,100032,100,99961,200,100038,100,99955,100,100044,100,99938,100,100053,100,99930,100,100054,100,99916,100,100056,100,99905,100,100072,100,99887,100,100073,100,99880,100
2019-06-28 09:42:25.397059522,100021,414,99992,514,100031,100,99976,100,100032,100,99961,200,100038,100,99955,100,100044,100,99938,100,100053,100,99930,100,100054,100,99916,100,100056,100,99905,100,100072,100,99887,100,100073,100,99767,100
2019-06-28 09:42:30.000000000,100021,178,99992,278,100031,178,99976,178,100032,178,99961,278,100038,178,99955,178,100044,100,99938,100,100053,100,99930,100,100054,100,99916,100,100056,100,99905,100,100072,100,99887,100,100073,100,99767,100
2019-06-28 09:42:40.000000000,100021,414,99992,514,100031,100,99976,100,100032,100,99961,200,100038,100,99955,100,100044,100,99938,100,100053,100,99930,100,100054,100,99916,100,100056,100,99905,100,100072,100,99887,100,100073,100,99767,100
2019-06-28 09:42:50.000000000,100021,207,99992,307,100031,204,99976,204,100032,204,99961,304,100038,100,99955,100,100044,100,99938,100,100053,100,99930,100,100054,100,99916,100,100056,100,99905,100,100072,100,99887,100,100073,100,99767,100
2019-06-28 09:43:00.000000000,100021,207,99992,307,100031,204,99976,204,100032,204,99961,304,100038,100,99955,100,100044,100,99938,100,100053,100,99930,100,100054,100,99916,100,100056,100,99905,100,100072,100,99887,100,100073,100,99767,100
2019-06-28 09:43:10.000000000,100021,257,99992,357,100031,257,99976,257,100032,100,99961,200,100038,100,99955,100,100044,100,99938,100,100053,100,99930,100,100054,100,99916,100,100056,100,99905,100,100072,100,99887,100,100073,100,99767,100
2019-06-28 09:43:20.000000000,100021,207,99992,307,100031,204,99976,204,100032,204,99961,304,100038,100,99955,100,100044,100,99938,100,100053,100,99930,100,100054,100,99916,100,100056,100,99905,100,100072,100,99887,100,100073,100,99767,100
2019-06-28 09:43:30.000000000,100021,207,99992,307,100031,204,99976,204,100032,204,99961,304,100038,100,99955,100,100044,100,99938,100,100053,100,99930,100,100054,100,99916,100,100056,100,99905,100,100072,100,99887,100,100073,100,99767,100
2019-06-28 09:43:33.704375973,100021,207,99992,307,100031,204,99976,204,100032,204,99961,204,100038,100,99955,100,100044,100,99938,100,100053,100,99930,100,100054,100,99916,100,100056,100,99905,100,100072,100,99887,100,100073,100,99767,100
2019-06-28 09:43:40.000000000,100021,178,99992,278,100031,178,99976,178,100032,178,99961,178,100038,178,99955,178,100044,100,99938,100,100053,100,99930,100,100054,100,99916,100,100056,100,99905,100,100072,100,99887,100,100073,100,99767,100
2019-06-28 09:43:45.285813034,100021,178,99992,278,100031,178,99976,178,100032,178,99961,178,100038,178,99955,178,100044,100,99938,100,100053,100,99930,100,100054,100,99916,100,100056,100,99905,100,100072,100,99887,100,100073,100,99767,100
2019-06-28 09:43:50.000000000,100021,207,99992,307,100031,204,99976,204,100032,204,99961,204,100038,100,99955,100,100044,100,99938,100,100053,100,99930,100,100054,100,99916,100,100056,100,99905,100,100072,100,99887,100,100073,100,99767,100
2019-06-28 09:43:57.275089796,100021,207,99992,307,100031,204,99976,204,100032,204,99961,204,100038,100,99955,100,100044,100,99938,100,100053,100,99930,100,100054,100,99916,100,100056,100,99905,100,100072,100,99887,100,100073,100,99767,100
2019-06-28 09:44:00.000000000,100021,178,99992,278,100031,178,99976,178,100032,178,99961,178,100038,178,99955,178,100044,100,99938,100,100053,100,99930,100,100054,100,99916,100,100056,100,99905,100,100072,100,99887,100,100073,100,99767,100
2019-06-28 09:44:10.000000000,100021,414,99992,514,100031,100,99976,100,100032,100,99961,100,100038,100,99955,100,100044,100,99938,100,100053,100,99930,100,100054,100,99916,100,100056,100,99905,100,100072,100,99887,100,100073,100,99767,100
2019-06-28 09:44:18.964249870,100021,414,99992,514,100031,100,99961,100,100032,100,99955,100,100038,100,99938,100,100044,100,99930,100,100053,100,99916,100,100054,100,99905,100,100056,100,99887,100,100072,100,99767,100,100073,100,99729,100
2019-06-28 09:44:19.651727434,100021,414,99992,414,100031,100,99961,100,100032,100,99955,100,100038,100,99938,100,100044,100,99930,100,100053,100,99916,100,100054,100,99905,100,100056,100,99887,100,100072,100,99767,100,100073,100,99729,100
2019-06-28 09:44:20.000000000,100021,414,99992,414,100031,100,99961,100,100032,100,99955,100,100038,100,99938,100,100044,100,99930,100,100053,100,99916,100,100054,100,99905,100,100056,100,99887,100,100072,100,99767,100,100073,100,99729,100
2019-06-28 09:44:30.000000000,100021,163,99992,163,100031,163,99961,163,100032,163,99955,163,100038,163,99938,163,100044,163,99930,163,100053,100,99916,100,100054,100,99905,100,100056,100,99887,100,100072,100,99767,100,100073,100,99729,100
2019-06-28 09:44:40.000000000,100021,207,99992,207,100031,204,99961,204,100032,204,99955,204,100038,100,99938,100,100044,100,99930,100,100053,100,99916,100,100054,100,99905,100,100056,100,99887,100,100072,100,99767,100,100073,100,99729,100
2019-06-28 09:44:43.919228498,100021,207,99992,107,100031,204,99961,204,100032,204,99955,204,100038,100,99938,100,100044,100,99930,100,100053,100,99916,100,100054,100,99905,100,100056,100,99887,100,100072,100,99767,100,100073,100,99729,100
2019-06-28 09:44:50.000000000,100021,207,99961,207,100031,204,99955,204,100032,204,99938,204,100038,100,99930,100,100044,100,99916,100,100053,100,99905,100,100054,100,99887,100,100056,100,99767,100,100072,100,99729,100,100073,100,99453,100
2019-06-28 09:45:00.000000000,100021,163,99961,163,100031,163,99955,163,100032,163,99938,163,100038,163,99930,163,100044,163,99916,163,100053,100,99905,100,100054,100,99887,100,100056,100,99767,100,100072,100,99729,100,100073,100,99453,100
2019-06-28 09:45:00.594941872,100021,163,99961,163,100031,163,99955,163,100032,163,99938,163,100038,163,99930,163,100044,163,99916,163,100053,100,99905,100,100054,100,99887,100,100056,100,99767,100,100072,100,99729,100,100073,100,99453,100
2019-06-28 09:45:04.818478751,100021,163,99961,63,100031,163,99955,163,100032,163,99938,163,100038,163,99930,163,100044,163,99916,163,100053,100,99905,100,100054,100,99887,100,100056,100,99767,100,100072,100,99729,100,100073,100,99453,100
2019-06-28 09:45:08.204332543,99961,37,99955,163,100021,163,99938,163,100031,163,99930,163,100032,163,99916,163,100038,163,99905,100,100044,163,99887,100,100053,100,99767,100,100054,100,99729,100,100056,100,99453,100,100072,100,99370,100
2019-06-28 09:45:10.000000000,99961,100,99955,163,100021,163,99938,163,100031,163,99930,163,100032,163,99916,163,100038,163,99905,163,100044,100,99887,100,100053,100,99767,100,100054,100,99729,100,100056,100,99453,100,100072,100,99370,100
2019-06-28 09:45:20.000000000,99961,144,99955,207,100021,204,99938,204,100031,204,99930,204,100032,100,99916,100,100038,100,99905,100,100044,100,99887,100,100053,100,99767,100,100054,100,99729,100,100056,100,99453,100,100072,100,99370,100
2019-06-28 09:45:20.651917981,99961,144,99955,207,100021,204,99938,204,100031,204,99930,204,100032,100,99916,100,100038,100,99905,100,100044,100,99767,100,100053,100,99729,100,100054,100,99453,100,100056,100,99370,100,100072,100,99160,100
2019-06-28 09:45:23.921485955,99961,144,99955,207,100021,204,99938,204,100031,204,99930,204,100032,100,99916,100,100038,100,99905,100,100044,100,99767,100,100053,100,99729,100,100054,100,99453,100,100056,100,99370,100,100072,100,99160,100
2019-06-28 09:45:30.000000000,99961,144,99955,207,100021,204,99938,204,100031,204,99930,204,100032,100,99916,100,100038,100,99905,100,100044,100,99767,100,100053,100,99729,100,100054,100,99453,100,100056,100,99370,100,100072,100,99160,100
2019-06-28 09:45:35.396139035,99961,144,99955,207,100021,204,99938,204,100031,204,99930,204,100032,100,99916,100,100038,100,99905,100,100044,100,99767,100,100053,100,99729,100,100054,100,99453,100,100056,100,99370,100,100072,100,99264,100
2019-06-28 09:45:40.000000000,99961,194,99955,257,100021,257,99938,257,100031,100,99930,100,100032,100,99916,100,100038,100,99905,100,100044,100,99767,100,100053,100,99729,100,100054,100,99453,100,100056,100,99370,100,100072,100,99264,100
2019-06-28 09:45:50.000000000,99961,144,99955,207,100021,204,99938,204,100031,204,99930,204,100032,100,99916,100,100038,100,99905,100,100044,100,99767,100,100053,100,99729,100,100054,100,99453,100,100056,100,99370,100,100072,100,99264,100
2019-06-28 09:45:51.224776553,99961,144,99955,207,100021,204,99938,204,100031,204,99930,204,100032,100,99916,100,100038,100,99905,100,100044,100,99767,100,100053,100,99729,100,100056,100,99453,100,100072,100,99370,100,100073,100,99264,100
2019-06-28 09:45:55.807604205,99961,144,99955,207,100021,204,99938,204,100031,204,99930,204,100032,100,99916,100,100038,100,99905,100,100044,100,99767,100,100053,100,99729,100,100056,100,99453,100,100072,100,99370,100,100073,100,99314,100
2019-06-28 09:46:00.000000000,99961,351,99955,414,100021,100,99938,100,100031,100,99930,100,100032,100,99916,100,100038,100,99905,100,100044,100,99767,100,100053,100,99729,100,100056,100,99453,100,100072,100,99370,100,100073,100,99314,100
2019-06-28 09:46:04.983395410,99961,351,99955,314,100021,100,99938,100,100031,100,99930,100,100032,100,99916,100,100038,100,99905,100,100044,100,99767,100,100053,100,99729,100,100056,100,99453,100,100072,100,99370,100,100073,100,99314,100
2019-06-28 09:46:10.000000000,99961,144,99938,207,100021,204,99930,204,100031,204,99916,204,100032,100,99905,100,100038,100,99767,100,100044,100,99729,100,100053,100,99453,100,100056,100,99370,100,100072,100,99314,100,100073,100,99264,100
2019-06-28 09:46:10.553208771,99961,144,99938,207,100021,204,99930,204,100031,204,99916,204,100038,100,99905,100,100044,100,99767,100,100053,100,99729,100,100056,100,99453,100,100072,100,99370,100,100073,100,99314,100,100077,100,99264,100
2019-06-28 09:46:15.153911263,99961,144,99938,107,100021,204,99930,204,100031,204,99916,204,100038,100,99905,100,100044,100,99767,100,100053,100,99729,100,100056,100,99453,100,100072,100,99370,100,100073,100,99314,100,100077,100,99264,100
2019-06-28 09:46:16.847803046,99961,144,99938,107,100021,204,99930,204,100031,204,99916,204,100038,100,99905,100,100044,100,99767,100,100053,100,99729,100,100056,100,99453,100,100072,100,99370,100,100073,100,99314,100,100077,100,99264,100
2019-06-28 09:46:20.000000000,99961,351,99930,414,100021,100,99916,100,100031,100,99905,100,100038,100,99767,100,100044,100,99729,100,100053,100,99453,100,100056,100,99370,100,100072,100,99314,100,100073,100,99264,100,100077,100,99160,100
2019-06-28 09:46:25.864122196,99961,351,99930,314,100021,100,99916,100,100031,100,99905,100,100038,100,99767,100,100044,100,99729,100,100053,100,99453,100,100056,100,99370,100,100072,100,99314,100,100073,100,99264,100,100077,100,99160,100
2019-06-28 09:46:30.000000000,99961,100,99916,163,100021,163,99905,163,100031,163,99767,163,100038,163,99729,163,100044,163,99453,163,100053,100,99370,100,100056,100,99314,100,100072,100,99264,100,100073,100,99160,100,100077,100,99042,100
2019-06-28 09:46:40.000000000,99961,144,99916,207,100021,204,99905,204,100031,204,99767,204,100038,100,99729,100,100044,100,99453,100,100053,100,99370,100,100056,100,99314,100,100072,100,99264,100,100073,100,99160,100,100077,100,99042,100
2019-06-28 09:46:50.000000000,99961,115,99916,178,100021,178,99905,178,100031,178,99767,178,100038,178,99729,178,100044,100,99453,100,100053,100,99370,100,100056,100,99314,100,100072,100,99264,100,100073,100,99160,100,100077,100,99042,100
2019-06-28 09:47:00.000000000,99961,144,99916,207,100021,204,99905,204,100031,204,99767,204,100038,100,99729,100,100044,100,99453,100,100053,100,99370,100,100056,100,99314,100,100072,100,99264,100,100073,100,99160,100,100077,100,99042,100
2019-06-28 09:47:04.821215907,99961,144,99916,107,100021,204,99905,204,100031,204,99767,204,100038,100,99729,100,100044,100,99453,100,100053,100,99370,100,100056,100,99314,100,100072,100,99264,100,100073,100,99160,100,100077,100,99042,100
2019-06-28 09:47:10.000000000,99961,351,99905,414,100021,100,99767,100,100031,100,99729,100,100038,100,99453,100,100044,100,99370,100,100053,100,99314,100,100056,100,99264,100,100072,100,99160,100,100073,100,99042,100,100077,100,99027,100
2019-06-28 09:47:10.046324432,99961,351,99905,314,100021,100,99767,100,100031,100,99729,100,100038,100,99453,100,100044,100,99370,100,100053,100,99314,100,100056,100,99264,100,100072,100,99160,100,100073,100,99042,100,100077,100,99027,100
2019-06-28 09:47:10.929835985,99961,351,99905,214,100021,100,99767,100,100031,100,99729,100,100038,100,99453,100,100044,100,99370,100,100053,100,99314,100,100056,100,99264,100,100072,100,99160,100,100073,100,99042,100,100077,100,99027,100
2019-06-28 09:47:13.174474622,99961,351,99905,114,100021,100,99767,100,100031,100,99729,100,100038,100,99453,100,100044,100,99370,100,100053,100,99314,100,100056,100,99264,100,100072,100,99160,100,100073,100,99042,100,100077,100,99027,100
2019-06-28 09:47:20.000000000,99961,115,99767,178,100021,178,99729,178,100031,178,99453,178,100038,178,99370,178,100044,100,99314,100,100053,100,99264,100,100056,100,99160,100,100072,100,99042,100,100073,100,99027,100,100077,100,98899,100
2019-06-28 09:47:30.000000000,99961,100,99767,163,100021,163,99729,163,100031,163,99453,163,100038,163,99370,163,100044,163,99314,163,100053,100,99264,100,100056,100,99160,100,100072,100,99042,100,100073,100,99027,100,100077,100,98899,100
2019-06-28 09:47:30.454448006,99961,100,99767,63,100021,163,99729,163,100031,163,99453,163,100038,163,99370,163,100044,163,99314,163,100053,100,99264,100,100056,100,99160,100,100072,100,99042,100,100073,100,99027,100,100077,100,98899,100
2019-06-28 09:47:40.000000000,99961,194,99729,257,100021,257,99453,257,100031,100,99370,100,100038,100,99314,100,100044,100,99264,100,100053,100,99160,100,100056,100,99042,100,100072,100,99027,100,100073,100,98899,100,100077,100,98791,100
2019-06-28 09:47:50.000000000,99961,194,99729,257,100021,257,99453,257,100031,100,99370,100,100038,100,99314,100,100044,100,99264,100,100053,100,99160,100,100056,100,99042,100,100072,100,99027,100,100073,100,98899,100,100077,100,98791,100
2019-06-28 09:47:57.439164725,99961,194,99845,100,100021,257,99729,257,100031,100,99453,257,100038,100,99370,100,100044,100,99314,100,100053,100,99264,100,100056,100,99160,100,100072,100,99042,100,100073,100,99027,100,100077,100,98899,100
2019-06-28 09:48:00.000000000,99961,144,99845,207,100021,204,99729,204,100031,204,99453,204,100038,100,99370,100,100044,100,99314,100,100053,100,99264,100,100056,100,99160,100,100072,100,99042,100,100073,100,99027,100,100077,100,98899,100
2019-06-28 09:48:10.000000000,99961,194,99845,257,100021,257,99729,257,100031,100,99453,100,100038,100,99370,100,100044,100,99314,100,100053,100,99264,100,100056,100,99160,100,100072,100,99042,100,100073,100,99027,100,100077,100,98899,100
2019-06-28 09:48:15.893319529,99961,194,99845,257,100021,257,99729,257,100031,100,99665,100,100038,100,99453,100,100044,100,99370,100,100053,100,99314,100,100056,100,99264,100,100072,100,99160,100,100073,100,99042,100,100077,100,99027,100
2019-06-28 09:48:20.000000000,99961,351,99845,414,100021,100,99729,100,100031,100,99665,100,100038,100,99453,100,100044,100,99370,100,100053,100,99314,100,100056,100,99264,100,100072,100,99160,100,100073,100,99042,100,100077,100,99027,100
2019-06-28 09:48:23.328723527,99961,351,99845,314,100021,100,99729,100,100031,100,99665,100,100038,100,99453,100,100044,100,99370,100,100053,100,99314,100,100056,100,99264,100,100072,100,99160,100,100073,100,99042,100,100077,100,99027,100
2019-06-28 09:48:30.000000000,99961,351,99729,414,100021,100,99665,100,100031,100,99453,100,100038,100,99370,100,100044,100,99314,100,100053,100,99264,100,100056,100,99160,100,100072,100,99042,100,100073,100,99027,100,100077,100,98899,100
2019-06-28 09:48:33.628897489,99901,100,99729,414,99961,351,99665,100,100021,100,99453,100,100031,100,99370,100,100038,100,99314,100,100044,100,99264,100,100053,100,99160,100,100056,100,99042,100,100072,100,99027,100,100073,100,98899,100
2019-06-28 09:48:40.000000000,99901,207,99729,207,99961,141,99665,204,100021,204,99453,204,100031,100,99370,100,100038,100,99314,100,100044,100,99264,100,100053,100,99160,100,100056,100,99042,100,100072,100,99027,100,100073,100,98899,100
2019-06-28 09:48:48.769712858,99901,107,99729,207,99961,141,99665,204,100021,204,99453,204,100031,100,99370,100,100038,100,99264,100,100044,100,99160,100,100053,100,99042,100,100056,100,99027,100,100072,100,98899,100,100073,100,,
2019-06-28 09:48:49.159773423,99901,107,99850,100,99961,141,99729,207,100021,204,99665,204,100031,100,99453,204,100038,100,99370,100,100053,100,99264,100,100056,100,99160,100,100072,100,99042,100,100073,100,99027,100,100077,100,98899,100
2019-06-28 09:48:50.000000000,99961,351,99850,414,100021,100,99729,100,100031,100,99665,100,100038,100,99453,100,100053,100,99370,100,100056,100,99264,100,100072,100,99160,100,100073,100,99042,100,100077,100,99027,100,100097,100,98899,100
2019-06-28 09:49:00.000000000,99961,144,99850,207,100021,204,99729,204,100031,204,99665,204,100038,100,99453,100,100053,100,99370,100,100056,100,99264,100,100072,100,99160,100,100073,100,99042,100,100077,100,99027,100,100097,100,98899,100
2019-06-28 09:49:00.191665770,99961,144,99850,207,100021,204,99729,204,100031,204,99665,204,100038,100,99453,100,100053,100,99370,100,100056,100,99264,100,100072,100,99160,100,100073,100,99042,100,100077,100,99027,100,100097,100,98899,100
2019-06-28 09:49:10.000000000,99961,194,99850,257,100021,257,99729,257,100031,100,99665,100,100038,100,99453,100,100053,100,99370,100,100056,100,99264,100,100072,100,99160,100,100073,100,99042,100,100077,100,99027,100,100097,100,98899,100
2019-06-28 09:49:13.649691395,99961,94,99850,257,100021,257,99729,257,100031,100,99665,100,100038,100,99453,100,100053,100,99370,100,100056,100,99264,100,100072,100,99160,100,100073,100,99042,100,100077,100,99027,100,100097,100,98899,100
2019-06-28 09:49:13.949710326,99961,94,99850,257,100021,257,99729,257,100031,100,99665,100,100038,100,99453,100,100053,100,99370,100,100056,100,99264,100,100072,100,99160,100,100073,100,99042,100,100077,100,99027,100,100097,100,98899,100
2019-06-28 09:49:20.000000000,100021,178,99850,178,100031,178,99729,178,100038,178,99665,178,100053,178,99453,178,100056,100,99370,100,100072,100,99264,100,100073,100,99160,100,100077,100,99042,100,100097,100,99027,100,100114,100,98899,100
2019-06-28 09:49:30.000000000,100021,163,99850,163,100031,163,99729,163,100038,163,99665,163,100053,163,99453,163,100056,163,99370,163,100072,100,99264,100,100073,100,99160,100,100077,100,99042,100,100097,100,99027,100,100114,100,98899,100
2019-06-28 09:49:33.376261487,100021,163,99850,163,100031,163,99729,163,100038,163,99665,163,100053,163,99453,163,100056,163,99370,163,100072,100,99264,100,100073,100,99160,100,100097,100,99042,100,100114,100,99027,100,100128,100,98899,100
2019-06-28 09:49:40.000000000,100021,414,99850,414,100031,100,99729,100,100038,100,99665,100,100053,100,99453,100,100056,100,99370,100,100072,100,99264,100,100073,100,99160,100,100097,100,99042,100,100114,100,99027,100,100128,100,98899,100
2019-06-28 09:49:48.318121406,100021,414,99850,414,100031,100,99729,100,100038,100,99665,100,100053,100,99453,100,100056,100,99370,100,100072,100,99264,100,100073,100,99160,100,100097,100,99042,100,100114,100,99027,100,100128,100,98899,100
2019-06-28 09:49:49.453234358,100021,414,99850,414,100031,100,99729,100,100038,100,99665,100,100053,100,99453,100,100056,100,99370,100,100072,100,99264,100,100073,100,99160,100,100097,100,99042,100,100114,100,98899,100,100128,100,,
2019-06-28 09:49:50.000000000,100021,257,99850,257,100031,257,99729,257,100038,100,99665,100,100053,100,99453,100,100056,100,99370,100,100072,100,99264,100,100073,100,99160,100,100097,100,99042,100,100114,100,98899,100,100128,100,,
2019-06-28 09:49:50.212575782,100021,257,99850,257,100031,257,99729,257,100038,100,99665,100,100053,100,99453,100,100056,100,99370,100,100072,100,99264,100,100073,100,99160,100,100097,100,99042,100,100114,100,98899,100,100115,100,,
2019-06-28 09:49:57.940792795,100021,257,99879,100,100031,257,99850,257,100038,100,99729,257,100053,100,99665,100,100056,100,99453,100,100072,100,99370,100,100097,100,99264,100,100114,100,99160,100,100115,100,99042,100,100128,100,98899,100
2019-06-28 09:50:00.000000000,100021,163,99879,163,100031,163,99850,163,100038,163,99729,163,100053,163,99665,163,100056,163,99453,163,100072,100,99370,100,100097,100,99264,100,100114,100,99160,100,100115,100,99042,100,100128,100,98899,100
2019-06-28 09:50:08.124368500,100021,163,99879,163,100031,163,99850,163,100038,163,99729,163,100053,163,99665,163,100056,163,99453,163,100064,100,99370,100,100072,100,99264,100,100114,100,99160,100,100115,100,99042,100,100128,100,98899,100
2019-06-28 09:50:10.000000000,100021,257,99879,257,100031,257,99850,257,100038,100,99729,100,100053,100,99665,100,100056,100,99453,100,100064,100,99370,100,100072,100,99264,100,100114,100,99160,100,100115,100,99042,100,100128,100,98899,100
2019-06-28 09:50:16.224330698,100021,257,99879,257,100031,257,99850,257,100038,100,99729,100,100053,100,99678,100,100056,100,99665,100,100064,100,99453,100,100072,100,99370,100,100114,100,99264,100,100115,100,99160,100,100128,100,99042,100
2019-06-28 09:50:20.000000000,100021,178,99879,178,100031,178,99850,178,100038,178,99729,178,100053,178,99678,178,100056,100,99665,100,100064,100,99453,100,100072,100,99370,100,100114,100,99264,100,100115,100,99160,100,100128,100,99042,100
2019-06-28 09:50:21.404250152,100021,178,99879,78,100031,178,99850,178,100038,178,99729,178,100053,178,99678,178,100056,100,99665,100,100064,100,99453,100,100072,100,99370,100,100114,100,99264,100,100115,100,99160,100,100128,100,98899,100
2019-06-28 09:50:26.382792878,99879,22,99850,178,100021,178,99729,178,100031,178,99678,178,100038,178,99665,100,100053,178,99453,100,100056,100,99370,100,100064,100,99264,100,100072,100,99160,100,100114,100,98899,100,100115,100,,
2019-06-28 09:50:30.000000000,99879,129,99850,207,100021,204,99729,204,100031,204,99678,204,100038,100,99665,100,100053,100,99453,100,100056,100,99370,100,100064,100,99264,100,100072,100,99160,100,100114,100,98899,100,100115,100,,
2019-06-28 09:50:40.000000000,99879,100,99850,178,100021,178,99729,178,100031,178,99678,178,100038,178,99665,178,100053,100,99453,100,100056,100,99370,100,100064,100,99264,100,100072,100,99160,100,100114,100,98899,100,100115,100,,
2019-06-28 09:50:50.000000000,99879,179,99850,257,100021,257,99729,257,100031,100,99678,100,100038,100,99665,100,100053,100,99453,100,100056,100,99370,100,100064,100,99264,100,100072,100,99160,100,100114,100,98899,100,100115,100,,
2019-06-28 09:51:00.000000000,99879,179,99850,257,100021,257,99729,257,100031,100,99678,100,100038,100,99665,100,100053,100,99453,100,100056,100,99370,100,100064,100,99264,100,100072,100,99160,100,100114,100,98899,100,100115,100,,
2019-06-28 09:51:02.684577056,99879,179,99850,257,100021,257,99729,257,100031,100,99678,100,100038,100,99665,100,100053,100,99453,100,100056,100,99370,100,100064,100,99264,100,100072,100,99160,100,100090,100,98899,100,100114,100,,
2019-06-28 09:51:10.000000000,99879,179,99850,257,100021,257,99729,257,100031,100,99678,100,100038,100,99665,100,100053,100,99453,100,100056,100,99370,100,100064,100,99264,100,100072,100,99160,100,100090,100,98899,100,100114,100,,
2019-06-28 09:51:20.000000000,99879,85,99850,163,100021,163,99729,163,100031,163,99678,163,100038,163,99665,163,100053,163,99453,163,100056,100,99370,100,100064,100,99264,100,100072,100,99160,100,100090,100,98899,100,100114,100,,
2019-06-28 09:51:24.373732176,99879,85,99850,163,100021,163,99729,163,100031,163,99678,163,100038,163,99665,163,100053,163,99453,163,100056,100,99370,100,100064,100,99264,100,100072,100,99160,100,100090,100,98899,100,100114,100,,
2019-06-28 09:51:30.000000000,99879,100,99850,178,100021,178,99729,178,100031,178,99678,178,100038,178,99665,178,100053,100,99453,100,100056,100,99370,100,100064,100,99264,100,100072,100,99160,100,100090,100,98899,100,100114,100,,
2019-06-28 09:51:37.096128124,100021,178,99850,178,100031,178,99729,178,100038,178,99678,178,100053,100,99665,178,100056,100,99453,100,100064,100,99370,100,100072,100,99264,100,100090,100,99160,100,100114,100,98899,100,100115,100,,
2019-06-28 09:51:40.000000000,100021,207,99850,207,100031,204,99729,204,100038,204,99678,204,100053,100,99665,100,100056,100,99453,100,100064,100,99370,100,100072,100,99264,100,100090,100,99160,100,100114,100,98899,100,100115,100,,
2019-06-28 09:51:50.000000000,100021,163,99850,163,100031,163,99729,163,100038,163,99678,163,100053,163,99665,163,100056,163,99453,163,100064,100,99370,100,100072,100,99264,100,100090,100,99160,100,100114,100,98899,100,100115,100,,
2019-06-28 09:52:00.000000000,100021,163,99850,163,100031,163,99729,163,100038,163,99678,163,100053,163,99665,163,100056,163,99453,163,100064,100,99370,100,100072,100,99264,100,100090,100,99160,100,100114,100,98899,100,100115,100,,
2019-06-28 09:52:10.000000000,100021,163,99850,163,100031,163,99729,163,100038,163,99678,163,100053,163,99665,163,100056,163,99453,163,100064,100,99370,100,100072,100,99264,100,100090,100,99160,100,100114,100,98899,100,100115,100,,
2019-06-28 09:52:20.000000000,100021,207,99850,207,100031,204,99729,204,100038,204,99678,204,100053,100,99665,100,100056,100,99453,100,100064,100,99370,100,100072,100,99264,100,100090,100,99160,100,100114,100,98899,100,100115,100,,
2019-06-28 09:52:22.943676928,100021,207,99850,207,100031,204,99729,204,100038,204,99678,204,100053,100,99665,100,100056,100,99453,100,100064,100,99370,100,100072,100,99264,100,100090,100,99160,100,100114,100,98899,100,100115,100,,
2019-06-28 09:52:30.000000000,100021,257,99850,257,100031,257,99729,257,100038,100,99678,100,100053,100,99665,100,100056,100,99453,100,100064,100,99370,100,100072,100,99264,100,100090,100,99160,100,100114,100,98899,100,100115,100,,
2019-06-28 09:52:38.060402694,100021,257,99879,100,100031,257,99850,257,100038,100,99729,257,100053,100,99678,100,100056,100,99665,100,100064,100,99453,100,100072,100,99370,100,100090,100,99264,100,100114,100,99160,100,100115,100,98899,100
2019-06-28 09:52:39.440593251,100021,157,99879,100,100031,257,99850,257,100053,100,99729,257,100056,100,99678,100,100064,100,99665,100,100072,100,99453,100,100090,100,99370,100,100114,100,99264,100,100115,100,99160,100,100128,100,98899,100
2019-06-28 09:52:40.000000000,100031,414,99879,414,100053,100,99850,100,100056,100,99729,100,100064,100,99678,100,100072,100,99665,100,100090,100,99453,100,100114,100,99370,100,100115,100,99264,100,100128,100,99160,100,100136,100,98899,100
2019-06-28 09:52:49.094205624,100031,314,99879,414,100053,100,99850,100,100056,100,99729,100,100064,100,99678,100,100072,100,99665,100,100090,100,99453,100,100114,100,99370,100,100115,100,99264,100,100128,100,99160,100,100136,100,98899,100
2019-06-28 09:52:50.000000000,100053,414,99879,414,100056,100,99850,100,100064,100,99729,100,100072,100,99678,100,100090,100,99665,100,100114,100,99453,100,100115,100,99370,100,100128,100,99264,100,100136,100,99160,100,100143,100,98899,100
2019-06-28 09:52:55.421658766,100053,414,99879,414,100056,100,99850,100,100064,100,99729,100,100072,100,99678,100,100090,100,99453,100,100114,100,99370,100,100115,100,99264,100,100128,100,99160,100,100136,100,98899,100,100143,100,,
2019-06-28 09:53:00.000000000,100053,163,99879,163,100056,163,99850,163,100064,163,99729,163,100072,163,99678,163,100090,163,99453,163,100114,100,99370,100,100115,100,99264,100,100128,100,99160,100,100136,100,98899,100,100143,100,,
2019-06-28 09:53:02.645944592,100053,163,100021,100,100056,163,99879,163,100064,163,99850,163,100072,163,99729,163,100090,163,99678,163,100114,100,99453,163,100115,100,99370,100,100128,100,99264,100,100136,100,99160,100,100143,100,98899,100
2019-06-28 09:53:10.000000000,100053,414,100021,414,100056,100,99879,100,100064,100,99850,100,100072,100,99729,100,100090,100,99678,100,100114,100,99453,100,100115,100,99370,100,100128,100,99264,100,100136,100,99160,100,100143,100,98899,100
2019-06-28 09:53:11.646292902,100053,414,100021,414,100056,100,99879,100,100064,100,99850,100,100072,100,99729,100,100090,100,99678,100,100114,100,99453,100,100115,100,99370,100,100128,100,99264,100,100136,100,99160,100,100143,100,98899,100
2019-06-28 09:53:20.000000000,100053,163,100021,163,100056,163,99879,163,100064,163,99850,163,100072,163,99729,163,100090,163,99678,163,100114,100,99453,100,100115,100,99370,100,100128,100,99264,100,100136,100,99160,100,100143,100,98899,100
2019-06-28 09:53:24.043626745,100056,163,100053,37,100064,163,100021,163,100072,163,99879,163,100090,163,99850,163,100114,100,99729,163,100115,100,99678,163,100128,100,99453,100,100136,100,99370,100,100143,100,99264,100,100157,100,99160,100
2019-06-28 09:53:30.000000000,100056,207,100053,144,100064,204,100021,204,100072,204,99879,204,100090,100,99850,100,100114,100,99729,100,100115,100,99678,100,100128,100,99453,100,100136,100,99370,100,100143,100,99264,100,100157,100,99160,100
2019-06-28 09:53:34.321298603,100056,207,100053,144,100064,204,100021,204,100072,204,99879,204,100090,100,99850,100,100114,100,99729,100,100115,100,99678,100,100128,100,99453,100,100136,100,99370,100,100143,100,99264,100,100157,100,99160,100
2019-06-28 09:53:40.000000000,100056,257,100053,194,100064,257,100021,257,100072,100,99879,100,100090,100,99850,100,100114,100,99729,100,100115,100,99678,100,100128,100,99453,100,100136,100,99370,100,100143,100,99264,100,100157,100,99160,100
2019-06-28 09:53:50.000000000,100056,207,100053,144,100064,204,100021,204,100072,204,99879,204,100090,100,99850,100,100114,100,99729,100,100115,100,99678,100,100128,100,99453,100,100136,100,99370,100,100143,100,99264,100,100157,100,99160,100
2019-06-28 09:54:00.000000000,100056,163,100053,100,100064,163,100021,163,100072,163,99879,163,100090,163,99850,163,100114,163,99729,163,100115,100,99678,100,100128,100,99453,100,100136,100,99370,100,100143,100,99264,100,100157,100,99160,100
2019-06-28 09:54:10.000000000,100056,414,100053,351,100064,100,100021,100,100072,100,99879,100,100090,100,99850,100,100114,100,99729,100,100115,100,99678,100,100128,100,99453,100,100136,100,99370,100,100143,100,99264,100,100157,100,99160,100
2019-06-28 09:54:20.000000000,100056,414,100053,351,100064,100,100021,100,100072,100,99879,100,100090,100,99850,100,100114,100,99729,100,100115,100,99678,100,100128,100,99453,100,100136,100,99370,100,100143,100,99264,100,100157,100,99160,100
2019-06-28 09:54:30.000000000,100056,163,100053,100,100064,163,100021,163,100072,163,99879,163,100090,163,99850,163,100114,163,99729,163,100115,100,99678,100,100128,100,99453,100,100136,100,99370,100,100143,100,99264,100,100157,100,99160,100
2019-06-28 09:54:40.000000000,100056,178,100053,115,100064,178,100021,178,100072,178,99879,178,100090,178,99850,178,100114,100,99729,100,100115,100,99678,100,100128,100,99453,100,100136,100,99370,100,100143,100,99264,100,100157,100,99160,100
2019-06-28 09:54:50.000000000,100056,414,100053,351,100064,100,100021,100,100072,100,99879,100,100090,100,99850,100,100114,100,99729,100,100115,100,99678,100,100128,100,99453,100,100136,100,99370,100,100143,100,99264,100,100157,100,99160,100
2019-06-28 09:55:00.000000000,100056,257,100053,194,100064,257,100021,257,100072,100,99879,100,100090,100,99850,100,100114,100,99729,100,100115,100,99678,100,100128,100,99453,100,100136,100,99370,100,100143,100,99264,100,100157,100,99160,100
2019-06-28 09:55:10.000000000,100056,207,100053,144,100064,204,100021,204,100072,204,99879,204,100090,100,99850,100,100114,100,99729,100,100115,100,99678,100,100128,100,99453,100,100136,100,99370,100,100143,100,99264,100,100157,100,99160,100
2019-06-28 09:55:16.055454180,100056,107,100053,144,100064,204,100021,204,100072,204,99879,204,100090,100,99850,100,100114,100,99729,100,100115,100,99678,100,100128,100,99453,100,100136,100,99370,100,100143,100,99264,100,100157,100,99160,100
2019-06-28 09:55:20.000000000,100064,163,100053,100,100072,163,100021,163,100090,163,99879,163,100114,163,99850,163,100115,163,99729,163,100128,100,99678,100,100136,100,99453,100,100143,100,99370,100,100157,100,99264,100,100170,100,99160,100
2019-06-28 09:55:30.000000000,100064,414,100053,351,100072,100,100021,100,100090,100,99879,100,100114,100,99850,100,100115,100,99729,100,100128,100,99678,100,100136,100,99453,100,100143,100,99370,100,100157,100,99264,100,100170,100,99160,100
2019-06-28 09:55:31.146855343,100064,414,100054,100,100072,100,100053,351,100090,100,100021,100,100114,100,99879,100,100115,100,99850,100,100128,100,99729,100,100136,100,99678,100,100143,100,99453,100,100157,100,99370,100,100170,100,99264,100
2019-06-28 09:55:32.631320815,100064,314,100054,100,100072,100,100053,351,100090,100,100021,100,100114,100,99879,100,100115,100,99850,100,100128,100,99729,100,100136,100,99678,100,100143,100,99453,100,100157,100,99370,100,100170,100,99264,100
2019-06-28 09:55:40.000000000,100072,257,100054,257,100090,257,100053,194,100114,100,100021,100,100115,100,99879,100,100128,100,99850,100,100136,100,99729,100,100143,100,99678,100,100157,100,99453,100,100170,100,99370,100,100171,100,99264,100
2019-06-28 09:55:40.071808499,100072,157,100054,257,100090,257,100053,194,100114,100,100021,100,100115,100,99879,100,100128,100,99850,100,100136,100,99729,100,100143,100,99678,100,100157,100,99453,100,100170,100,99370,100,100171,100,99264,100
2019-06-28 09:55:50.000000000,100090,178,100054,178,100114,178,100053,115,100115,178,100021,178,100128,178,99879,178,100136,100,99850,100,100143,100,99729,100,100157,100,99678,100,100170,100,99453,100,100171,100,99370,100,100172,100,99264,100
2019-06-28 09:56:00.000000000,100090,257,100054,257,100114,257,100053,194,100115,100,100021,100,100128,100,99879,100,100136,100,99850,100,100143,100,99729,100,100157,100,99678,100,100170,100,99453,100,100171,100,99370,100,100172,100,99264,100
2019-06-28 09:56:05.646813540,100090,257,100054,257,100114,257,100053,194,100115,100,100021,100,100128,100,99879,100,100136,100,99850,100,100143,100,99729,100,100157,100,99678,100,100170,100,99453,100,100171,100,99370,100,100172,100,99264,100
2019-06-28 09:56:10.000000000,100090,178,100054,178,100114,178,100053,115,100115,178,100021,178,100128,178,99879,178,100136,100,99850,100,100143,100,99729,100,100157,100,99678,100,100170,100,99453,100,100171,100,99370,100,100172,100,99264,100
2019-06-28 09:56:20.000000000,100090,207,100054,207,100114,204,100053,141,100115,204,100021,204,100128,100,99879,100,100136,100,99850,100,100143,100,99729,100,100157,100,99678,100,100170,100,99453,100,100171,100,99370,100,100172,100,99264,100
2019-06-28 09:56:30.000000000,100090,178,100054,178,100114,178,100053,115,100115,178,100021,178,100128,178,99879,178,100136,100,99850,100,100143,100,99729,100,100157,100,99678,100,100170,100,99453,100,100171,100,99370,100,100172,100,99264,100
2019-06-28 09:56:33.390607451,100090,178,100064,100,100114,178,100054,178,100115,178,100053,115,100128,178,100021,178,100136,100,99879,178,100143,100,99850,100,100157,100,99729,100,100170,100,99678,100,100171,100,99453,100,100172,100,99370,100
2019-06-28 09:56:40.000000000,100090,207,100064,207,100114,204,100054,204,100115,204,100053,141,100128,100,100021,100,100136,100,99879,100,100143,100,99850,100,100157,100,99729,100,100170,100,99678,100,100171,100,99453,100,100172,100,99370,100
2019-06-28 09:56:45.965234228,100090,107,100064,207,100114,204,100054,204,100115,204,100053,141,100128,100,100021,100,100136,100,99879,100,100143,100,99850,100,100157,100,99729,100,100170,100,99678,100,100171,100,99453,100,100172,100,99370,100
2019-06-28 09:56:50.000000000,100114,414,100064,414,100115,100,100054,100,100128,100,100053,37,100136,100,100021,100,100143,100,99879,100,100157,100,99850,100,100170,100,99729,100,100171,100,99678,100,100172,100,99453,100,100190,100,99370,100
2019-06-28 09:56:56.771040327,100114,414,100064,414,100115,100,100054,100,100128,100,100053,37,100136,100,100021,100,100143,100,99879,100,100157,100,99850,100,100170,100,99729,100,100171,100,99678,100,100172,100,99453,100,100190,100,99370,100
2019-06-28 09:57:00.000000000,100114,414,100064,414,100115,100,100054,100,100128,100,100053,37,100136,100,100021,100,100143,100,99879,100,100157,100,99850,100,100170,100,99729,100,100171,100,99678,100,100172,100,99453,100,100190,100,99370,100
2019-06-28 09:57:06.837140643,100114,414,100072,100,100115,100,100064,414,100128,100,100054,100,100136,100,100053,37,100143,100,100021,100,100157,100,99879,100,100170,100,99850,100,100171,100,99729,100,100172,100,99678,100,100190,100,99453,100
2019-06-28 09:57:10.000000000,100114,207,100072,207,100115,204,100064,204,100128,204,100054,204,100136,100,100053,37,100143,100,100021,100,100157,100,99879,100,100170,100,99850,100,100171,100,99729,100,100172,100,99678,100,100190,100,99453,100
2019-06-28 09:57:10.229949012,100114,207,100072,207,100115,204,100064,204,100128,204,100054,204,100136,100,100053,37,100143,100,100021,100,100157,100,99879,100,100170,100,99850,100,100171,100,99729,100,100172,100,99678,100,100190,100,99453,100
2019-06-28 09:57:20.000000000,100114,207,100072,207,100115,204,100064,204,100128,204,100054,204,100136,100,100053,37,100143,100,100021,100,100157,100,99879,100,100170,100,99850,100,100171,100,99729,100,100172,100,99678,100,100190,100,99453,100
2019-06-28 09:57:30.000000000,100114,257,100072,257,100115,257,100064,257,100128,100,100054,100,100136,100,100053,37,100143,100,100021,100,100157,100,99879,100,100170,100,99850,100,100171,100,99729,100,100172,100,99678,100,100190,100,99453,100
2019-06-28 09:57:34.096543948,100114,157,100072,257,100115,257,100064,257,100128,100,100054,100,100136,100,100053,37,100143,100,100021,100,100157,100,99879,100,100170,100,99850,100,100171,100,99729,100,100172,100,99678,100,100190,100,99453,100
2019-06-28 09:57:40.000000000,100115,414,100072,414,100128,100,100064,100,100136,100,100054,100,100143,100,100053,37,100157,100,100021,100,100170,100,99879,100,100171,100,99850,100,100172,100,99729,100,100190,100,99678,100,100275,100,99453,100
2019-06-28 09:57:43.329416049,100115,314,100072,414,100128,100,100064,100,100136,100,100054,100,100143,100,100053,37,100157,100,100021,100,100170,100,99879,100,100171,100,99850,100,100172,100,99729,100,100190,100,99678,100,100275,100,99453,100
2019-06-28 09:57:48.828338985,100115,314,100072,414,100128,100,100064,100,100136,100,100054,100,100143,100,100053,37,100157,100,100021,100,100170,100,99879,100,100171,100,99850,100,100172,100,99729,100,100190,100,99678,100,100275,100,99453,100
2019-06-28 09:57:50.000000000,100128,207,100072,207,100136,204,100064,204,100143,204,100054,204,100157,100,100053,37,100170,100,100021,100,100171,100,99879,100,100172,100,99850,100,100190,100,99729,100,100275,100,99678,100,100356,100,99453,100
2019-06-28 09:58:00.000000000,100128,178,100072,178,100136,178,100064,178,100143,178,100054,178,100157,178,100053,115,100170,100,100021,100,100171,100,99879,100,100172,100,99850,100,100190,100,99729,100,100275,100,99678,100,100356,100,99453,100
2019-06-28 09:58:00.079540822,100128,78,100072,178,100136,178,100064,178,100143,178,100054,178,100157,178,100053,78,100170,100,100021,100,100171,100,99879,100,100172,100,99850,100,100190,100,99729,100,100275,100,99678,100,100356,100,99453,100
2019-06-28 09:58:03.454985015,100128,78,100072,178,100136,178,100064,178,100143,178,100054,178,100157,178,100053,78,100170,100,100021,100,100171,100,99879,100,100172,100,99850,100,100190,100,99729,100,100275,100,99678,100,100356,100,99453,100
2019-06-28 09:58:10.000000000,100136,178,100072,178,100143,178,100064,178,100157,178,100054,178,100170,178,100021,178,100171,100,99879,100,100172,100,99850,100,100190,100,99729,100,100275,100,99678,100,100356,100,99453,100,100424,100,99370,100
2019-06-28 09:58:15.418455501,100136,178,100072,178,100143,178,100064,178,100157,178,100054,178,100170,78,100021,178,100171,100,99879,100,100172,100,99850,100,100190,100,99729,100,100275,100,99678,100,100356,100,99453,100,100424,100,99370,100
2019-06-28 09:58:20.000000000,100136,414,100072,414,100143,100,100064,100,100157,100,100054,100,100171,100,100021,100,100172,100,99879,100,100190,100,99850,100,100275,100,99729,100,100356,100,99678,100,100424,100,99453,100,100706,100,99370,100
2019-06-28 09:58:27.378573051,100136,414,100072,414,100143,100,100064,100,100157,100,100054,100,100171,100,100021,100,100172,100,99879,100,100190,100,99850,100,100275,100,99729,100,100356,100,99678,100,100424,100,99453,100,100706,100,99370,100
2019-06-28 09:58:30.000000000,100136,414,100072,414,100143,100,100064,100,100157,100,100054,100,100171,100,100021,100,100172,100,99879,100,100190,100,99850,100,100275,100,99729,100,100356,100,99678,100,100424,100,99453,100,100706,100,99370,100
2019-06-28 09:58:37.872840858,100136,314,100072,414,100143,100,100064,100,100157,100,100054,100,100171,100,100021,100,100172,100,99879,100,100190,100,99850,100,100275,100,99729,100,100356,100,99678,100,100424,100,99453,100,100706,100,99370,100
2019-06-28 09:58:40.000000000,100143,178,100072,178,100157,178,100064,178,100171,178,100054,178,100172,178,100021,178,100190,100,99879,100,100275,100,99850,100,100356,100,99729,100,100424,100,99678,100,100706,100,99453,100,100764,100,99370,100
2019-06-28 09:58:45.866481132,100143,78,100072,178,100157,178,100064,178,100171,178,100054,178,100172,78,100021,178,100190,100,99879,100,100275,100,99850,100,100356,100,99729,100,100424,100,99678,100,100706,100,99453,100,100764,100,99370,100
2019-06-28 09:58:50.000000000,100157,207,100072,207,100171,204,100064,204,100190,204,100054,204,100275,100,100021,100,100356,100,99879,100,100424,100,99850,100,100706,100,99729,100,100764,100,99678,100,101164,100,99453,100,101186,100,99370,100
2019-06-28 09:59:00.000000000,100157,207,100072,207,100171,204,100064,204,100190,204,100054,204,100275,100,100021,100,100356,100,99879,100,100424,100,99850,100,100706,100,99729,100,100764,100,99678,100,101164,100,99453,100,101186,100,99370,100
2019-06-28 09:59:10.000000000,100157,207,100072,207,100171,204,100064,204,100190,204,100054,204,100275,100,100021,100,100356,100,99879,100,100424,100,99850,100,100706,100,99729,100,100764,100,99678,100,101164,100,99453,100,101186,100,99370,100
2019-06-28 09:59:20.000000000,100157,257,100072,257,100171,257,100064,257,100190,100,100054,100,100275,100,100021,100,100356,100,99879,100,100424,100,99850,100,100706,100,99729,100,100764,100,99678,100,101164,100,99453,100,101186,100,99370,100
2019-06-28 09:59:23.090417196,100157,257,100072,257,100171,257,100064,257,100190,100,100054,100,100275,100,100021,100,100424,100,99879,100,100706,100,99850,100,100764,100,99729,100,101028,100,99678,100,101164,100,99453,100,101186,100,99370,100
2019-06-28 09:59:30.000000000,100157,414,100072,414,100171,100,100064,100,100190,100,100054,100,100275,100,100021,100,100424,100,99879,100,100706,100,99850,100,100764,100,99729,100,101028,100,99678,100,101164,100,99453,100,101186,100,99370,100
2019-06-28 09:59:40.000000000,100157,257,100072,257,100171,257,100064,257,100190,100,100054,100,100275,100,100021,100,100424,100,99879,100,100706,100,99850,100,100764,100,99729,100,101028,100,99678,100,101164,100,99453,100,101186,100,99370,100
2019-06-28 09:59:50.000000000,100157,163,100072,163,100171,163,100064,163,100190,163,100054,163,100275,163,100021,163,100424,163,99879,163,100706,100,99850,100,100764,100,99729,100,101028,100,99678,100,101164,100,99453,100,101186,100,99370,100
2019-06-28 10:00:00.000000000,100157,207,100072,207,100171,204,100064,204,100190,204,100054,204,100275,100,100021,100,100424,100,99879,100,100706,100,99850,100,100764,100,99729,100,101028,100,99678,100,101164,100,99453,100,101186,100,99370,100
2019-06-28 10:00:10.000000000,100157,414,100072,414,100171,100,100064,100,100190,100,100054,100,100275,100,100021,100,100424,100,99879,100,100706,100,99850,100,100764,100,99729,100,101028,100,99678,100,101164,100,99453,100,101186,100,99370,100
2019-06-28 10:00:20.000000000,100157,163,100072,163,100171,163,100064,163,100190,163,100054,163,100275,163,100021,163,100424,163,99879,163,100706,100,99850,100,100764,100,99729,100,101028,100,99678,100,101164,100,99453,100,101186,100,99370,100
2019-06-28 10:00:30.000000000,100157,207,100072,207,100171,204,100064,204,100190,204,100054,204,100275,100,100021,100,100424,100,99879,100,100706,100,99850,100,100764,100,99729,100,101028,100,99678,100,101164,100,99453,100,101186,100,99370,100
2019-06-28 10:00:30.567721009,100157,207,100072,207,100171,204,100064,204,100190,204,100054,204,100275,100,100021,100,100424,100,99879,100,100626,100,99850,100,100706,100,99729,100,100764,100,99678,100,101028,100,99453,100,101164,100,99370,100
2019-06-28 10:00:40.000000000,100157,163,100072,163,100171,163,100064,163,100190,163,100054,163,100275,163,100021,163,100424,163,99879,163,100626,100,99850,100,100706,100,99729,100,100764,100,99678,100,101028,100,99453,100,101164,100,99370,100
2019-06-28 10:00:44.702525172,100157,63,100072,163,100171,163,100064,163,100190,163,100054,163,100275,163,100021,163,100424,163,99879,163,100626,100,99850,100,100706,100,99729,100,100764,100,99453,100,101028,100,99370,100,101164,100,99160,100
2019-06-28 10:00:45.188803824,100157,63,100072,163,100171,163,100064,163,100190,163,100054,163,100275,163,100021,163,100424,163,99879,163,100592,100,99850,100,100626,100,99729,100,100706,100,99453,100,100764,100,99370,100,101028,100,99160,100
2019-06-28 10:00:49.723434635,100171,163,100157,37,100190,163,100072,163,100275,163,100064,163,100424,163,100054,163,100592,100,100021,163,100626,100,99879,163,100706,100,99850,100,100764,100,99729,100,101028,100,99453,100,101164,100,99160,100
2019-06-28 10:00:50.000000000,100171,163,100157,100,100190,163,100072,163,100275,163,100064,163,100424,163,100054,163,100592,163,100021,163,100626,100,99879,100,100706,100,99850,100,100764,100,99729,100,101028,100,99453,100,101164,100,99160,100
2019-06-28 10:00:51.513265457,100171,163,100157,200,100190,163,100072,163,100275,163,100064,163,100424,163,100054,63,100592,163,100021,163,100626,100,99879,100,100706,100,99850,100,100764,100,99729,100,101028,100,99453,100,101164,100,99160,100
2019-06-28 10:00:55.457166566,100171,163,100157,200,100190,163,100072,163,100275,163,100064,163,100424,163,100054,63,100592,163,100021,163,100626,100,99879,100,100706,100,99850,100,100764,100,99729,100,100833,100,99453,100,101028,100,99160,100
2019-06-28 10:01:00.000000000,100171,207,100157,244,100190,204,100072,204,100275,204,100064,204,100424,100,100021,100,100592,100,99879,100,100626,100,99850,100,100706,100,99729,100,100764,100,99453,100,100833,100,99160,100,101028,100,98899,100
2019-06-28 10:01:07.851504495,100171,207,100157,344,100190,204,100072,204,100275,204,100064,104,100424,100,100021,100,100592,100,99879,100,100626,100,99850,100,100706,100,99729,100,100764,100,99453,100,100833,100,99160,100,101028,100,98899,100
2019-06-28 10:01:10.000000000,100171,207,100157,344,100190,204,100072,204,100275,204,100021,204,100424,100,99879,100,100592,100,99850,100,100626,100,99729,100,100706,100,99453,100,100764,100,99160,100,100833,100,98899,100,101028,100,,
2019-06-28 10:01:20.000000000,100171,207,100157,344,100190,204,100072,204,100275,204,100021,204,100424,100,99879,100,100592,100,99850,100,100626,100,99729,100,100706,100,99453,100,100764,100,99160,100,100833,100,98899,100,101028,100,,
2019-06-28 10:01:20.249029853,100171,107,100157,344,100190,204,100072,204,100275,204,100021,204,100424,100,99879,100,100592,100,99850,100,100626,100,99729,100,100706,100,99453,100,100764,100,99160,100,100833,100,98899,100,101028,100,,
2019-06-28 10:01:30.000000000,100190,414,100157,551,100275,100,100072,100,100424,100,100021,100,100592,100,99879,100,100626,100,99850,100,100706,100,99729,100,100764,100,99453,100,100833,100,99160,100,101028,100,98899,100,101164,100,,
2019-06-28 10:01:32.273889945,100190,414,100157,551,100275,100,100072,100,100424,100,100021,100,100592,100,99879,100,100610,100,99850,100,100626,100,99729,100,100706,100,99453,100,100764,100,99160,100,100833,100,98899,100,101028,100,,
2019-06-28 10:01:40.000000000,100190,257,100157,394,100275,257,100072,257,100424,100,100021,100,100592,100,99879,100,100610,100,99850,100,100626,100,99729,100,100706,100,99453,100,100764,100,99160,100,100833,100,98899,100,101028,100,,
2019-06-28 10:01:49.489824906,100190,257,100157,394,100275,257,100072,257,100424,100,100021,100,100580,100,99879,100,100592,100,99850,100,100610,100,99729,100,100626,100,99453,100,100706,100,99160,100,100764,100,98899,100,100833,100,,
2019-06-28 10:01:50.000000000,100190,178,100157,315,100275,178,100072,178,100424,178,100021,178,100580,178,99879,178,100592,100,99850,100,100610,100,99729,100,100626,100,99453,100,100706,100,99160,100,100764,100,98899,100,100833,100,,
2019-06-28 10:01:59.026488521,100190,178,100157,315,100275,178,100072,178,100424,178,100021,178,100580,178,99879,178,100592,100,99850,100,100610,100,99729,100,100626,100,99453,100,100706,100,99160,100,100720,100,98899,100,100764,100,,
2019-06-28 10:02:00.000000000,100190,414,100157,551,100275,100,100072,100,100424,100,100021,100,100580,100,99879,100,100592,100,99850,100,100610,100,99729,100,100626,100,99453,100,100706,100,99160,100,100720,100,98899,100,100764,100,,
2019-06-28 10:02:10.000000000,100190,178,100157,315,100275,178,100072,178,100424,178,100021,178,100580,178,99879,178,100592,100,99850,100,100610,100,99729,100,100626,100,99453,100,100706,100,99160,100,100720,100,98899,100,100764,100,,
2019-06-28 10:02:13.322191522,100190,178,100157,315,100275,178,100072,178,100424,178,100021,178,100580,178,99879,178,100592,100,99850,100,100610,100,99729,100,100626,100,99160,100,100706,100,98899,100,100720,100,,,100739,100,,
2019-06-28 10:02:20.000000000,100190,414,100157,551,100275,100,100072,100,100424,100,100021,100,100580,100,99879,100,100592,100,99850,100,100610,100,99729,100,100626,100,99160,100,100706,100,98899,100,100720,100,,,100739,100,,
2019-06-28 10:02:30.000000000,100190,414,100157,551,100275,100,100072,100,100424,100,100021,100,100580,100,99879,100,100592,100,99850,100,100610,100,99729,100,100626,100,99160,100,100706,100,98899,100,100720,100,,,100739,100,,
2019-06-28 10:02:40.000000000,100190,414,100157,551,100275,100,100072,100,100424,100,100021,100,100580,100,99879,100,100592,100,99850,100,100610,100,99729,100,100626,100,99160,100,100706,100,98899,100,100720,100,,,100739,100,,
2019-06-28 10:02:50.000000000,100190,414,100157,551,100275,100,100072,100,100424,100,100021,100,100580,100,99879,100,100592,100,99850,100,100610,100,99729,100,100626,100,99160,100,100706,100,98899,100,100720,100,,,100739,100,,
2019-06-28 10:02:55.795123809,100190,414,100158,100,100275,100,100157,551,100424,100,100072,100,100580,100,100021,100,100592,100,99879,100,100610,100,99850,100,100626,100,99729,100,100706,100,99160,100,100720,100,98899,100,100739,100,,
2019-06-28 10:03:00.000000000,100190,178,100158,178,100275,178,100157,315,100424,178,100072,178,100580,178,100021,178,100592,100,99879,100,100610,100,99850,100,100626,100,99729,100,100706,100,99160,100,100720,100,98899,100,100739,100,,
2019-06-28 10:03:10.000000000,100190,207,100158,207,100275,204,100157,341,100424,204,100072,204,100580,100,100021,100,100592,100,99879,100,100610,100,99850,100,100626,100,99729,100,100706,100,99160,100,100720,100,98899,100,100739,100,,
2019-06-28 10:03:11.431743988,100190,207,100158,207,100275,204,100157,341,100424,204,100072,204,100537,100,100021,100,100580,100,99879,100,100592,100,99850,100,100610,100,99729,100,100626,100,99160,100,100706,100,98899,100,100720,100,,
2019-06-28 10:03:20.000000000,100190,178,100158,178,100275,178,100157,315,100424,178,100072,178,100537,178,100021,178,100580,100,99879,100,100592,100,99850,100,100610,100,99729,100,100626,100,99160,100,100706,100,98899,100,100720,100,,
2019-06-28 10:03:30.000000000,100190,207,100158,207,100275,204,100157,341,100424,204,100072,204,100537,100,100021,100,100580,100,99879,100,100592,100,99850,100,100610,100,99729,100,100626,100,99160,100,100706,100,98899,100,100720,100,,
2019-06-28 10:03:40.000000000,100190,207,100158,207,100275,204,100157,341,100424,204,100072,204,100537,100,100021,100,100580,100,99879,100,100592,100,99850,100,100610,100,99729,100,100626,100,99160,100,100706,100,98899,100,100720,100,,
2019-06-28 10:03:45.191234024,100190,207,100158,207,100275,204,100157,341,100424,204,100072,204,100537,100,100021,100,100580,100,99879,100,100592,100,99850,100,100610,100,99729,100,100626,100,99652,100,100706,100,99160,100,100720,100,98899,100
2019-06-28 10:03:50.000000000,100190,257,100158,257,100275,257,100157,394,100424,100,100072,100,100537,100,100021,100,100580,100,99879,100,100592,100,99850,100,100610,100,99729,100,100626,100,99652,100,100706,100,99160,100,100720,100,98899,100
2019-06-28 10:04:00.000000000,100190,207,100158,207,100275,204,100157,341,100424,204,100072,204,100537,100,100021,100,100580,100,99879,100,100592,100,99850,100,100610,100,99729,100,100626,100,99652,100,100706,100,99160,100,100720,100,98899,100
2019-06-28 10:04:04.453214167,100190,207,100158,107,100275,204,100157,341,100424,204,100072,204,100537,100,100021,100,100580,100,99879,100,100592,100,99850,100,100610,100,99729,100,100626,100,99652,100,100706,100,99160,100,100720,100,98899,100
2019-06-28 10:04:10.000000000,100190,207,100157,344,100275,204,100072,204,100424,204,100021,204,100537,100,99879,100,100580,100,99850,100,100592,100,99729,100,100610,100,99652,100,100626,100,99160,100,100706,100,98899,100,100720,100,,
2019-06-28 10:04:20.000000000,100190,163,100157,300,100275,163,100072,163,100424,163,100021,163,100537,163,99879,163,100580,163,99850,163,100592,100,99729,100,100610,100,99652,100,100626,100,99160,100,100706,100,98899,100,100720,100,,
2019-06-28 10:04:30.000000000,100190,414,100157,551,100275,100,100072,100,100424,100,100021,100,100537,100,99879,100,100580,100,99850,100,100592,100,99729,100,100610,100,99652,100,100626,100,99160,100,100706,100,98899,100,100720,100,,
2019-06-28 10:04:38.643629295,100190,414,100157,451,100275,100,100072,100,100424,100,100021,100,100537,100,99879,100,100580,100,99850,100,100592,100,99729,100,100610,100,99652,100,100626,100,99160,100,100706,100,98899,100,100720,100,,
2019-06-28 10:04:40.000000000,100190,414,100157,451,100275,100,100072,100,100424,100,100021,100,100537,100,99879,100,100580,100,99850,100,100592,100,99729,100,100610,100,99652,100,100626,100,99160,100,100706,100,98899,100,100720,100,,
2019-06-28 10:04:50.000000000,100190,414,100157,451,100275,100,100072,100,100424,100,100021,100,100537,100,99879,100,100580,100,99850,100,100592,100,99729,100,100610,100,99652,100,100626,100,99160,100,100706,100,98899,100,100720,100,,
2019-06-28 10:04:52.191115745,100190,414,100157,451,100275,100,100072,100,100424,100,100021,100,100537,100,99879,100,100580,100,99850,100,100592,100,99773,100,100610,100,99729,100,100626,100,99652,100,100706,100,99160,100,100720,100,98899,100
2019-06-28 10:05:00.000000000,100190,257,100157,294,100275,257,100072,257,100424,100,100021,100,100537,100,99879,100,100580,100,99850,100,100592,100,99773,100,100610,100,99729,100,100626,100,99652,100,100706,100,99160,100,100720,100,98899,100
2019-06-28 10:05:00.537302318,100190,257,100157,294,100275,257,100072,257,100424,100,100021,100,100537,100,99879,100,100580,100,99878,100,100592,100,99850,100,100610,100,99773,100,100626,100,99729,100,100706,100,99652,100,100720,100,99160,100
2019-06-28 10:05:10.000000000,100190,178,100157,215,100275,178,100072,178,100424,178,100021,178,100537,178,99879,178,100580,100,99878,100,100592,100,99850,100,100610,100,99773,100,100626,100,99729,100,100706,100,99652,100,100720,100,99160,100
2019-06-28 10:05:20.000000000,100190,163,100157,200,100275,163,100072,163,100424,163,100021,163,100537,163,99879,163,100580,163,99878,163,100592,100,99850,100,100610,100,99773,100,100626,100,99729,100,100706,100,99652,100,100720,100,99160,100
2019-06-28 10:05:20.788892860,100190,163,100157,200,100275,163,100072,163,100424,163,100021,163,100537,163,99879,163,100580,163,99878,163,100592,100,99850,100,100610,100,99773,100,100626,100,99729,100,100706,100,99652,100,100720,100,99549,100
2019-06-28 10:05:30.000000000,100190,163,100157,200,100275,163,100072,163,100424,163,100021,163,100537,163,99879,163,100580,163,99878,163,100592,100,99850,100,100610,100,99773,100,100626,100,99729,100,100706,100,99652,100,100720,100,99549,100
2019-06-28 10:05:40.000000000,100190,163,100157,200,100275,163,100072,163,100424,163,100021,163,100537,163,99879,163,100580,163,99878,163,100592,100,99850,100,100610,100,99773,100,100626,100,99729,100,100706,100,99652,100,100720,100,99549,100
2019-06-28 10:05:50.000000000,100190,257,100157,294,100275,257,100072,257,100424,100,100021,100,100537,100,99879,100,100580,100,99878,100,100592,100,99850,100,100610,100,99773,100,100626,100,99729,100,100706,100,99652,100,100720,100,99549,100
2019-06-28 10:06:00.000000000,100190,178,100157,215,100275,178,100072,178,100424,178,100021,178,100537,178,99879,178,100580,100,99878,100,100592,100,99850,100,100610,100,99773,100,100626,100,99729,100,100706,100,99652,100,100720,100,99549,100
2019-06-28 10:06:10.000000000,100190,178,100157,215,100275,178,100072,178,100424,178,100021,178,100537,178,99879,178,100580,100,99878,100,100592,100,99850,100,100610,100,99773,100,100626,100,99729,100,100706,100,99652,100,100720,100,99549,100
2019-06-28 10:06:20.000000000,100190,414,100157,451,100275,100,100072,100,100424,100,100021,100,100537,100,99879,100,100580,100,99878,100,100592,100,99850,100,100610,100,99773,100,100626,100,99729,100,100706,100,99652,100,100720,100,99549,100
2019-06-28 10:06:25.283308944,100190,414,100157,451,100275,100,100072,100,100371,100,100021,100,100424,100,99879,100,100580,100,99878,100,100592,100,99850,100,100610,100,99773,100,100626,100,99729,100,100706,100,99652,100,100720,100,99549,100
2019-06-28 10:06:30.000000000,100190,257,100157,294,100275,257,100072,257,100371,100,100021,100,100424,100,99879,100,100580,100,99878,100,100592,100,99850,100,100610,100,99773,100,100626,100,99729,100,100706,100,99652,100,100720,100,99549,100
2019-06-28 10:06:40.000000000,100190,257,100157,294,100275,257,100072,257,100371,100,100021,100,100424,100,99879,100,100580,100,99878,100,100592,100,99850,100,100610,100,99773,100,100626,100,99729,100,100706,100,99652,100,100720,100,99549,100
2019-06-28 10:06:50.000000000,100190,257,100157,294,100275,257,100072,257,100371,100,100021,100,100424,100,99879,100,100580,100,99878,100,100592,100,99850,100,100610,100,99773,100,100626,100,99729,100,100706,100,99652,100,100720,100,99549,100
2019-06-28 10:07:00.000000000,100190,178,100157,215,100275,178,100072,178,100371,178,100021,178,100424,178,99879,178,100580,100,99878,100,100592,100,99850,100,100610,100,99773,100,100626,100,99729,100,100706,100,99652,100,100720,100,99549,100
2019-06-28 10:07:10.000000000,100190,178,100157,215,100275,178,100072,178,100371,178,100021,178,100424,178,99879,178,100580,100,99878,100,100592,100,99850,100,100610,100,99773,100,100626,100,99729,100,100706,100,99652,100,100720,100,99549,100
2019-06-28 10:07:15.318123352,100190,178,100157,215,100275,178,100072,178,100371,178,100021,178,100424,178,99879,178,100580,100,99878,100,100592,100,99850,100,100610,100,99773,100,100626,100,99729,100,100706,100,99652,100,100720,100,99634,100
2019-06-28 10:07:15.761389871,100190,178,100157,215,100275,178,100072,178,100371,78,100021,178,100424,178,99879,178,100580,100,99878,100,100592,100,99850,100,100610,100,99773,100,100626,100,99729,100,100706,100,99726,100,100720,100,99652,100
2019-06-28 10:07:18.206929253,100171,100,100157,215,100190,178,100072,178,100275,178,100021,178,100371,78,99879,178,100424,178,99878,100,100580,100,99850,100,100592,100,99773,100,100610,100,99729,100,100626,100,99726,100,100706,100,99652,100
