,ask_price_1,ask_size_1,bid_price_1,bid_size_1,ask_price_2,ask_size_2,bid_price_2,bid_size_2,ask_price_3,ask_size_3,bid_price_3,bid_size_3,ask_price_4,ask_size_4,bid_price_4,bid_size_4,ask_price_5,ask_size_5,bid_price_5,bid_size_5,ask_price_6,ask_size_6,bid_price_6,bid_size_6,ask_price_7,ask_size_7,bid_price_7,bid_size_7,ask_price_8,ask_size_8,bid_price_8,bid_size_8,ask_price_9,ask_size_9,bid_price_9,bid_size_9,ask_price_10,ask_size_10,bid_price_10,bid_size_10
2019-06-28 09:30:00.000000002,100103,100,,,,,,,,,,,,,,,,,,,,,,,,,,,,,,,,,,,,,,
2019-06-28 09:30:00.000000004,100057,100,,,100103,100,,,,,,,,,,,,,,,,,,,,,,,,,,,,,,,,,,
2019-06-28 09:30:00.000000005,100057,100,100010,100,100086,100,99950,100,100103,100,,,,,,,,,,,,,,,,,,,,,,,,,,,,,,
2019-06-28 09:30:00.000000006,100057,100,100010,100,100086,100,99950,100,100103,100,,,100105,100,,,100196,100,,,,,,,,,,,,,,,,,,,,,,
2019-06-28 09:30:00.000000008,100057,100,100010,100,100070,100,99950,100,100086,100,,,100103,100,,,100105,100,,,100196,100,,,,,,,,,,,,,,,,,,
2019-06-28 09:30:00.000000009,100057,100,100010,100,100070,100,100006,100,100086,100,99950,100,100103,100,,,100105,100,,,100196,100,,,,,,,,,,,,,,,,,,
2019-06-28 09:30:00.000000010,100057,100,100010,100,100070,100,100006,100,100086,100,99950,100,100088,100,,,100103,100,,,100105,100,,,100196,100,,,,,,,,,,,,,,
2019-06-28 09:30:00.000000011,100057,100,100006,100,100067,100,99950,100,100070,100,,,100086,100,,,100088,100,,,100103,100,,,100105,100,,,100196,100,,,,,,,,,,
2019-06-28 09:30:00.000000012,100057,100,100017,100,100067,100,100006,100,100070,100,99950,100,100086,100,,,100088,100,,,100103,100,,,100105,100,,,100196,100,,,,,,,,,,
2019-06-28 09:30:00.000000013,100057,100,100038,100,100067,100,100017,100,100070,100,100006,100,100086,100,99950,100,100088,100,,,100103,100,,,100105,100,,,100196,100,,,,,,,,,,
2019-06-28 09:30:00.000000015,100057,100,100038,100,100062,100,100017,100,100067,100,100006,100,100070,100,99950,100,100086,100,,,100088,100,,,100103,100,,,100105,100,,,100196,100,,,,,,
2019-06-28 09:30:00.000000018,100057,100,100038,100,100062,100,100017,100,100067,100,100006,100,100070,100,99950,100,100086,100,,,100088,100,,,100103,100,,,100105,100,,,100123,100,,,100196,100,,
2019-06-28 09:30:00.000000021,100057,100,100038,100,100062,100,100017,100,100067,100,100006,100,100070,100,99950,100,100086,100,99929,100,100088,100,,,100103,100,,,100105,100,,,100123,100,,,100196,100,,
2019-06-28 09:30:00.000000022,100057,100,100038,100,100062,100,100017,100,100067,100,100006,100,100070,100,99985,100,100086,100,99963,100,100088,100,99950,100,100103,100,99929,100,100105,100,99883,100,100123,100,,,100134,100,,
2019-06-28 09:30:00.000000023,100057,100,100038,100,100062,100,100017,100,100067,100,100006,100,100070,100,99985,100,100086,100,99963,100,100088,100,99950,100,100103,100,99944,100,100105,100,99929,100,100123,100,99883,100,100134,100,,
2019-06-28 09:30:00.000000024,100057,100,100038,100,100062,100,100017,100,100067,100,100006,100,100070,100,99985,100,100086,100,99963,100,100088,100,99950,100,100103,100,99944,100,100105,100,99929,100,100123,100,99883,100,100134,100,99852,100
2019-06-28 09:30:00.000000026,100057,100,100038,100,100062,100,100017,100,100067,100,100006,100,100070,100,99985,100,100086,100,99963,100,100088,100,99950,100,100096,100,99944,100,100103,100,99929,100,100105,100,99883,100,100123,100,99852,100
2019-06-28 09:30:00.000000028,100057,100,100038,100,100062,100,100017,100,100067,100,100006,100,100070,100,99985,100,100086,100,99963,100,100088,100,99950,100,100096,100,99944,100,100103,100,99929,100,100105,100,99883,100,100123,100,99852,100
2019-06-28 09:30:00.000000036,100057,100,100038,100,100062,100,100017,100,100067,100,100006,100,100068,100,99985,100,100070,100,99963,100,100086,100,99950,100,100088,100,99944,100,100096,100,99929,100,100103,100,99883,100,100105,100,99852,100
2019-06-28 09:30:00.000000038,100057,100,100017,100,100062,100,100006,100,100067,100,99985,100,100068,100,99963,100,100070,100,99950,100,100086,100,99944,100,100088,100,99929,100,100096,100,99883,100,100103,100,99852,100,100105,100,,
2019-06-28 09:30:00.000000042,100057,100,100017,100,100062,100,100006,100,100067,100,99985,100,100068,100,99963,100,100070,100,99950,100,100086,100,99944,100,100088,100,99929,100,100096,100,99883,100,100103,100,99852,100,100105,100,99841,100
2019-06-28 09:30:00.000000043,100057,100,100006,100,100062,100,99985,100,100067,100,99963,100,100068,100,99950,100,100070,100,99944,100,100086,100,99929,100,100088,100,99883,100,100096,100,99852,100,100103,100,99841,100,100105,100,,
2019-06-28 09:30:00.000000045,100062,100,100006,100,100067,100,99985,100,100068,100,99963,100,100070,100,99950,100,100086,100,99944,100,100088,100,99929,100,100096,100,99883,100,100103,100,99852,100,100105,100,99841,100,100123,100,,
2019-06-28 09:30:00.000000046,100062,100,100017,100,100067,100,100006,100,100068,100,99985,100,100070,100,99963,100,100086,100,99950,100,100088,100,99944,100,100096,100,99929,100,100103,100,99883,100,100105,100,99852,100,100123,100,99841,100
2019-06-28 09:30:00.000000049,100062,100,100018,100,100067,100,100017,100,100068,100,100006,100,100070,100,99985,100,100086,100,99963,100,100088,100,99950,100,100096,100,99944,100,100103,100,99929,100,100105,100,99883,100,100123,100,99852,100
2019-06-28 09:30:00.000000052,100062,100,100017,100,100067,100,100006,100,100068,100,100000,100,100070,100,99985,100,100086,100,99963,100,100088,100,99950,100,100096,100,99944,100,100103,100,99929,100,100105,100,99883,100,100123,100,99852,100
2019-06-28 09:30:00.000000054,100057,100,100017,100,100062,100,100006,100,100067,100,100000,100,100068,100,99985,100,100070,100,99963,100,100086,100,99950,100,100088,100,99944,100,100096,100,99929,100,100103,100,99883,100,100105,100,99852,100
2019-06-28 09:30:00.000000058,100057,200,100037,100,100062,200,100017,100,100067,100,100006,100,100068,100,100000,100,100070,100,99985,100,100086,100,99963,100,100088,100,99950,100,100096,100,99944,100,100103,100,99929,100,100105,100,99883,100
2019-06-28 09:30:00.000000062,100057,200,100037,100,100062,200,100017,100,100067,100,100006,100,100068,100,100000,100,100070,100,99985,100,100085,100,99963,100,100086,100,99950,100,100088,100,99944,100,100096,100,99929,100,100103,100,99883,100
2019-06-28 09:30:00.000000064,100057,200,100037,100,100062,200,100017,100,100067,100,100006,100,100068,100,100000,100,100070,100,99985,100,100085,100,99963,100,100086,100,99950,100,100088,100,99944,100,100096,100,99929,100,100103,100,99883,100
2019-06-28 09:30:00.000000065,100057,300,100037,100,100062,200,100017,100,100067,100,100006,100,100068,100,100000,100,100070,100,99985,100,100085,100,99963,100,100086,100,99950,100,100088,100,99944,100,100096,100,99929,100,100103,100,99883,100
2019-06-28 09:30:00.000000068,100057,300,100037,100,100062,200,100017,100,100067,100,100006,100,100068,100,100000,100,100070,100,99985,100,100085,100,99963,100,100086,100,99950,100,100088,100,99944,100,100096,100,99929,100,100103,100,99883,100
2019-06-28 09:30:00.000000070,100057,200,100037,100,100062,200,100017,100,100067,100,100006,100,100068,100,100000,100,100070,100,99985,100,100085,100,99963,100,100086,100,99950,100,100088,100,99944,100,100096,100,99929,100,100103,100,99883,100
2019-06-28 09:30:00.000000073,100057,200,100037,100,100062,200,100018,100,100067,100,100017,100,100068,100,100006,100,100070,100,100000,100,100085,100,99985,100,100086,100,99963,100,100088,100,99950,100,100096,100,99944,100,100103,100,99929,100
2019-06-28 09:30:00.000000077,100057,200,100037,100,100062,200,100018,100,100065,100,100017,100,100067,100,100006,100,100068,100,100000,100,100070,100,99985,100,100085,100,99963,100,100086,100,99950,100,100088,100,99944,100,100096,100,99929,100
2019-06-28 09:30:00.000000083,100057,200,100037,100,100062,200,100018,100,100065,100,100017,100,100067,100,100006,100,100068,100,100000,100,100070,100,99985,100,100085,100,99963,100,100086,100,99950,100,100088,100,99944,100,100096,100,99930,100
2019-06-28 09:30:00.000000084,100057,200,100018,100,100062,200,100017,100,100065,100,100006,100,100067,100,100000,100,100068,100,99985,100,100070,100,99963,100,100085,100,99950,100,100086,100,99944,100,100088,100,99930,100,100096,100,99929,100
2019-06-28 09:30:00.000000085,100057,200,100018,100,100062,200,100017,100,100065,100,100006,100,100067,100,100000,100,100068,100,99985,100,100070,100,99970,100,100085,100,99963,100,100086,100,99950,100,100088,100,99944,100,100096,100,99930,100
2019-06-28 09:30:00.000000087,100022,100,100018,100,100057,200,100017,100,100062,200,100006,100,100065,100,100000,100,100067,100,99985,100,100068,100,99970,100,100070,100,99963,100,100085,100,99950,100,100086,100,99944,100,100088,100,99930,100
2019-06-28 09:30:00.000000093,100056,100,100018,100,100057,200,100017,100,100062,200,100006,100,100065,100,100000,100,100067,100,99985,100,100068,100,99970,100,100070,100,99963,100,100085,100,99950,100,100086,100,99944,100,100088,100,99930,100
2019-06-28 09:30:00.000000094,100056,100,100018,100,100057,200,100017,100,100062,200,100006,100,100065,100,100000,100,100067,100,99985,100,100068,100,99970,100,100070,100,99963,100,100085,100,99950,100,100086,100,99944,100,100088,100,99930,100
2019-06-28 09:30:00.000000095,100056,100,100018,100,100057,200,100017,100,100062,200,100006,100,100065,100,100000,100,100067,100,99985,100,100068,100,99970,100,100070,100,99963,100,100085,100,99950,100,100086,100,99944,100,100088,100,99930,100
2019-06-28 09:30:00.000000097,100056,100,100022,100,100057,200,100018,100,100062,200,100017,100,100065,100,100006,100,100067,100,100000,100,100068,100,99985,100,100070,100,99970,100,100085,100,99963,100,100086,100,99950,100,100088,100,99944,100
2019-06-28 09:30:00.000000098,100037,100,100022,100,100056,100,100018,100,100057,200,100017,100,100062,200,100006,100,100065,100,100000,100,100067,100,99985,100,100068,100,99970,100,100070,100,99963,100,100085,100,99950,100,100086,100,99944,100
2019-06-28 09:30:00.000000099,100037,100,100018,100,100056,100,100017,100,100057,200,100006,100,100062,200,100000,100,100065,100,99985,100,100067,100,99970,100,100068,100,99963,100,100070,100,99950,100,100085,100,99944,100,100086,100,99930,100
2019-06-28 09:30:10.000000000,100037,172,100018,172,100056,172,100017,172,100057,272,100006,172,100062,272,100000,172,100065,172,99985,172,100067,100,99970,100,100068,100,99963,100,100070,100,99950,100,100085,100,99944,100,100086,100,99930,100
2019-06-28 09:30:17.232014119,100031,100,100018,172,100037,172,100017,172,100056,172,100006,172,100057,272,100000,172,100062,272,99985,172,100065,172,99970,100,100067,100,99963,100,100068,100,99950,100,100070,100,99930,100,100085,100,99929,100
2019-06-28 09:30:20.000000000,100031,280,100018,280,100037,280,100017,280,100056,100,100006,100,100057,200,100000,100,100062,200,99985,100,100065,100,99970,100,100067,100,99963,100,100068,100,99950,100,100070,100,99930,100,100085,100,99929,100
2019-06-28 09:30:30.000000000,100031,280,100018,280,100037,280,100017,280,100056,100,100006,100,100057,200,100000,100,100062,200,99985,100,100065,100,99970,100,100067,100,99963,100,100068,100,99950,100,100070,100,99930,100,100085,100,99929,100
2019-06-28 09:30:31.397136779,100031,280,100022,100,100037,280,100018,280,100056,100,100017,280,100057,200,100006,100,100062,200,100000,100,100065,100,99985,100,100067,100,99970,100,100068,100,99963,100,100070,100,99950,100,100085,100,99930,100
2019-06-28 09:30:39.188606878,100031,180,100022,100,100037,280,100018,280,100056,100,100017,280,100057,200,100006,100,100062,200,100000,100,100065,100,99985,100,100067,100,99970,100,100068,100,99963,100,100070,100,99950,100,100085,100,99930,100
2019-06-28 09:30:40.000000000,100037,190,100022,190,100056,190,100018,190,100057,290,100017,190,100062,290,100006,190,100065,100,100000,100,100067,100,99985,100,100068,100,99970,100,100070,100,99963,100,100085,100,99950,100,100086,100,99930,100
2019-06-28 09:30:45.590263352,100037,190,100022,190,100056,190,100018,190,100057,290,100017,190,100062,290,100006,190,100065,100,100000,100,100067,100,99985,100,100068,100,99970,100,100070,100,99963,100,100085,100,99950,100,100086,100,99930,100
2019-06-28 09:30:47.039632261,100037,190,100023,100,100056,190,100022,190,100057,190,100018,190,100062,290,100017,190,100065,100,100006,190,100067,100,100000,100,100068,100,99985,100,100070,100,99970,100,100085,100,99963,100,100086,100,99950,100
2019-06-28 09:30:50.000000000,100037,460,100023,460,100056,100,100022,100,100057,100,100018,100,100062,200,100017,100,100065,100,100006,100,100067,100,100000,100,100068,100,99985,100,100070,100,99970,100,100085,100,99963,100,100086,100,99950,100
2019-06-28 09:30:52.441984876,100037,460,100023,560,100056,100,100022,100,100057,100,100018,100,100062,200,100017,100,100065,100,100006,100,100067,100,100000,100,100068,100,99985,100,100070,100,99970,100,100085,100,99963,100,100086,100,99950,100
2019-06-28 09:30:53.354434467,100037,460,100023,560,100056,100,100022,100,100057,100,100018,100,100062,200,100017,100,100065,100,100006,100,100067,100,100000,100,100068,100,99985,100,100070,100,99970,100,100085,100,99963,100,100086,100,99950,100
2019-06-28 09:31:00.000000000,100037,172,100023,272,100056,172,100022,172,100057,172,100018,172,100062,272,100017,172,100065,172,100006,172,100067,100,100000,100,100068,100,99985,100,100070,100,99970,100,100085,100,99963,100,100086,100,99950,100
2019-06-28 09:31:05.402663899,100037,172,100023,272,100056,172,100022,172,100057,172,100018,172,100062,272,100017,172,100065,172,100006,172,100067,100,100000,100,100068,100,99985,100,100070,100,99970,100,100085,100,99963,100,100086,100,99950,100
2019-06-28 09:31:10.000000000,100037,222,100023,322,100056,219,100022,219,100057,219,100018,219,100062,200,100017,100,100065,100,100006,100,100067,100,100000,100,100068,100,99985,100,100070,100,99970,100,100085,100,99963,100,100086,100,99950,100
2019-06-28 09:31:10.010250132,100037,222,100023,322,100056,219,100022,219,100057,219,100018,219,100062,200,100017,100,100065,100,100006,100,100067,100,100000,100,100068,100,99985,100,100070,100,99970,100,100085,100,99963,100,100086,100,99950,100
2019-06-28 09:31:20.000000000,100037,172,100023,272,100056,172,100022,172,100057,172,100018,172,100062,272,100017,172,100065,172,100006,172,100067,100,100000,100,100068,100,99985,100,100070,100,99970,100,100085,100,99963,100,100086,100,99950,100
2019-06-28 09:31:20.486622662,100037,172,100023,272,100056,172,100022,172,100057,172,100018,172,100062,272,100017,172,100065,172,100006,172,100067,100,100000,100,100068,100,99985,100,100070,100,99970,100,100085,100,99963,100,100086,100,99950,100
2019-06-28 09:31:23.838606881,100037,172,100023,272,100056,172,100022,172,100057,172,100018,172,100062,272,100017,172,100063,100,100006,172,100065,172,100000,100,100067,100,99985,100,100068,100,99970,100,100070,100,99963,100,100085,100,99950,100
2019-06-28 09:31:30.000000000,100037,460,100023,560,100056,100,100022,100,100057,100,100018,100,100062,200,100017,100,100063,100,100006,100,100065,100,100000,100,100067,100,99985,100,100068,100,99970,100,100070,100,99963,100,100085,100,99950,100
2019-06-28 09:31:35.308334753,100037,460,100023,560,100056,100,100022,100,100057,100,100018,100,100062,100,100017,100,100063,100,100006,100,100065,100,100000,100,100067,100,99985,100,100068,100,99970,100,100070,100,99963,100,100085,100,99950,100
2019-06-28 09:31:40.000000000,100037,280,100023,380,100056,280,100022,280,100057,100,100018,100,100062,100,100017,100,100063,100,100006,100,100065,100,100000,100,100067,100,99985,100,100068,100,99970,100,100070,100,99963,100,100085,100,99950,100
2019-06-28 09:31:42.992832687,100037,180,100023,380,100056,280,100022,280,100057,100,100018,100,100062,100,100017,100,100063,100,100006,100,100065,100,100000,100,100067,100,99985,100,100068,100,99970,100,100070,100,99963,100,100085,100,99950,100
2019-06-28 09:31:50.000000000,100056,172,100023,272,100057,172,100022,172,100062,172,100018,172,100063,172,100017,172,100065,172,100006,172,100067,100,100000,100,100068,100,99985,100,100070,100,99970,100,100085,100,99963,100,100086,100,99950,100
2019-06-28 09:32:00.000000000,100056,172,100023,272,100057,172,100022,172,100062,172,100018,172,100063,172,100017,172,100065,172,100006,172,100067,100,100000,100,100068,100,99985,100,100070,100,99970,100,100085,100,99963,100,100086,100,99950,100
2019-06-28 09:32:02.567050262,100056,172,100023,272,100057,172,100022,172,100062,172,100018,172,100063,172,100017,172,100065,172,100006,172,100067,100,100000,100,100068,100,99985,100,100070,100,99970,100,100085,100,99963,100,100086,100,99950,100
2019-06-28 09:32:06.554787031,100056,172,100023,272,100057,172,100022,172,100062,172,100018,172,100063,172,100017,172,100065,172,100006,172,100067,100,100000,100,100068,100,99985,100,100070,100,99970,100,100085,100,99963,100,100086,100,99950,100
2019-06-28 09:32:09.968473685,100056,72,100023,272,100057,172,100022,172,100062,172,100018,172,100063,172,100017,172,100065,172,100006,72,100067,100,100000,100,100068,100,99985,100,100070,100,99970,100,100085,100,99963,100,100086,100,99950,100
2019-06-28 09:32:10.000000000,100057,222,100023,322,100062,219,100022,219,100063,219,100018,219,100065,100,100017,100,100067,100,100000,100,100068,100,99985,100,100070,100,99970,100,100085,100,99963,100,100086,100,99950,100,100088,100,99930,100
2019-06-28 09:32:20.000000000,100057,460,100023,560,100062,100,100022,100,100063,100,100018,100,100065,100,100017,100,100067,100,100000,100,100068,100,99985,100,100070,100,99970,100,100085,100,99963,100,100086,100,99950,100,100088,100,99930,100
2019-06-28 09:32:27.183432377,100057,460,100023,460,100062,100,100022,100,100063,100,100018,100,100065,100,100017,100,100067,100,100000,100,100068,100,99985,100,100070,100,99970,100,100085,100,99963,100,100086,100,99950,100,100088,100,99930,100
2019-06-28 09:32:28.888842200,100057,460,100037,100,100062,100,100023,460,100063,100,100022,100,100065,100,100018,100,100067,100,100017,100,100068,100,100000,100,100070,100,99985,100,100085,100,99970,100,100086,100,99963,100,100088,100,99950,100
2019-06-28 09:32:30.000000000,100057,190,100037,190,100062,190,100023,190,100063,190,100022,190,100065,190,100018,190,100067,100,100017,100,100068,100,100000,100,100070,100,99985,100,100085,100,99970,100,100086,100,99963,100,100088,100,99950,100
2019-06-28 09:32:40.000000000,100057,172,100037,172,100062,172,100023,172,100063,172,100022,172,100065,172,100018,172,100067,172,100017,172,100068,100,100000,100,100070,100,99985,100,100085,100,99970,100,100086,100,99963,100,100088,100,99950,100
2019-06-28 09:32:50.000000000,100057,172,100037,172,100062,172,100023,172,100063,172,100022,172,100065,172,100018,172,100067,172,100017,172,100068,100,100000,100,100070,100,99985,100,100085,100,99970,100,100086,100,99963,100,100088,100,99950,100
2019-06-28 09:33:00.000000000,100057,172,100037,172,100062,172,100023,172,100063,172,100022,172,100065,172,100018,172,100067,172,100017,172,100068,100,100000,100,100070,100,99985,100,100085,100,99970,100,100086,100,99963,100,100088,100,99950,100
2019-06-28 09:33:08.260723492,100057,172,100037,172,100062,172,100023,172,100063,172,100022,172,100065,172,100018,172,100067,172,100017,172,100068,100,100000,100,100070,100,99985,100,100085,100,99970,100,100086,100,99963,100,100088,100,99950,100
2019-06-28 09:33:10.000000000,100057,460,100037,460,100062,100,100023,100,100063,100,100022,100,100065,100,100018,100,100067,100,100017,100,100068,100,100000,100,100070,100,99985,100,100085,100,99970,100,100086,100,99963,100,100088,100,99950,100
2019-06-28 09:33:12.900224200,100057,460,100037,560,100062,100,100023,100,100063,100,100022,100,100065,100,100018,100,100067,100,100017,100,100068,100,100000,100,100070,100,99985,100,100085,100,99970,100,100086,100,99963,100,100088,100,99950,100
2019-06-28 09:33:20.000000000,100057,460,100037,560,100062,100,100023,100,100063,100,100022,100,100065,100,100018,100,100067,100,100017,100,100068,100,100000,100,100070,100,99985,100,100085,100,99970,100,100086,100,99963,100,100088,100,99950,100
2019-06-28 09:33:30.000000000,100057,172,100037,272,100062,172,100023,172,100063,172,100022,172,100065,172,100018,172,100067,172,100017,172,100068,100,100000,100,100070,100,99985,100,100085,100,99970,100,100086,100,99963,100,100088,100,99950,100
2019-06-28 09:33:35.623589894,100057,172,100037,272,100062,172,100023,172,100063,172,100022,172,100065,172,100018,172,100067,172,100017,172,100068,100,100000,100,100070,100,99985,100,100085,100,99970,100,100086,100,99963,100,100088,100,99950,100
2019-06-28 09:33:40.000000000,100057,172,100037,272,100062,172,100023,172,100063,172,100022,172,100065,172,100018,172,100067,172,100017,172,100068,100,100000,100,100070,100,99985,100,100085,100,99970,100,100086,100,99963,100,100088,100,99950,100
2019-06-28 09:33:45.020362391,100057,172,100037,272,100062,172,100023,172,100063,172,100022,172,100065,172,100018,172,100067,172,100017,172,100068,100,100000,100,100070,100,99985,100,100086,100,99970,100,100088,100,99963,100,100103,100,99950,100
2019-06-28 09:33:50.000000000,100057,280,100037,380,100062,280,100023,280,100063,100,100022,100,100065,100,100018,100,100067,100,100017,100,100068,100,100000,100,100070,100,99985,100,100086,100,99970,100,100088,100,99963,100,100103,100,99950,100
2019-06-28 09:34:00.000000000,100057,222,100037,322,100062,219,100023,219,100063,219,100022,219,100065,100,100018,100,100067,100,100017,100,100068,100,100000,100,100070,100,99985,100,100086,100,99970,100,100088,100,99963,100,100103,100,99950,100
2019-06-28 09:34:10.000000000,100057,280,100037,380,100062,280,100023,280,100063,100,100022,100,100065,100,100018,100,100067,100,100017,100,100068,100,100000,100,100070,100,99985,100,100086,100,99970,100,100088,100,99963,100,100103,100,99950,100
2019-06-28 09:34:20.000000000,100057,222,100037,322,100062,219,100023,219,100063,219,100022,219,100065,100,100018,100,100067,100,100017,100,100068,100,100000,100,100070,100,99985,100,100086,100,99970,100,100088,100,99963,100,100103,100,99950,100
2019-06-28 09:34:30.000000000,100057,172,100037,272,100062,172,100023,172,100063,172,100022,172,100065,172,100018,172,100067,172,100017,172,100068,100,100000,100,100070,100,99985,100,100086,100,99970,100,100088,100,99963,100,100103,100,99950,100
2019-06-28 09:34:40.000000000,100057,460,100037,560,100062,100,100023,100,100063,100,100022,100,100065,100,100018,100,100067,100,100017,100,100068,100,100000,100,100070,100,99985,100,100086,100,99970,100,100088,100,99963,100,100103,100,99950,100
2019-06-28 09:34:41.372223487,100057,460,100037,560,100062,100,100023,100,100065,100,100022,100,100067,100,100018,100,100068,100,100017,100,100070,100,100000,100,100086,100,99985,100,100088,100,99970,100,100103,100,99963,100,100105,100,99950,100
2019-06-28 09:34:50.000000000,100057,460,100037,560,100062,100,100023,100,100065,100,100022,100,100067,100,100018,100,100068,100,100017,100,100070,100,100000,100,100086,100,99985,100,100088,100,99970,100,100103,100,99963,100,100105,100,99950,100
2019-06-28 09:35:00.000000000,100057,280,100037,380,100062,280,100023,280,100065,100,100022,100,100067,100,100018,100,100068,100,100017,100,100070,100,100000,100,100086,100,99985,100,100088,100,99970,100,100103,100,99963,100,100105,100,99950,100
2019-06-28 09:35:10.000000000,100057,280,100037,380,100062,280,100023,280,100065,100,100022,100,100067,100,100018,100,100068,100,100017,100,100070,100,100000,100,100086,100,99985,100,100088,100,99970,100,100103,100,99963,100,100105,100,99950,100
2019-06-28 09:35:10.700877697,100057,280,100037,280,100062,280,100023,280,100065,100,100022,100,100067,100,100018,100,100068,100,100017,100,100070,100,100000,100,100086,100,99985,100,100088,100,99970,100,100103,100,99963,100,100105,100,99950,100
2019-06-28 09:35:13.653810676,100057,280,100037,280,100062,280,100023,280,100065,100,100022,100,100067,100,100018,100,100068,100,100017,100,100070,100,100000,100,100086,100,99985,100,100088,100,99970,100,100103,100,99950,100,100105,100,99930,100
2019-06-28 09:35:20.000000000,100057,460,100037,460,100062,100,100023,100,100065,100,100022,100,100067,100,100018,100,100068,100,100017,100,100070,100,100000,100,100086,100,99985,100,100088,100,99970,100,100103,100,99950,100,100105,100,99930,100
2019-06-28 09:35:30.000000000,100057,280,100037,280,100062,280,100023,280,100065,100,100022,100,100067,100,100018,100,100068,100,100017,100,100070,100,100000,100,100086,100,99985,100,100088,100,99970,100,100103,100,99950,100,100105,100,99930,100
2019-06-28 09:35:40.000000000,100057,172,100037,172,100062,172,100023,172,100065,172,100022,172,100067,172,100018,172,100068,172,100017,172,100070,100,100000,100,100086,100,99985,100,100088,100,99970,100,100103,100,99950,100,100105,100,99930,100
2019-06-28 09:35:49.349637597,100057,172,100037,272,100062,172,100023,172,100065,172,100022,172,100067,172,100018,172,100068,172,100017,172,100070,100,100000,100,100086,100,99985,100,100088,100,99970,100,100103,100,99950,100,100105,100,99930,100
2019-06-28 09:35:50.000000000,100057,460,100037,560,100062,100,100023,100,100065,100,100022,100,100067,100,100018,100,100068,100,100017,100,100070,100,100000,100,100086,100,99985,100,100088,100,99970,100,100103,100,99950,100,100105,100,99930,100
2019-06-28 09:36:00.000000000,100057,190,100037,290,100062,190,100023,190,100065,190,100022,190,100067,190,100018,190,100068,100,100017,100,100070,100,100000,100,100086,100,99985,100,100088,100,99970,100,100103,100,99950,100,100105,100,99930,100
2019-06-28 09:36:08.282251058,100057,190,100037,90,100062,190,100023,190,100065,190,100022,190,100067,190,100018,190,100068,100,100017,100,100070,100,100000,100,100086,100,99985,100,100088,100,99970,100,100103,100,99950,100,100105,100,99930,100
2019-06-28 09:36:10.000000000,100057,172,100023,172,100062,172,100022,172,100065,172,100018,172,100067,172,100017,172,100068,172,100000,172,100070,100,99985,100,100086,100,99970,100,100088,100,99950,100,100103,100,99930,100,100105,100,99929,100
2019-06-28 09:36:19.950401141,100057,172,100023,172,100062,172,100022,172,100065,172,100018,172,100067,172,100017,172,100068,172,100000,172,100070,100,99985,100,100086,100,99970,100,100088,100,99950,100,100103,100,99930,100,100105,100,99929,100
2019-06-28 09:36:20.000000000,100057,222,100023,222,100062,219,100022,219,100065,219,100018,219,100067,100,100017,100,100068,100,100000,100,100070,100,99985,100,100086,100,99970,100,100088,100,99950,100,100103,100,99930,100,100105,100,99929,100
2019-06-28 09:36:23.625563117,100057,222,100023,222,100062,219,100022,219,100065,219,100018,219,100067,100,100017,100,100068,100,100000,100,100070,100,99985,100,100086,100,99970,100,100088,100,99950,100,100103,100,99930,100,100105,100,99929,100
2019-06-28 09:36:30.000000000,100057,172,100023,172,100062,172,100022,172,100065,172,100018,172,100067,172,100017,172,100068,172,100000,172,100070,100,99985,100,100086,100,99970,100,100088,100,99950,100,100103,100,99930,100,100105,100,99929,100
2019-06-28 09:36:30.332644044,100057,172,100023,172,100062,172,100022,172,100065,172,100018,172,100067,172,100017,172,100068,172,100000,172,100070,100,99985,100,100086,100,99970,100,100088,100,99950,100,100103,100,99930,100,100105,100,99929,100
2019-06-28 09:36:40.000000000,100057,460,100023,460,100062,100,100022,100,100065,100,100018,100,100067,100,100017,100,100068,100,100000,100,100070,100,99985,100,100086,100,99970,100,100088,100,99950,100,100103,100,99930,100,100105,100,99929,100
2019-06-28 09:36:50.000000000,100057,222,100023,222,100062,219,100022,219,100065,219,100018,219,100067,100,100017,100,100068,100,100000,100,100070,100,99985,100,100086,100,99970,100,100088,100,99950,100,100103,100,99930,100,100105,100,99929,100
2019-06-28 09:36:57.673205432,100057,222,100023,222,100062,219,100022,219,100065,219,100018,219,100067,100,100017,100,100068,100,100000,100,100070,100,99985,100,100086,100,99970,100,100088,100,99950,100,100103,100,99930,100,100105,100,99929,100
2019-06-28 09:37:00.000000000,100057,172,100023,172,100062,172,100022,172,100065,172,100018,172,100067,172,100017,172,100068,172,100000,172,100070,100,99985,100,100086,100,99970,100,100088,100,99950,100,100103,100,99930,100,100105,100,99929,100
2019-06-28 09:37:10.000000000,100057,172,100023,172,100062,172,100022,172,100065,172,100018,172,100067,172,100017,172,100068,172,100000,172,100070,100,99985,100,100086,100,99970,100,100088,100,99950,100,100103,100,99930,100,100105,100,99929,100
2019-06-28 09:37:20.000000000,100057,460,100023,460,100062,100,100022,100,100065,100,100018,100,100067,100,100017,100,100068,100,100000,100,100070,100,99985,100,100086,100,99970,100,100088,100,99950,100,100103,100,99930,100,100105,100,99929,100
2019-06-28 09:37:28.214538206,100057,460,100023,460,100062,100,100022,100,100065,100,100018,100,100067,100,100017,100,100068,100,100000,100,100070,100,99985,100,100086,100,99950,100,100088,100,99939,100,100103,100,99930,100,100105,100,99929,100
2019-06-28 09:37:30.000000000,100057,222,100023,222,100062,219,100022,219,100065,219,100018,219,100067,100,100017,100,100068,100,100000,100,100070,100,99985,100,100086,100,99950,100,100088,100,99939,100,100103,100,99930,100,100105,100,99929,100
2019-06-28 09:37:30.822894459,100057,222,100023,222,100062,219,100022,219,100065,219,100018,219,100067,100,100017,100,100068,100,100000,100,100070,100,99985,100,100086,100,99950,100,100088,100,99939,100,100103,100,99930,100,100105,100,99929,100
2019-06-28 09:37:40.000000000,100057,222,100023,222,100062,219,100022,219,100065,219,100018,219,100067,100,100017,100,100068,100,100000,100,100070,100,99985,100,100086,100,99950,100,100088,100,99939,100,100103,100,99930,100,100105,100,99929,100
2019-06-28 09:37:50.000000000,100057,190,100023,190,100062,190,100022,190,100065,190,100018,190,100067,190,100017,190,100068,100,100000,100,100070,100,99985,100,100086,100,99950,100,100088,100,99939,100,100103,100,99930,100,100105,100,99929,100
2019-06-28 09:37:53.594395657,100057,190,100023,190,100062,190,100022,190,100065,190,100018,190,100067,190,100017,190,100068,100,100000,100,100070,100,99985,100,100086,100,99950,100,100088,100,99939,100,100105,100,99930,100,100108,100,99929,100
2019-06-28 09:38:00.000000000,100057,190,100023,190,100062,190,100022,190,100065,190,100018,190,100067,190,100017,190,100068,100,100000,100,100070,100,99985,100,100086,100,99950,100,100088,100,99939,100,100105,100,99930,100,100108,100,99929,100
2019-06-28 09:38:01.455307475,100057,190,100023,90,100062,190,100022,190,100065,190,100018,190,100067,190,100017,190,100068,100,100000,100,100070,100,99985,100,100086,100,99950,100,100088,100,99939,100,100105,100,99930,100,100108,100,99929,100
2019-06-28 09:38:05.849706029,100057,190,100023,90,100062,190,100022,190,100065,190,100018,190,100067,190,100017,190,100068,100,100000,100,100070,100,99985,100,100086,100,99950,100,100088,100,99939,100,100105,100,99930,100,100108,100,99929,100
2019-06-28 09:38:10.000000000,100057,172,100022,172,100062,172,100018,172,100065,172,100017,172,100067,172,100000,172,100068,172,99985,172,100070,100,99950,100,100086,100,99939,100,100088,100,99930,100,100105,100,99929,100,100108,100,99924,100
2019-06-28 09:38:20.000000000,100057,222,100022,222,100062,219,100018,219,100065,219,100017,219,100067,100,100000,100,100068,100,99985,100,100070,100,99950,100,100086,100,99939,100,100088,100,99930,100,100105,100,99929,100,100108,100,99924,100
2019-06-28 09:38:30.000000000,100057,280,100022,280,100062,280,100018,280,100065,100,100017,100,100067,100,100000,100,100068,100,99985,100,100070,100,99950,100,100086,100,99939,100,100088,100,99930,100,100105,100,99929,100,100108,100,99924,100
2019-06-28 09:38:40.000000000,100057,280,100022,280,100062,280,100018,280,100065,100,100017,100,100067,100,100000,100,100068,100,99985,100,100070,100,99950,100,100086,100,99939,100,100088,100,99930,100,100105,100,99929,100,100108,100,99924,100
2019-06-28 09:38:50.000000000,100057,172,100022,172,100062,172,100018,172,100065,172,100017,172,100067,172,100000,172,100068,172,99985,172,100070,100,99950,100,100086,100,99939,100,100088,100,99930,100,100105,100,99929,100,100108,100,99924,100
2019-06-28 09:39:00.000000000,100057,190,100022,190,100062,190,100018,190,100065,190,100017,190,100067,190,100000,190,100068,100,99985,100,100070,100,99950,100,100086,100,99939,100,100088,100,99930,100,100105,100,99929,100,100108,100,99924,100
2019-06-28 09:39:10.000000000,100057,190,100022,190,100062,190,100018,190,100065,190,100017,190,100067,190,100000,190,100068,100,99985,100,100070,100,99950,100,100086,100,99939,100,100088,100,99930,100,100105,100,99929,100,100108,100,99924,100
2019-06-28 09:39:10.050317394,100057,90,100022,190,100062,190,100018,190,100065,190,100017,190,100067,190,100000,190,100068,100,99985,100,100070,100,99950,100,100086,100,99939,100,100088,100,99930,100,100105,100,99929,100,100108,100,99924,100
2019-06-28 09:39:12.928243333,100057,90,100022,190,100062,190,100018,190,100065,190,100017,190,100067,190,100000,190,100068,100,99985,100,100070,100,99950,100,100086,100,99939,100,100088,100,99930,100,100105,100,99929,100,100108,100,99924,100
2019-06-28 09:39:20.000000000,100062,172,100022,172,100065,172,100018,172,100067,172,100017,172,100068,172,100000,172,100070,172,99985,172,100086,100,99950,100,100088,100,99939,100,100105,100,99930,100,100108,100,99929,100,100133,100,99924,100
2019-06-28 09:39:30.000000000,100062,172,100022,172,100065,172,100018,172,100067,172,100017,172,100068,172,100000,172,100070,172,99985,172,100086,100,99950,100,100088,100,99939,100,100105,100,99930,100,100108,100,99929,100,100133,100,99924,100
2019-06-28 09:39:34.130164684,100062,72,100022,172,100065,172,100018,172,100067,172,100017,172,100068,172,100000,172,100070,172,99985,172,100086,100,99950,100,100088,100,99930,100,100105,100,99929,100,100108,100,99924,100,100133,100,99923,100
2019-06-28 09:39:40.000000000,100065,190,100022,190,100067,190,100018,190,100068,190,100017,190,100070,190,100000,190,100086,100,99985,100,100088,100,99950,100,100105,100,99930,100,100108,100,99929,100,100133,100,99924,100,100134,100,99923,100
2019-06-28 09:39:45.561896194,100065,190,100022,190,100067,190,100018,190,100068,190,100017,190,100070,190,100000,190,100086,100,99985,100,100088,100,99950,100,100105,100,99930,100,100108,100,99929,100,100132,100,99924,100,100133,100,99923,100
2019-06-28 09:39:46.404901819,100065,190,100022,190,100067,190,100018,190,100068,190,100017,190,100070,190,100000,190,100086,100,99985,100,100088,100,99950,100,100105,100,99930,100,100108,100,99929,100,100132,100,99924,100,100133,100,99923,100
2019-06-28 09:39:50.000000000,100065,172,100022,172,100067,172,100018,172,100068,172,100017,172,100070,172,100000,172,100086,172,99985,172,100088,100,99950,100,100105,100,99930,100,100108,100,99929,100,100132,100,99924,100,100133,100,99923,100
2019-06-28 09:39:59.076527975,100065,172,100057,100,100067,172,100022,172,100068,172,100018,172,100070,172,100017,72,100086,172,100000,172,100088,100,99985,172,100105,100,99950,100,100108,100,99930,100,100132,100,99929,100,100133,100,99924,100
2019-06-28 09:40:00.000000000,100065,190,100057,190,100067,190,100022,190,100068,190,100018,190,100070,190,100000,190,100086,100,99985,100,100088,100,99950,100,100105,100,99930,100,100108,100,99929,100,100132,100,99924,100,100133,100,99923,100
2019-06-28 09:40:07.057863311,100065,90,100057,190,100067,190,100022,190,100068,190,100018,190,100070,190,100000,190,100086,100,99985,100,100088,100,99950,100,100105,100,99930,100,100108,100,99929,100,100132,100,99924,100,100133,100,99923,100
2019-06-28 09:40:07.491865358,100065,90,100057,190,100067,190,100022,190,100068,190,100018,190,100070,190,100000,190,100086,100,99985,100,100088,100,99950,100,100105,100,99930,100,100108,100,99929,100,100132,100,99924,100,100134,100,99923,100
2019-06-28 09:40:10.000000000,100067,190,100057,190,100068,190,100022,190,100070,190,100018,190,100086,190,100000,190,100088,100,99985,100,100105,100,99950,100,100108,100,99930,100,100132,100,99929,100,100134,100,99924,100,100143,100,99923,100
2019-06-28 09:40:16.952318578,100067,190,100057,190,100068,190,100022,190,100070,190,100018,190,100086,190,100000,190,100088,100,99985,100,100105,100,99950,100,100108,100,99930,100,100132,100,99929,100,100134,100,99924,100,100143,100,99923,100
2019-06-28 09:40:20.000000000,100067,172,100057,172,100068,172,100022,172,100070,172,100018,172,100086,172,100000,172,100088,172,99985,172,100105,100,99950,100,100108,100,99930,100,100132,100,99929,100,100134,100,99924,100,100143,100,99923,100
2019-06-28 09:40:30.000000000,100067,222,100057,222,100068,219,100022,219,100070,219,100018,219,100086,100,100000,100,100088,100,99985,100,100105,100,99950,100,100108,100,99930,100,100132,100,99929,100,100134,100,99924,100,100143,100,99923,100
2019-06-28 09:40:33.989466033,100067,122,100057,222,100068,219,100022,219,100070,219,100018,219,100086,100,100000,100,100088,100,99985,100,100105,100,99950,100,100108,100,99930,100,100134,100,99929,100,100143,100,99924,100,100148,100,99923,100
2019-06-28 09:40:40.000000000,100068,190,100057,190,100070,190,100022,190,100086,190,100018,190,100088,190,100000,190,100105,100,99985,100,100108,100,99950,100,100134,100,99930,100,100143,100,99929,100,100148,100,99924,100,100181,100,99923,100
2019-06-28 09:40:50.000000000,100068,172,100057,172,100070,172,100022,172,100086,172,100018,172,100088,172,100000,172,100105,172,99985,172,100108,100,99950,100,100134,100,99930,100,100143,100,99929,100,100148,100,99924,100,100181,100,99923,100
2019-06-28 09:40:55.225942406,100068,72,100057,172,100070,172,100022,172,100086,172,100018,172,100088,172,100000,172,100105,172,99985,172,100108,100,99950,100,100134,100,99930,100,100143,100,99929,100,100148,100,99924,100,100181,100,99923,100
2019-06-28 09:41:00.000000000,100070,280,100057,280,100086,280,100022,280,100088,100,100018,100,100105,100,100000,100,100108,100,99985,100,100134,100,99950,100,100143,100,99930,100,100148,100,99929,100,100181,100,99924,100,100186,100,99923,100
2019-06-28 09:41:04.991476996,100070,280,100057,280,100086,280,100022,280,100088,100,100018,100,100105,100,100000,100,100108,100,99985,100,100143,100,99950,100,100148,100,99930,100,100181,100,99929,100,100186,100,99924,100,100201,100,99923,100
2019-06-28 09:41:10.000000000,100070,190,100057,190,100086,190,100022,190,100088,190,100018,190,100105,190,100000,190,100108,100,99985,100,100143,100,99950,100,100148,100,99930,100,100181,100,99929,100,100186,100,99924,100,100201,100,99923,100
2019-06-28 09:41:20.000000000,100070,222,100057,222,100086,219,100022,219,100088,219,100018,219,100105,100,100000,100,100108,100,99985,100,100143,100,99950,100,100148,100,99930,100,100181,100,99929,100,100186,100,99924,100,100201,100,99923,100
2019-06-28 09:41:22.431373053,100070,222,100057,122,100086,219,100022,219,100088,219,100018,219,100105,100,100000,100,100108,100,99985,100,100143,100,99950,100,100148,100,99930,100,100181,100,99929,100,100186,100,99924,100,100201,100,99923,100
2019-06-28 09:41:30.000000000,100070,280,100022,280,100086,280,100018,280,100088,100,100000,100,100105,100,99985,100,100108,100,99950,100,100143,100,99930,100,100148,100,99929,100,100181,100,99924,100,100186,100,99923,100,100201,100,99916,100
2019-06-28 09:41:33.848907835,100070,280,100022,180,100086,280,100018,280,100088,100,100000,100,100105,100,99985,100,100108,100,99950,100,100143,100,99930,100,100148,100,99929,100,100181,100,99924,100,100186,100,99923,100,100201,100,99916,100
2019-06-28 09:41:34.382373236,100070,280,100022,80,100086,280,100018,280,100088,100,100000,100,100105,100,99985,100,100108,100,99950,100,100143,100,99930,100,100148,100,99929,100,100181,100,99924,100,100186,100,99923,100,100201,100,99916,100
2019-06-28 09:41:39.135505925,100022,20,100018,280,100070,280,100000,100,100086,280,99985,100,100105,100,99950,100,100108,100,99930,100,100143,100,99929,100,100148,100,99924,100,100181,100,99923,100,100186,100,99916,100,100201,100,99886,100
2019-06-28 09:41:40.000000000,100022,92,100018,172,100070,172,100000,172,100086,172,99985,172,100105,172,99950,172,100108,172,99930,172,100143,100,99929,100,100148,100,99924,100,100181,100,99923,100,100186,100,99916,100,100201,100,99886,100
2019-06-28 09:41:47.565111450,100022,92,100018,172,100070,172,100000,172,100086,172,99985,172,100105,172,99950,172,100108,172,99930,172,100143,100,99929,100,100148,100,99924,100,100181,100,99923,100,100186,100,99916,100,100201,100,99886,100
2019-06-28 09:41:50.000000000,100022,200,100018,280,100070,280,100000,280,100086,100,99985,100,100105,100,99950,100,100108,100,99930,100,100143,100,99929,100,100148,100,99924,100,100181,100,99923,100,100186,100,99916,100,100201,100,99886,100
2019-06-28 09:41:54.375491854,100022,200,100018,280,100070,280,100000,280,100086,100,99985,100,100105,100,99950,100,100108,100,99930,100,100143,100,99929,100,100148,100,99924,100,100181,100,99923,100,100186,100,99916,100,100205,100,99886,100
2019-06-28 09:42:00.000000000,100022,92,100018,172,100070,172,100000,172,100086,172,99985,172,100105,172,99950,172,100108,172,99930,172,100143,100,99929,100,100148,100,99924,100,100181,100,99923,100,100186,100,99916,100,100205,100,99886,100
2019-06-28 09:42:10.000000000,100022,110,100018,190,100070,190,100000,190,100086,190,99985,190,100105,190,99950,190,100108,100,99930,100,100143,100,99929,100,100148,100,99924,100,100181,100,99923,100,100186,100,99916,100,100205,100,99886,100
2019-06-28 09:42:13.254144321,100022,110,100018,90,100070,190,100000,190,100086,190,99985,190,100105,190,99950,190,100108,100,99930,100,100143,100,99929,100,100148,100,99924,100,100181,100,99923,100,100186,100,99916,100,100205,100,99886,100
2019-06-28 09:42:20.000000000,100022,92,100000,172,100070,172,99985,172,100086,172,99950,172,100105,172,99930,172,100108,172,99929,172,100143,100,99924,100,100148,100,99923,100,100181,100,99916,100,100186,100,99886,100,100205,100,99869,100
2019-06-28 09:42:26.538874768,100022,92,100000,72,100070,172,99985,172,100086,172,99950,172,100105,172,99930,172,100108,172,99929,172,100143,100,99924,100,100148,100,99923,100,100181,100,99916,100,100186,100,99886,100,100205,100,99869,100
2019-06-28 09:42:30.000000000,100022,380,99985,460,100070,100,99950,100,100086,100,99930,100,100105,100,99929,100,100108,100,99924,100,100143,100,99923,100,100148,100,99916,100,100181,100,99886,100,100186,100,99869,100,100205,100,99841,100
2019-06-28 09:42:40.000000000,100022,380,99985,460,100070,100,99950,100,100086,100,99930,100,100105,100,99929,100,100108,100,99924,100,100143,100,99923,100,100148,100,99916,100,100181,100,99886,100,100186,100,99869,100,100205,100,99841,100
2019-06-28 09:42:46.635790237,100022,380,99985,460,100070,100,99950,100,100105,100,99930,100,100108,100,99929,100,100143,100,99924,100,100148,100,99923,100,100181,100,99916,100,100186,100,99886,100,100205,100,99869,100,100225,100,99841,100
2019-06-28 09:42:48.041738833,100018,100,99985,460,100022,380,99950,100,100070,100,99930,100,100105,100,99929,100,100108,100,99924,100,100143,100,99923,100,100148,100,99916,100,100181,100,99886,100,100186,100,99869,100,100205,100,99841,100
2019-06-28 09:42:50.000000000,100018,460,99985,460,100022,20,99950,100,100070,100,99930,100,100105,100,99929,100,100108,100,99924,100,100143,100,99923,100,100148,100,99916,100,100181,100,99886,100,100186,100,99869,100,100205,100,99841,100
2019-06-28 09:43:00.000000000,100018,190,99985,190,100022,110,99950,190,100070,190,99930,190,100105,190,99929,190,100108,100,99924,100,100143,100,99923,100,100148,100,99916,100,100181,100,99886,100,100186,100,99869,100,100205,100,99841,100
2019-06-28 09:43:10.000000000,100018,280,99985,280,100022,200,99950,280,100070,100,99930,100,100105,100,99929,100,100108,100,99924,100,100143,100,99923,100,100148,100,99916,100,100181,100,99886,100,100186,100,99869,100,100205,100,99841,100
2019-06-28 09:43:20.000000000,100018,190,99985,190,100022,110,99950,190,100070,190,99930,190,100105,190,99929,190,100108,100,99924,100,100143,100,99923,100,100148,100,99916,100,100181,100,99886,100,100186,100,99869,100,100205,100,99841,100
2019-06-28 09:43:30.000000000,100018,460,99985,460,100022,20,99950,100,100070,100,99930,100,100105,100,99929,100,100108,100,99924,100,100143,100,99923,100,100148,100,99916,100,100181,100,99886,100,100186,100,99869,100,100205,100,99841,100
2019-06-28 09:43:40.000000000,100018,460,99985,460,100022,20,99950,100,100070,100,99930,100,100105,100,99929,100,100108,100,99924,100,100143,100,99923,100,100148,100,99916,100,100181,100,99886,100,100186,100,99869,100,100205,100,99841,100
2019-06-28 09:43:50.000000000,100018,460,99985,460,100022,20,99950,100,100070,100,99930,100,100105,100,99929,100,100108,100,99924,100,100143,100,99923,100,100148,100,99916,100,100181,100,99886,100,100186,100,99869,100,100205,100,99841,100
2019-06-28 09:43:50.279494426,100018,460,99985,360,100022,20,99950,100,100070,100,99930,100,100105,100,99929,100,100108,100,99924,100,100143,100,99923,100,100148,100,99916,100,100181,100,99886,100,100186,100,99869,100,100205,100,99841,100
2019-06-28 09:43:51.076341906,100018,460,99985,260,100022,20,99950,100,100070,100,99930,100,100105,100,99929,100,100108,100,99924,100,100143,100,99923,100,100148,100,99916,100,100181,100,99886,100,100186,100,99869,100,100205,100,99841,100
2019-06-28 09:43:54.503514381,100018,460,99985,260,100022,20,99950,100,100070,100,99930,100,100105,100,99924,100,100108,100,99923,100,100143,100,99916,100,100148,100,99886,100,100181,100,99869,100,100186,100,99841,100,100205,100,99834,100
2019-06-28 09:44:00.000000000,100018,190,99950,190,100022,110,99930,190,100070,190,99924,190,100105,190,99923,190,100108,100,99916,100,100143,100,99886,100,100148,100,99869,100,100181,100,99841,100,100186,100,99834,100,100205,100,99797,100
2019-06-28 09:44:05.874853362,100018,190,99950,190,100022,110,99930,190,100070,190,99924,190,100105,190,99923,190,100108,100,99916,100,100143,100,99886,100,100148,100,99869,100,100181,100,99841,100,100186,100,99834,100,100205,100,99797,100
2019-06-28 09:44:10.000000000,100018,460,99950,460,100022,20,99930,100,100070,100,99924,100,100105,100,99923,100,100108,100,99916,100,100143,100,99886,100,100148,100,99869,100,100181,100,99841,100,100186,100,99834,100,100205,100,99797,100
2019-06-28 09:44:20.000000000,100018,460,99950,460,100022,20,99930,100,100070,100,99924,100,100105,100,99923,100,100108,100,99916,100,100143,100,99886,100,100148,100,99869,100,100181,100,99841,100,100186,100,99834,100,100205,100,99797,100
2019-06-28 09:44:30.000000000,100018,280,99950,280,100022,200,99930,280,100070,100,99924,100,100105,100,99923,100,100108,100,99916,100,100143,100,99886,100,100148,100,99869,100,100181,100,99841,100,100186,100,99834,100,100205,100,99797,100
2019-06-28 09:44:40.000000000,100018,172,99950,172,100022,92,99930,172,100070,172,99924,172,100105,172,99923,172,100108,172,99916,172,100143,100,99886,100,100148,100,99869,100,100181,100,99841,100,100186,100,99834,100,100205,100,99797,100
2019-06-28 09:44:45.897995820,99979,100,99950,172,100018,172,99930,172,100022,92,99924,172,100070,172,99923,172,100105,172,99916,172,100108,172,99886,100,100143,100,99869,100,100148,100,99841,100,100181,100,99834,100,100186,100,99797,100
2019-06-28 09:44:50.000000000,99979,222,99950,222,100018,219,99930,219,100022,139,99924,219,100070,100,99923,100,100105,100,99916,100,100108,100,99886,100,100143,100,99869,100,100148,100,99841,100,100181,100,99834,100,100186,100,99797,100
2019-06-28 09:44:51.004139911,99979,222,99950,222,100012,100,99930,219,100018,219,99924,219,100022,139,99923,100,100070,100,99916,100,100105,100,99886,100,100108,100,99869,100,100143,100,99841,100,100148,100,99834,100,100181,100,99797,100
2019-06-28 09:44:51.841027271,99979,222,99950,222,100012,100,99930,219,100018,219,99924,219,100022,139,99923,100,100070,100,99916,100,100105,100,99912,100,100108,100,99886,100,100143,100,99869,100,100148,100,99841,100,100181,100,99834,100
2019-06-28 09:44:53.353979941,99979,222,99950,222,100012,100,99930,219,100018,219,99924,219,100022,139,99923,100,100070,100,99916,100,100105,100,99912,100,100108,100,99886,100,100143,100,99869,100,100148,100,99841,100,100186,100,99834,100
2019-06-28 09:45:00.000000000,99979,190,99950,190,100012,190,99930,190,100018,190,99924,190,100022,110,99923,190,100070,100,99916,100,100105,100,99912,100,100108,100,99886,100,100143,100,99869,100,100148,100,99841,100,100186,100,99834,100
2019-06-28 09:45:05.198524975,99979,90,99950,190,100012,190,99930,190,100018,190,99924,190,100022,110,99923,190,100070,100,99916,100,100105,100,99912,100,100108,100,99886,100,100143,100,99869,100,100148,100,99841,100,100186,100,99834,100
2019-06-28 09:45:10.000000000,100012,172,99950,172,100018,172,99930,172,100022,92,99924,172,100070,172,99923,172,100105,172,99916,172,100108,100,99912,100,100143,100,99886,100,100148,100,99869,100,100186,100,99841,100,100193,100,99834,100
2019-06-28 09:45:20.000000000,100012,190,99950,190,100018,190,99930,190,100022,110,99924,190,100070,190,99923,190,100105,100,99916,100,100108,100,99912,100,100143,100,99886,100,100148,100,99869,100,100186,100,99841,100,100193,100,99834,100
2019-06-28 09:45:25.012555082,100012,190,99979,100,100018,190,99950,190,100022,110,99930,190,100070,190,99924,190,100105,100,99923,190,100108,100,99916,100,100143,100,99912,100,100148,100,99886,100,100186,100,99869,100,100193,100,99841,100
2019-06-28 09:45:30.000000000,100012,172,99979,172,100018,172,99950,172,100022,92,99930,172,100070,172,99924,172,100105,172,99923,172,100108,100,99916,100,100143,100,99912,100,100148,100,99886,100,100186,100,99869,100,100193,100,99841,100
2019-06-28 09:45:40.000000000,100012,190,99979,190,100018,190,99950,190,100022,110,99930,190,100070,190,99924,190,100105,100,99923,100,100108,100,99916,100,100143,100,99912,100,100148,100,99886,100,100186,100,99869,100,100193,100,99841,100
2019-06-28 09:45:42.043306371,100012,90,99979,190,100018,190,99950,190,100022,110,99930,190,100070,190,99924,190,100105,100,99923,100,100108,100,99916,100,100143,100,99912,100,100148,100,99886,100,100186,100,99869,100,100193,100,99841,100
2019-06-28 09:45:50.000000000,100018,460,99979,460,100022,20,99950,100,100070,100,99930,100,100105,100,99924,100,100108,100,99923,100,100143,100,99916,100,100148,100,99912,100,100186,100,99886,100,100193,100,99869,100,100205,100,99841,100
2019-06-28 09:46:00.000000000,100018,222,99979,222,100022,139,99950,219,100070,219,99930,219,100105,100,99924,100,100108,100,99923,100,100143,100,99916,100,100148,100,99912,100,100186,100,99886,100,100193,100,99869,100,100205,100,99841,100
2019-06-28 09:46:04.265430788,100018,222,99980,100,100022,139,99979,222,100070,119,99950,219,100105,100,99930,219,100108,100,99924,100,100143,100,99923,100,100148,100,99916,100,100186,100,99912,100,100193,100,99886,100,100205,100,99869,100
2019-06-28 09:46:10.000000000,100018,172,99980,172,100022,92,99979,172,100105,172,99950,172,100108,172,99930,172,100143,172,99924,172,100148,100,99923,100,100186,100,99916,100,100193,100,99912,100,100205,100,99886,100,100225,100,99869,100
2019-06-28 09:46:16.392079772,100018,72,99980,172,100022,92,99979,172,100105,172,99950,172,100108,172,99930,172,100143,172,99924,172,100148,100,99923,100,100186,100,99916,100,100193,100,99912,100,100205,100,99886,100,100225,100,99869,100
2019-06-28 09:46:20.000000000,100022,380,99980,460,100105,100,99979,100,100108,100,99950,100,100143,100,99930,100,100148,100,99924,100,100186,100,99923,100,100193,100,99916,100,100205,100,99912,100,100225,100,99886,100,100238,100,99869,100
2019-06-28 09:46:30.000000000,100022,200,99980,280,100105,280,99979,280,100108,100,99950,100,100143,100,99930,100,100148,100,99924,100,100186,100,99923,100,100193,100,99916,100,100205,100,99912,100,100225,100,99886,100,100238,100,99869,100
2019-06-28 09:46:36.332737807,100022,100,99980,280,100105,280,99979,280,100108,100,99950,100,100143,100,99930,100,100148,100,99924,100,100186,100,99923,100,100193,100,99916,100,100205,100,99912,100,100225,100,99886,100,100238,100,99869,100
2019-06-28 09:46:39.982813839,100022,100,100018,100,100105,280,99980,280,100108,100,99979,280,100143,100,99950,100,100148,100,99930,100,100186,100,99924,100,100193,100,99923,100,100205,100,99916,100,100225,100,99912,100,100238,100,99886,100
2019-06-28 09:46:40.000000000,100105,280,100018,280,100108,280,99980,280,100143,100,99979,100,100148,100,99950,100,100186,100,99930,100,100193,100,99924,100,100205,100,99923,100,100225,100,99916,100,100238,100,99912,100,100261,100,99886,100
2019-06-28 09:46:50.000000000,100105,460,100018,460,100108,100,99980,100,100143,100,99979,100,100148,100,99950,100,100186,100,99930,100,100193,100,99924,100,100205,100,99923,100,100225,100,99916,100,100238,100,99912,100,100261,100,99886,100
2019-06-28 09:46:59.766999579,100105,460,100018,560,100108,100,99980,100,100143,100,99979,100,100148,100,99950,100,100186,100,99930,100,100193,100,99924,100,100205,100,99923,100,100225,100,99916,100,100238,100,99912,100,100261,100,99886,100
2019-06-28 09:47:00.000000000,100105,280,100018,380,100108,280,99980,280,100143,100,99979,100,100148,100,99950,100,100186,100,99930,100,100193,100,99924,100,100205,100,99923,100,100225,100,99916,100,100238,100,99912,100,100261,100,99886,100
2019-06-28 09:47:06.871171657,100105,280,100018,480,100108,280,99980,280,100143,100,99979,100,100148,100,99950,100,100186,100,99930,100,100193,100,99924,100,100205,100,99923,100,100225,100,99916,100,100238,100,99912,100,100261,100,99886,100
2019-06-28 09:47:10.000000000,100105,190,100018,390,100108,190,99980,190,100143,190,99979,190,100148,190,99950,190,100186,100,99930,100,100193,100,99924,100,100205,100,99923,100,100225,100,99916,100,100238,100,99912,100,100261,100,99886,100
2019-06-28 09:47:20.000000000,100105,280,100018,480,100108,280,99980,280,100143,100,99979,100,100148,100,99950,100,100186,100,99930,100,100193,100,99924,100,100205,100,99923,100,100225,100,99916,100,100238,100,99912,100,100261,100,99886,100
2019-06-28 09:47:25.542323449,100105,280,100018,580,100108,280,99980,280,100143,100,99979,100,100148,100,99950,100,100186,100,99930,100,100193,100,99924,100,100205,100,99923,100,100225,100,99916,100,100238,100,99912,100,100261,100,99886,100
2019-06-28 09:47:30.000000000,100105,222,100018,522,100108,219,99980,219,100143,219,99979,219,100148,100,99950,100,100186,100,99930,100,100193,100,99924,100,100205,100,99923,100,100225,100,99916,100,100238,100,99912,100,100261,100,99886,100
2019-06-28 09:47:40.000000000,100105,460,100018,760,100108,100,99980,100,100143,100,99979,100,100148,100,99950,100,100186,100,99930,100,100193,100,99924,100,100205,100,99923,100,100225,100,99916,100,100238,100,99912,100,100261,100,99886,100
2019-06-28 09:47:50.000000000,100105,222,100018,522,100108,219,99980,219,100143,219,99979,219,100148,100,99950,100,100186,100,99930,100,100193,100,99924,100,100205,100,99923,100,100225,100,99916,100,100238,100,99912,100,100261,100,99886,100
2019-06-28 09:47:51.781329237,100105,222,100018,522,100108,219,99980,219,100143,219,99979,219,100148,100,99950,100,100186,100,99930,100,100193,100,99924,100,100205,100,99923,100,100238,100,99916,100,100261,100,99912,100,100417,100,99886,100
2019-06-28 09:48:00.000000000,100105,460,100018,760,100108,100,99980,100,100143,100,99979,100,100148,100,99950,100,100186,100,99930,100,100193,100,99924,100,100205,100,99923,100,100238,100,99916,100,100261,100,99912,100,100417,100,99886,100
2019-06-28 09:48:05.115372883,100105,360,100018,760,100108,100,99980,100,100143,100,99979,100,100148,100,99950,100,100186,100,99930,100,100193,100,99924,100,100205,100,99923,100,100238,100,99916,100,100261,100,99912,100,100417,100,99886,100
2019-06-28 09:48:10.000000000,100108,172,100018,472,100143,172,99980,172,100148,172,99979,172,100186,172,99950,172,100193,172,99930,172,100205,100,99924,100,100238,100,99923,100,100261,100,99916,100,100417,100,99912,100,100884,100,99886,100
2019-06-28 09:48:20.000000000,100108,172,100018,472,100143,172,99980,172,100148,172,99979,172,100186,172,99950,172,100193,172,99930,172,100205,100,99924,100,100238,100,99923,100,100261,100,99916,100,100417,100,99912,100,100884,100,99886,100
2019-06-28 09:48:30.000000000,100108,172,100018,472,100143,172,99980,172,100148,172,99979,172,100186,172,99950,172,100193,172,99930,172,100205,100,99924,100,100238,100,99923,100,100261,100,99916,100,100417,100,99912,100,100884,100,99886,100
2019-06-28 09:48:40.000000000,100108,460,100018,760,100143,100,99980,100,100148,100,99979,100,100186,100,99950,100,100193,100,99930,100,100205,100,99924,100,100238,100,99923,100,100261,100,99916,100,100417,100,99912,100,100884,100,99886,100
2019-06-28 09:48:45.594275280,100104,100,100018,760,100108,460,99980,100,100143,100,99979,100,100148,100,99950,100,100186,100,99930,100,100193,100,99924,100,100205,100,99923,100,100238,100,99916,100,100261,100,99912,100,100417,100,99886,100
2019-06-28 09:48:50.000000000,100104,190,100018,490,100108,190,99980,190,100143,190,99979,190,100148,190,99950,190,100186,100,99930,100,100193,100,99924,100,100205,100,99923,100,100238,100,99916,100,100261,100,99912,100,100417,100,99886,100
2019-06-28 09:48:52.133724941,100062,100,100018,490,100104,190,99980,190,100108,190,99979,190,100143,190,99950,190,100148,190,99930,100,100186,100,99924,100,100193,100,99923,100,100205,100,99916,100,100238,100,99912,100,100261,100,99886,100
2019-06-28 09:48:54.235526067,100062,100,100022,100,100104,190,100018,490,100108,190,99980,190,100143,190,99979,190,100148,190,99950,190,100186,100,99930,100,100193,100,99924,100,100205,100,99923,100,100238,100,99916,100,100261,100,99912,100
2019-06-28 09:49:00.000000000,100062,222,100022,222,100104,219,100018,519,100108,219,99980,219,100143,100,99979,100,100148,100,99950,100,100186,100,99930,100,100193,100,99924,100,100205,100,99923,100,100238,100,99916,100,100261,100,99912,100
2019-06-28 09:49:05.360023861,100062,222,100022,222,100104,219,100018,419,100108,219,99980,219,100143,100,99979,100,100148,100,99950,100,100186,100,99930,100,100193,100,99924,100,100205,100,99923,100,100238,100,99916,100,100261,100,99912,100
2019-06-28 09:49:10.000000000,100062,222,100022,222,100104,219,100018,419,100108,219,99980,219,100143,100,99979,100,100148,100,99950,100,100186,100,99930,100,100193,100,99924,100,100205,100,99923,100,100238,100,99916,100,100261,100,99912,100
2019-06-28 09:49:20.000000000,100062,172,100022,172,100104,172,100018,372,100108,172,99980,172,100143,172,99979,172,100148,172,99950,172,100186,100,99930,100,100193,100,99924,100,100205,100,99923,100,100238,100,99916,100,100261,100,99912,100
2019-06-28 09:49:25.767663928,100062,172,100022,172,100104,172,100018,372,100108,172,99980,172,100143,172,99979,172,100148,172,99950,172,100186,100,99930,100,100193,100,99924,100,100205,100,99923,100,100238,100,99916,100,100261,100,99912,100
2019-06-28 09:49:30.000000000,100062,172,100022,172,100104,172,100018,372,100108,172,99980,172,100143,172,99979,172,100148,172,99950,172,100186,100,99930,100,100193,100,99924,100,100205,100,99923,100,100238,100,99916,100,100261,100,99912,100
2019-06-28 09:49:32.563224993,100062,172,100022,172,100104,172,100018,372,100108,172,99980,172,100115,100,99979,172,100143,72,99950,172,100148,172,99930,100,100186,100,99924,100,100193,100,99923,100,100205,100,99916,100,100238,100,99912,100
2019-06-28 09:49:36.286940367,100062,172,100022,172,100104,172,100018,372,100108,172,99980,172,100115,100,99979,172,100143,72,99950,172,100148,172,99930,100,100150,100,99924,100,100186,100,99923,100,100193,100,99916,100,100205,100,99912,100
2019-06-28 09:49:40.000000000,100062,280,100022,280,100104,280,100018,480,100108,100,99980,100,100115,100,99979,100,100148,100,99950,100,100150,100,99930,100,100186,100,99924,100,100193,100,99923,100,100205,100,99916,100,100238,100,99912,100
2019-06-28 09:49:50.000000000,100062,460,100022,460,100104,100,100018,300,100108,100,99980,100,100115,100,99979,100,100148,100,99950,100,100150,100,99930,100,100186,100,99924,100,100193,100,99923,100,100205,100,99916,100,100238,100,99912,100
2019-06-28 09:50:00.000000000,100062,190,100022,190,100104,190,100018,390,100108,190,99980,190,100115,190,99979,190,100148,100,99950,100,100150,100,99930,100,100186,100,99924,100,100193,100,99923,100,100205,100,99916,100,100238,100,99912,100
2019-06-28 09:50:00.921471475,100035,100,100022,190,100062,190,100018,390,100104,190,99980,190,100108,190,99979,190,100115,190,99950,100,100148,100,99930,100,100150,100,99924,100,100186,100,99923,100,100193,100,99916,100,100205,100,99912,100
2019-06-28 09:50:01.308906051,100035,100,100022,190,100062,190,100018,390,100104,290,99980,190,100108,190,99979,190,100115,190,99950,100,100148,100,99930,100,100150,100,99924,100,100186,100,99923,100,100193,100,99916,100,100205,100,99912,100
2019-06-28 09:50:10.000000000,100035,460,100022,460,100062,100,100018,300,100104,200,99980,100,100108,100,99979,100,100115,100,99950,100,100148,100,99930,100,100150,100,99924,100,100186,100,99923,100,100193,100,99916,100,100205,100,99912,100
2019-06-28 09:50:20.000000000,100035,190,100022,190,100062,190,100018,390,100104,290,99980,190,100108,190,99979,190,100115,100,99950,100,100148,100,99930,100,100150,100,99924,100,100186,100,99923,100,100193,100,99916,100,100205,100,99912,100
2019-06-28 09:50:30.000000000,100035,280,100022,280,100062,280,100018,480,100104,200,99980,100,100108,100,99979,100,100115,100,99950,100,100148,100,99930,100,100150,100,99924,100,100186,100,99923,100,100193,100,99916,100,100205,100,99912,100
2019-06-28 09:50:40.000000000,100035,190,100022,190,100062,190,100018,390,100104,290,99980,190,100108,190,99979,190,100115,100,99950,100,100148,100,99930,100,100150,100,99924,100,100186,100,99923,100,100193,100,99916,100,100205,100,99912,100
2019-06-28 09:50:50.000000000,100035,172,100022,172,100062,172,100018,372,100104,272,99980,172,100108,172,99979,172,100115,172,99950,172,100148,100,99930,100,100150,100,99924,100,100186,100,99923,100,100193,100,99916,100,100205,100,99912,100
2019-06-28 09:51:00.000000000,100035,190,100022,190,100062,190,100018,390,100104,290,99980,190,100108,190,99979,190,100115,100,99950,100,100148,100,99930,100,100150,100,99924,100,100186,100,99923,100,100193,100,99916,100,100205,100,99912,100
2019-06-28 09:51:09.863233924,100035,90,100022,190,100062,190,100018,390,100104,290,99980,190,100108,190,99979,190,100115,100,99950,100,100148,100,99930,100,100150,100,99924,100,100186,100,99923,100,100193,100,99916,100,100205,100,99912,100
2019-06-28 09:51:10.000000000,100062,222,100022,222,100104,319,100018,419,100108,219,99980,219,100115,100,99979,100,100148,100,99950,100,100150,100,99930,100,100186,100,99924,100,100193,100,99923,100,100205,100,99916,100,100238,100,99912,100
2019-06-28 09:51:20.000000000,100062,190,100022,190,100104,290,100018,390,100108,190,99980,190,100115,190,99979,190,100148,100,99950,100,100150,100,99930,100,100186,100,99924,100,100193,100,99923,100,100205,100,99916,100,100238,100,99912,100
2019-06-28 09:51:28.796574820,100062,190,100035,100,100104,290,100022,190,100108,190,100018,390,100115,190,99980,90,100148,100,99979,190,100150,100,99950,100,100186,100,99930,100,100193,100,99924,100,100205,100,99923,100,100238,100,99916,100
2019-06-28 09:51:30.000000000,100062,280,100035,280,100104,380,100022,280,100108,100,100018,300,100115,100,99979,100,100148,100,99950,100,100150,100,99930,100,100186,100,99924,100,100193,100,99923,100,100205,100,99916,100,100238,100,99912,100
2019-06-28 09:51:40.000000000,100062,172,100035,172,100104,272,100022,172,100108,172,100018,372,100115,172,99979,172,100148,172,99950,172,100150,100,99930,100,100186,100,99924,100,100193,100,99923,100,100205,100,99916,100,100238,100,99912,100
2019-06-28 09:51:42.760734470,100062,172,100035,272,100104,272,100022,172,100108,172,100018,372,100115,172,99979,72,100148,172,99950,172,100150,100,99930,100,100186,100,99924,100,100193,100,99923,100,100205,100,99916,100,100238,100,99912,100
2019-06-28 09:51:50.000000000,100062,172,100035,272,100104,272,100022,172,100108,172,100018,372,100115,172,99950,172,100148,172,99930,172,100150,100,99924,100,100186,100,99923,100,100193,100,99916,100,100205,100,99912,100,100238,100,99897,100
2019-06-28 09:51:51.009552872,100062,172,100035,272,100104,272,100022,172,100108,172,100018,372,100115,172,99950,172,100148,172,99946,100,100150,100,99930,172,100186,100,99924,100,100193,100,99923,100,100205,100,99916,100,100238,100,99912,100
2019-06-28 09:51:54.152283474,100062,172,100035,272,100104,272,100022,172,100108,172,100018,372,100115,172,99950,172,100148,172,99946,100,100150,100,99930,172,100186,100,99924,100,100193,100,99923,100,100205,100,99916,100,100238,100,99912,100
2019-06-28 09:52:00.000000000,100062,280,100035,380,100104,380,100022,280,100108,100,100018,300,100115,100,99950,100,100148,100,99946,100,100150,100,99930,100,100186,100,99924,100,100193,100,99923,100,100205,100,99916,100,100238,100,99912,100
2019-06-28 09:52:05.752716024,100062,180,100035,380,100104,380,100022,280,100108,100,100018,300,100115,100,99946,100,100148,100,99930,100,100150,100,99924,100,100186,100,99923,100,100193,100,99916,100,100205,100,99912,100,100238,100,99897,100
2019-06-28 09:52:10.000000000,100104,560,100035,560,100108,100,100022,100,100115,100,100018,300,100148,100,99946,100,100150,100,99930,100,100186,100,99924,100,100193,100,99923,100,100205,100,99916,100,100238,100,99912,100,100417,100,99897,100
2019-06-28 09:52:16.181863830,100104,460,100035,560,100108,100,100022,100,100115,100,100018,300,100148,100,99946,100,100150,100,99930,100,100186,100,99924,100,100193,100,99923,100,100205,100,99916,100,100417,100,99912,100,100884,100,99897,100
2019-06-28 09:52:20.000000000,100104,280,100035,380,100108,280,100022,280,100115,100,100018,300,100148,100,99946,100,100150,100,99930,100,100186,100,99924,100,100193,100,99923,100,100205,100,99916,100,100417,100,99912,100,100884,100,99897,100
2019-06-28 09:52:22.824380545,100104,280,100062,100,100108,280,100035,380,100115,100,100022,280,100148,100,100018,300,100150,100,99946,100,100186,100,99930,100,100193,100,99924,100,100205,100,99923,100,100417,100,99916,100,100884,100,99912,100
2019-06-28 09:52:30.000000000,100104,280,100062,280,100108,280,100035,380,100115,100,100022,100,100148,100,100018,300,100150,100,99946,100,100186,100,99930,100,100193,100,99924,100,100205,100,99923,100,100417,100,99916,100,100884,100,99912,100
2019-06-28 09:52:40.000000000,100104,280,100062,280,100108,280,100035,380,100115,100,100022,100,100148,100,100018,300,100150,100,99946,100,100186,100,99930,100,100193,100,99924,100,100205,100,99923,100,100417,100,99916,100,100884,100,99912,100
2019-06-28 09:52:49.547837772,100104,280,100062,280,100108,280,100035,380,100115,100,100022,100,100148,100,100021,100,100150,100,100018,300,100186,100,99946,100,100193,100,99930,100,100205,100,99924,100,100884,100,99923,100,,,99916,100
2019-06-28 09:52:50.000000000,100104,172,100062,172,100108,172,100035,272,100115,172,100022,172,100148,172,100021,172,100150,172,100018,372,100186,100,99946,100,100193,100,99930,100,100205,100,99924,100,100884,100,99923,100,,,99916,100
2019-06-28 09:52:54.403535169,100104,172,100062,172,100108,172,100035,272,100115,172,100022,172,100148,172,100021,172,100150,172,100018,272,100186,100,99946,100,100193,100,99930,100,100205,100,99924,100,100884,100,99923,100,,,99916,100
2019-06-28 09:53:00.000000000,100104,460,100062,460,100108,100,100035,200,100115,100,100022,100,100148,100,100021,100,100150,100,100018,200,100186,100,99946,100,100193,100,99930,100,100205,100,99924,100,100884,100,99923,100,,,99916,100
2019-06-28 09:53:10.000000000,100104,190,100062,190,100108,190,100035,290,100115,190,100022,190,100148,190,100021,190,100150,100,100018,200,100186,100,99946,100,100193,100,99930,100,100205,100,99924,100,100884,100,99923,100,,,99916,100
2019-06-28 09:53:19.397724102,100104,190,100062,190,100108,190,100035,290,100115,190,100022,190,100148,190,100021,190,100150,100,100018,200,100186,100,99946,100,100193,100,99930,100,100205,100,99924,100,100549,100,99923,100,100884,100,99916,100
2019-06-28 09:53:20.000000000,100104,460,100062,460,100108,100,100035,200,100115,100,100022,100,100148,100,100021,100,100150,100,100018,200,100186,100,99946,100,100193,100,99930,100,100205,100,99924,100,100549,100,99923,100,100884,100,99916,100
2019-06-28 09:53:21.080431971,100104,460,100062,460,100108,100,100035,200,100115,100,100022,100,100148,100,100021,100,100150,100,100018,200,100186,100,99946,100,100193,100,99930,100,100205,100,99924,100,100549,100,99923,100,100674,100,99916,100
2019-06-28 09:53:30.000000000,100104,280,100062,280,100108,280,100035,380,100115,100,100022,100,100148,100,100021,100,100150,100,100018,200,100186,100,99946,100,100193,100,99930,100,100205,100,99924,100,100549,100,99923,100,100674,100,99916,100
2019-06-28 09:53:40.000000000,100104,172,100062,172,100108,172,100035,272,100115,172,100022,172,100148,172,100021,172,100150,172,100018,272,100186,100,99946,100,100193,100,99930,100,100205,100,99924,100,100549,100,99923,100,100674,100,99916,100
2019-06-28 09:53:43.919673465,100104,172,100062,172,100108,172,100035,272,100115,172,100022,172,100148,172,100021,172,100150,172,100018,172,100186,100,99946,100,100193,100,99930,100,100205,100,99924,100,100549,100,99923,100,100674,100,99916,100
2019-06-28 09:53:50.000000000,100104,190,100062,190,100108,190,100035,290,100115,190,100022,190,100148,190,100021,190,100150,100,100018,100,100186,100,99946,100,100193,100,99930,100,100205,100,99924,100,100549,100,99923,100,100674,100,99916,100
2019-06-28 09:53:58.262130935,100104,190,100062,190,100108,190,100035,290,100115,190,100022,190,100148,190,100021,190,100150,100,100018,100,100186,100,99946,100,100193,100,99930,100,100205,100,99924,100,100549,100,99923,100,100674,100,99916,100
2019-06-28 09:54:00.000000000,100104,280,100062,280,100108,280,100035,380,100115,100,100022,100,100148,100,100021,100,100150,100,100018,100,100186,100,99946,100,100193,100,99930,100,100205,100,99924,100,100549,100,99923,100,100674,100,99916,100
2019-06-28 09:54:10.000000000,100104,280,100062,280,100108,280,100035,380,100115,100,100022,100,100148,100,100021,100,100150,100,100018,100,100186,100,99946,100,100193,100,99930,100,100205,100,99924,100,100549,100,99923,100,100674,100,99916,100
2019-06-28 09:54:20.000000000,100104,172,100062,172,100108,172,100035,272,100115,172,100022,172,100148,172,100021,172,100150,172,100018,172,100186,100,99946,100,100193,100,99930,100,100205,100,99924,100,100549,100,99923,100,100674,100,99916,100
2019-06-28 09:54:30.000000000,100104,460,100062,460,100108,100,100035,200,100115,100,100022,100,100148,100,100021,100,100150,100,100018,100,100186,100,99946,100,100193,100,99930,100,100205,100,99924,100,100549,100,99923,100,100674,100,99916,100
2019-06-28 09:54:34.372703194,100104,460,100062,460,100108,100,100035,200,100115,100,100022,100,100148,100,100021,100,100150,100,100018,100,100186,100,99946,100,100193,100,99930,100,100205,100,99924,100,100549,100,99923,100,100674,100,99916,100
2019-06-28 09:54:40.000000000,100104,222,100062,222,100108,219,100035,319,100115,219,100022,219,100148,100,100021,100,100150,100,100018,100,100186,100,99946,100,100193,100,99930,100,100205,100,99924,100,100549,100,99923,100,100674,100,99916,100
2019-06-28 09:54:45.690738403,100104,122,100062,222,100108,219,100035,319,100115,219,100022,219,100148,100,100021,100,100150,100,100018,100,100186,100,99946,100,100193,100,99930,100,100205,100,99924,100,100549,100,99923,100,100674,100,99916,100
2019-06-28 09:54:50.000000000,100108,460,100062,460,100115,100,100035,200,100148,100,100022,100,100150,100,100021,100,100186,100,100018,100,100193,100,99946,100,100205,100,99930,100,100549,100,99924,100,100674,100,99923,100,100772,100,99916,100
2019-06-28 09:55:00.000000000,100108,190,100062,190,100115,190,100035,290,100148,190,100022,190,100150,190,100021,190,100186,100,100018,100,100193,100,99946,100,100205,100,99930,100,100549,100,99924,100,100674,100,99923,100,100772,100,99916,100
2019-06-28 09:55:10.000000000,100108,172,100062,172,100115,172,100035,272,100148,172,100022,172,100150,172,100021,172,100186,172,100018,172,100193,100,99946,100,100205,100,99930,100,100549,100,99924,100,100674,100,99923,100,100772,100,99916,100
2019-06-28 09:55:20.000000000,100108,172,100062,172,100115,172,100035,272,100148,172,100022,172,100150,172,100021,172,100186,172,100018,172,100193,100,99946,100,100205,100,99930,100,100549,100,99924,100,100674,100,99923,100,100772,100,99916,100
2019-06-28 09:55:26.676816338,100108,172,100062,172,100115,172,100035,272,100148,72,100022,172,100150,172,100021,172,100186,172,100018,172,100193,100,99946,100,100205,100,99930,100,100549,100,99924,100,100661,100,99923,100,100674,100,99916,100
2019-06-28 09:55:30.000000000,100108,172,100062,172,100115,172,100035,272,100150,172,100022,172,100186,172,100021,172,100193,172,100018,172,100205,100,99946,100,100549,100,99930,100,100661,100,99924,100,100674,100,99923,100,100772,100,99916,100
2019-06-28 09:55:35.385236992,100108,172,100104,100,100115,172,100062,172,100150,172,100035,272,100186,172,100022,172,100193,172,100021,172,100205,100,100018,172,100549,100,99946,100,100661,100,99930,100,100674,100,99924,100,100772,100,99923,100
2019-06-28 09:55:40.000000000,100108,280,100104,280,100115,280,100062,280,100150,100,100035,200,100186,100,100022,100,100193,100,100021,100,100205,100,100018,100,100549,100,99946,100,100661,100,99930,100,100674,100,99924,100,100772,100,99923,100
2019-06-28 09:55:50.000000000,100108,172,100104,172,100115,172,100062,172,100150,172,100035,272,100186,172,100022,172,100193,172,100021,172,100205,100,100018,100,100549,100,99946,100,100661,100,99930,100,100674,100,99924,100,100772,100,99923,100
2019-06-28 09:55:54.167002515,100108,172,100104,172,100115,172,100062,172,100150,172,100035,272,100186,172,100022,172,100193,172,100021,172,100205,100,100018,100,100321,100,99946,100,100549,100,99930,100,100661,100,99924,100,100674,100,99923,100
2019-06-28 09:56:00.000000000,100108,190,100104,190,100115,190,100062,190,100150,190,100035,290,100186,190,100022,190,100193,100,100021,100,100205,100,100018,100,100321,100,99946,100,100549,100,99930,100,100661,100,99924,100,100674,100,99923,100
2019-06-28 09:56:10.000000000,100108,222,100104,222,100115,219,100062,219,100150,219,100035,319,100186,100,100022,100,100193,100,100021,100,100205,100,100018,100,100321,100,99946,100,100549,100,99930,100,100661,100,99924,100,100674,100,99923,100
2019-06-28 09:56:17.760927366,100108,222,100104,122,100115,219,100062,219,100150,219,100035,319,100186,100,100022,100,100193,100,100021,100,100205,100,100018,100,100321,100,99946,100,100549,100,99930,100,100661,100,99924,100,100674,100,99923,100
2019-06-28 09:56:20.000000000,100108,222,100062,222,100115,219,100035,319,100150,219,100022,219,100186,100,100021,100,100193,100,100018,100,100205,100,99946,100,100321,100,99930,100,100549,100,99924,100,100661,100,99923,100,100674,100,99916,100
2019-06-28 09:56:28.856898829,100108,222,100062,222,100115,219,100035,319,100150,219,100022,219,100186,100,100021,100,100193,100,100018,100,100205,100,99946,100,100321,100,99930,100,100549,100,99924,100,100661,100,99923,100,100674,100,99916,100
2019-06-28 09:56:30.000000000,100108,222,100062,222,100115,219,100035,319,100150,219,100022,219,100186,100,100021,100,100193,100,100018,100,100205,100,99946,100,100321,100,99930,100,100549,100,99924,100,100661,100,99923,100,100674,100,99916,100
2019-06-28 09:56:37.695934732,100108,222,100062,222,100115,219,100035,319,100150,219,100022,219,100186,100,100021,100,100193,100,100018,100,100205,100,99946,100,100321,100,99930,100,100549,100,99924,100,100661,100,99923,100,100674,100,99916,100
2019-06-28 09:56:40.000000000,100108,280,100062,280,100115,280,100035,380,100150,100,100022,100,100186,100,100021,100,100193,100,100018,100,100205,100,99946,100,100321,100,99930,100,100549,100,99924,100,100661,100,99923,100,100674,100,99916,100
2019-06-28 09:56:50.000000000,100108,172,100062,172,100115,172,100035,272,100150,172,100022,172,100186,172,100021,172,100193,172,100018,172,100205,100,99946,100,100321,100,99930,100,100549,100,99924,100,100661,100,99923,100,100674,100,99916,100
2019-06-28 09:57:00.000000000,100108,190,100062,190,100115,190,100035,290,100150,190,100022,190,100186,190,100021,190,100193,100,100018,100,100205,100,99946,100,100321,100,99930,100,100549,100,99924,100,100661,100,99923,100,100674,100,99916,100
2019-06-28 09:57:10.000000000,100108,460,100062,460,100115,100,100035,200,100150,100,100022,100,100186,100,100021,100,100193,100,100018,100,100205,100,99946,100,100321,100,99930,100,100549,100,99924,100,100661,100,99923,100,100674,100,99916,100
2019-06-28 09:57:12.537674178,100103,100,100062,460,100108,460,100035,200,100115,100,100022,100,100150,100,100021,100,100186,100,100018,100,100193,100,99946,100,100205,100,99930,100,100321,100,99924,100,100549,100,99923,100,100661,100,99916,100
2019-06-28 09:57:15.511521355,100103,200,100062,460,100108,460,100035,200,100115,100,100022,100,100150,100,100021,100,100186,100,99946,100,100193,100,99930,100,100205,100,99924,100,100321,100,99923,100,100549,100,99916,100,100661,100,99912,100
2019-06-28 09:57:20.000000000,100103,560,100062,460,100108,100,100035,200,100115,100,100022,100,100150,100,100021,100,100186,100,99946,100,100193,100,99930,100,100205,100,99924,100,100321,100,99923,100,100549,100,99916,100,100661,100,99912,100
2019-06-28 09:57:25.515010329,100103,560,100062,360,100108,100,100035,200,100115,100,100022,100,100150,100,100021,100,100186,100,99946,100,100193,100,99930,100,100205,100,99924,100,100321,100,99923,100,100549,100,99916,100,100661,100,99912,100
2019-06-28 09:57:30.000000000,100103,380,100035,380,100108,280,100022,280,100115,100,100021,100,100150,100,99946,100,100186,100,99930,100,100193,100,99924,100,100205,100,99923,100,100321,100,99916,100,100549,100,99912,100,100661,100,99897,100
2019-06-28 09:57:40.000000000,100103,380,100035,380,100108,280,100022,280,100115,100,100021,100,100150,100,99946,100,100186,100,99930,100,100193,100,99924,100,100205,100,99923,100,100321,100,99916,100,100549,100,99912,100,100661,100,99897,100
2019-06-28 09:57:43.261796628,100103,380,100035,280,100108,280,100022,280,100115,100,100021,100,100150,100,99946,100,100186,100,99930,100,100193,100,99924,100,100205,100,99923,100,100321,100,99916,100,100549,100,99912,100,100661,100,99897,100
2019-06-28 09:57:48.391154371,100103,380,100035,280,100108,280,100022,280,100115,100,100021,100,100150,100,99946,100,100186,100,99930,100,100193,100,99924,100,100205,100,99923,100,100321,100,99916,100,100661,100,99912,100,100674,100,99897,100
2019-06-28 09:57:50.000000000,100103,290,100035,190,100108,190,100022,190,100115,190,100021,190,100150,190,99946,190,100186,100,99930,100,100193,100,99924,100,100205,100,99923,100,100321,100,99916,100,100661,100,99912,100,100674,100,99897,100
2019-06-28 09:57:53.762560861,100062,100,100035,190,100103,290,100022,90,100108,190,100021,190,100115,190,99946,190,100150,190,99930,100,100186,100,99924,100,100193,100,99923,100,100205,100,99916,100,100321,100,99912,100,100661,100,99897,100
2019-06-28 09:57:58.930727316,100062,100,100035,190,100103,290,100022,90,100108,190,100021,190,100115,190,99946,190,100150,190,99930,100,100186,100,99924,100,100193,100,99923,100,100205,100,99916,100,100321,100,99912,100,100661,100,99897,100
2019-06-28 09:58:00.000000000,100062,172,100035,172,100103,272,100021,172,100108,172,99946,172,100115,172,99930,172,100150,172,99924,172,100186,100,99923,100,100193,100,99916,100,100205,100,99912,100,100321,100,99897,100,100661,100,99886,100
2019-06-28 09:58:02.634834396,100062,172,100035,72,100103,272,100021,172,100108,172,99946,172,100115,172,99930,172,100150,172,99924,172,100193,100,99923,100,100205,100,99916,100,100321,100,99912,100,100661,100,99897,100,100674,100,99886,100
2019-06-28 09:58:10.000000000,100062,460,100021,460,100103,200,99946,100,100108,100,99930,100,100115,100,99924,100,100150,100,99923,100,100193,100,99916,100,100205,100,99912,100,100321,100,99897,100,100661,100,99886,100,100674,100,99869,100
2019-06-28 09:58:20.000000000,100062,460,100021,460,100103,200,99946,100,100108,100,99930,100,100115,100,99924,100,100150,100,99923,100,100193,100,99916,100,100205,100,99912,100,100321,100,99897,100,100661,100,99886,100,100674,100,99869,100
2019-06-28 09:58:27.531752145,100062,460,100021,460,100103,200,99946,100,100108,100,99930,100,100115,100,99924,100,100150,100,99923,100,100193,100,99912,100,100205,100,99897,100,100321,100,99886,100,100661,100,99869,100,100674,100,99841,100
2019-06-28 09:58:30.000000000,100062,460,100021,460,100103,200,99946,100,100108,100,99930,100,100115,100,99924,100,100150,100,99923,100,100193,100,99912,100,100205,100,99897,100,100321,100,99886,100,100661,100,99869,100,100674,100,99841,100
2019-06-28 09:58:40.000000000,100062,190,100021,190,100103,290,99946,190,100108,190,99930,190,100115,190,99924,190,100150,100,99923,100,100193,100,99912,100,100205,100,99897,100,100321,100,99886,100,100661,100,99869,100,100674,100,99841,100
2019-06-28 09:58:50.000000000,100062,172,100021,172,100103,272,99946,172,100108,172,99930,172,100115,172,99924,172,100150,172,99923,172,100193,100,99912,100,100205,100,99897,100,100321,100,99886,100,100661,100,99869,100,100674,100,99841,100
2019-06-28 09:59:00.000000000,100062,172,100021,172,100103,272,99946,172,100108,172,99930,172,100115,172,99924,172,100150,172,99923,172,100193,100,99912,100,100205,100,99897,100,100321,100,99886,100,100661,100,99869,100,100674,100,99841,100
2019-06-28 09:59:10.000000000,100062,190,100021,190,100103,290,99946,190,100108,190,99930,190,100115,190,99924,190,100150,100,99923,100,100193,100,99912,100,100205,100,99897,100,100321,100,99886,100,100661,100,99869,100,100674,100,99841,100
2019-06-28 09:59:20.000000000,100062,460,100021,460,100103,200,99946,100,100108,100,99930,100,100115,100,99924,100,100150,100,99923,100,100193,100,99912,100,100205,100,99897,100,100321,100,99886,100,100661,100,99869,100,100674,100,99841,100
2019-06-28 09:59:30.000000000,100062,222,100021,222,100103,319,99946,219,100108,219,99930,219,100115,100,99924,100,100150,100,99923,100,100193,100,99912,100,100205,100,99897,100,100321,100,99886,100,100661,100,99869,100,100674,100,99841,100
2019-06-28 09:59:32.042628478,100035,100,100021,222,100062,222,99946,219,100103,319,99930,219,100108,219,99924,100,100115,100,99923,100,100150,100,99912,100,100193,100,99897,100,100205,100,99886,100,100321,100,99869,100,100661,100,99841,100
2019-06-28 09:59:40.000000000,100035,280,100021,280,100062,280,99946,280,100103,200,99930,100,100108,100,99924,100,100115,100,99923,100,100150,100,99912,100,100193,100,99897,100,100205,100,99886,100,100321,100,99869,100,100661,100,99841,100
2019-06-28 09:59:50.000000000,100035,222,100021,222,100062,219,99946,219,100103,319,99930,219,100108,100,99924,100,100115,100,99923,100,100150,100,99912,100,100193,100,99897,100,100205,100,99886,100,100321,100,99869,100,100661,100,99841,100
2019-06-28 10:00:00.000000000,100035,222,100021,222,100062,219,99946,219,100103,319,99930,219,100108,100,99924,100,100115,100,99923,100,100150,100,99912,100,100193,100,99897,100,100205,100,99886,100,100321,100,99869,100,100661,100,99841,100
2019-06-28 10:00:10.000000000,100035,280,100021,280,100062,280,99946,280,100103,200,99930,100,100108,100,99924,100,100115,100,99923,100,100150,100,99912,100,100193,100,99897,100,100205,100,99886,100,100321,100,99869,100,100661,100,99841,100
2019-06-28 10:00:20.000000000,100035,190,100021,190,100062,190,99946,190,100103,290,99930,190,100108,190,99924,190,100115,100,99923,100,100150,100,99912,100,100193,100,99897,100,100205,100,99886,100,100321,100,99869,100,100661,100,99841,100
2019-06-28 10:00:30.000000000,100035,172,100021,172,100062,172,99946,172,100103,272,99930,172,100108,172,99924,172,100115,172,99923,172,100150,100,99912,100,100193,100,99897,100,100205,100,99886,100,100321,100,99869,100,100661,100,99841,100
2019-06-28 10:00:40.000000000,100035,280,100021,280,100062,280,99946,280,100103,200,99930,100,100108,100,99924,100,100115,100,99923,100,100150,100,99912,100,100193,100,99897,100,100205,100,99886,100,100321,100,99869,100,100661,100,99841,100
2019-06-28 10:00:49.382935995,100035,280,100021,180,100062,280,99946,280,100103,200,99930,100,100108,100,99924,100,100115,100,99912,100,100150,100,99897,100,100193,100,99886,100,100205,100,99869,100,100321,100,99841,100,100661,100,99704,100
2019-06-28 10:00:50.000000000,100035,280,99946,280,100062,280,99930,280,100103,200,99924,100,100108,100,99912,100,100115,100,99897,100,100150,100,99886,100,100193,100,99869,100,100205,100,99841,100,100321,100,99704,100,100661,100,99661,100
2019-06-28 10:01:00.000000000,100035,190,99946,190,100062,190,99930,190,100103,290,99924,190,100108,190,99912,190,100115,100,99897,100,100150,100,99886,100,100193,100,99869,100,100205,100,99841,100,100321,100,99704,100,100661,100,99661,100
2019-06-28 10:01:10.000000000,100035,222,99946,222,100062,219,99930,219,100103,319,99924,219,100108,100,99912,100,100115,100,99897,100,100150,100,99886,100,100193,100,99869,100,100205,100,99841,100,100321,100,99704,100,100661,100,99661,100
2019-06-28 10:01:20.000000000,100035,460,99946,460,100062,100,99930,100,100103,200,99924,100,100108,100,99912,100,100115,100,99897,100,100150,100,99886,100,100193,100,99869,100,100205,100,99841,100,100321,100,99704,100,100661,100,99661,100
2019-06-28 10:01:30.000000000,100035,190,99946,190,100062,190,99930,190,100103,290,99924,190,100108,190,99912,190,100115,100,99897,100,100150,100,99886,100,100193,100,99869,100,100205,100,99841,100,100321,100,99704,100,100661,100,99661,100
2019-06-28 10:01:40.000000000,100035,280,99946,280,100062,280,99930,280,100103,200,99924,100,100108,100,99912,100,100115,100,99897,100,100150,100,99886,100,100193,100,99869,100,100205,100,99841,100,100321,100,99704,100,100661,100,99661,100
2019-06-28 10:01:41.326896834,100035,280,99946,280,100062,280,99930,280,100103,200,99924,100,100108,100,99912,100,100115,100,99897,100,100150,100,99886,100,100193,100,99869,100,100205,100,99841,100,100321,100,99704,100,100661,100,99661,100
2019-06-28 10:01:50.000000000,100035,172,99946,172,100062,172,99930,172,100103,272,99924,172,100108,172,99912,172,100115,172,99897,172,100150,100,99886,100,100193,100,99869,100,100205,100,99841,100,100321,100,99704,100,100661,100,99661,100
2019-06-28 10:02:00.000000000,100035,222,99946,222,100062,219,99930,219,100103,319,99924,219,100108,100,99912,100,100115,100,99897,100,100150,100,99886,100,100193,100,99869,100,100205,100,99841,100,100321,100,99704,100,100661,100,99661,100
2019-06-28 10:02:10.000000000,100035,460,99946,460,100062,100,99930,100,100103,200,99924,100,100108,100,99912,100,100115,100,99897,100,100150,100,99886,100,100193,100,99869,100,100205,100,99841,100,100321,100,99704,100,100661,100,99661,100
2019-06-28 10:02:12.000219027,100035,460,99946,460,100062,100,99930,100,100103,200,99924,100,100108,100,99912,100,100115,100,99897,100,100150,100,99886,100,100193,100,99869,100,100205,100,99841,100,100321,100,99704,100,100661,100,99661,100
2019-06-28 10:02:20.000000000,100035,280,99946,280,100062,280,99930,280,100103,200,99924,100,100108,100,99912,100,100115,100,99897,100,100150,100,99886,100,100193,100,99869,100,100205,100,99841,100,100321,100,99704,100,100661,100,99661,100
2019-06-28 10:02:30.000000000,100035,222,99946,222,100062,219,99930,219,100103,319,99924,219,100108,100,99912,100,100115,100,99897,100,100150,100,99886,100,100193,100,99869,100,100205,100,99841,100,100321,100,99704,100,100661,100,99661,100
2019-06-28 10:02:39.446520794,100035,222,99946,122,100062,219,99930,219,100103,319,99924,219,100108,100,99912,100,100115,100,99897,100,100150,100,99886,100,100193,100,99869,100,100205,100,99841,100,100321,100,99704,100,100661,100,99661,100
2019-06-28 10:02:40.000000000,100035,460,99930,460,100062,100,99924,100,100103,200,99912,100,100108,100,99897,100,100115,100,99886,100,100150,100,99869,100,100193,100,99841,100,100205,100,99704,100,100321,100,99661,100,100661,100,99603,100
2019-06-28 10:02:50.000000000,100035,460,99930,460,100062,100,99924,100,100103,200,99912,100,100108,100,99897,100,100115,100,99886,100,100150,100,99869,100,100193,100,99841,100,100205,100,99704,100,100321,100,99661,100,100661,100,99603,100
2019-06-28 10:03:00.000000000,100035,172,99930,172,100062,172,99924,172,100103,272,99912,172,100108,172,99897,172,100115,172,99886,172,100150,100,99869,100,100193,100,99841,100,100205,100,99704,100,100321,100,99661,100,100661,100,99603,100
2019-06-28 10:03:10.000000000,100035,190,99930,190,100062,190,99924,190,100103,290,99912,190,100108,190,99897,190,100115,100,99886,100,100150,100,99869,100,100193,100,99841,100,100205,100,99704,100,100321,100,99661,100,100661,100,99603,100
2019-06-28 10:03:10.710161118,100035,190,99930,190,100062,190,99924,190,100103,290,99912,190,100108,190,99897,190,100115,100,99886,100,100150,100,99869,100,100193,100,99704,100,100205,100,99661,100,100321,100,99603,100,100661,100,99427,100
2019-06-28 10:03:20.000000000,100035,222,99930,222,100062,219,99924,219,100103,319,99912,219,100108,100,99897,100,100115,100,99886,100,100150,100,99869,100,100193,100,99704,100,100205,100,99661,100,100321,100,99603,100,100661,100,99427,100
2019-06-28 10:03:26.370678286,100035,222,99930,122,100062,219,99924,219,100103,319,99912,219,100108,100,99897,100,100150,100,99886,100,100193,100,99869,100,100205,100,99704,100,100321,100,99661,100,100661,100,99603,100,100674,100,99427,100
2019-06-28 10:03:30.000000000,100035,190,99924,190,100062,190,99912,190,100103,290,99897,190,100108,190,99886,190,100150,100,99869,100,100193,100,99704,100,100205,100,99661,100,100321,100,99603,100,100661,100,99427,100,100674,100,99413,100
2019-06-28 10:03:36.656620307,100035,190,99924,90,100062,190,99912,190,100103,290,99897,190,100108,190,99886,190,100150,100,99869,100,100193,100,99704,100,100205,100,99661,100,100321,100,99603,100,100661,100,99427,100,100674,100,99413,100
2019-06-28 10:03:38.209055598,99924,10,99912,190,100035,190,99897,190,100062,190,99886,190,100103,290,99869,100,100108,190,99704,100,100150,100,99661,100,100193,100,99603,100,100205,100,99427,100,100321,100,99413,100,100661,100,99393,100
2019-06-28 10:03:40.000000000,99924,370,99912,460,100035,100,99897,100,100062,100,99886,100,100103,200,99869,100,100108,100,99704,100,100150,100,99661,100,100193,100,99603,100,100205,100,99427,100,100321,100,99413,100,100661,100,99393,100
2019-06-28 10:03:50.000000000,99924,100,99912,190,100035,190,99897,190,100062,190,99886,190,100103,290,99869,190,100108,100,99704,100,100150,100,99661,100,100193,100,99603,100,100205,100,99427,100,100321,100,99413,100,100661,100,99393,100
2019-06-28 10:04:00.000000000,99924,100,99912,190,100035,190,99897,190,100062,190,99886,190,100103,290,99869,190,100108,100,99704,100,100150,100,99661,100,100193,100,99603,100,100205,100,99427,100,100321,100,99413,100,100661,100,99393,100
2019-06-28 10:04:10.000000000,99924,100,99912,190,100035,190,99897,190,100062,190,99886,190,100103,290,99869,190,100108,100,99704,100,100150,100,99661,100,100193,100,99603,100,100205,100,99427,100,100321,100,99413,100,100661,100,99393,100
2019-06-28 10:04:20.000000000,99924,82,99912,172,100035,172,99897,172,100062,172,99886,172,100103,272,99869,172,100108,172,99704,172,100150,100,99661,100,100193,100,99603,100,100205,100,99427,100,100321,100,99413,100,100661,100,99393,100
2019-06-28 10:04:27.681883369,99924,82,99912,72,100035,172,99897,172,100062,172,99886,172,100103,272,99869,172,100108,172,99704,172,100150,100,99661,100,100193,100,99603,100,100205,100,99427,100,100321,100,99413,100,100661,100,99393,100
2019-06-28 10:04:30.000000000,99924,82,99897,172,100035,172,99886,172,100062,172,99869,172,100103,272,99704,172,100108,172,99661,172,100150,100,99603,100,100193,100,99427,100,100205,100,99413,100,100321,100,99393,100,100661,100,99310,100
2019-06-28 10:04:34.473468352,99923,100,99897,172,99924,82,99886,172,100035,172,99869,172,100062,172,99704,172,100103,272,99661,172,100108,172,99603,100,100150,100,99427,100,100193,100,99413,100,100205,100,99393,100,100321,100,99310,100
2019-06-28 10:04:40.000000000,99923,222,99897,222,99924,129,99886,219,100035,219,99869,219,100062,100,99704,100,100103,200,99661,100,100108,100,99603,100,100150,100,99427,100,100193,100,99413,100,100205,100,99393,100,100321,100,99310,100
2019-06-28 10:04:43.511373127,99923,222,99897,222,99924,129,99886,219,100035,219,99869,219,100062,100,99704,100,100103,200,99661,100,100108,100,99603,100,100150,100,99427,100,100193,100,99413,100,100205,100,99393,100,100321,100,99310,100
2019-06-28 10:04:50.000000000,99923,280,99897,280,99924,190,99886,280,100035,100,99869,100,100062,100,99704,100,100103,200,99661,100,100108,100,99603,100,100150,100,99427,100,100193,100,99413,100,100205,100,99393,100,100321,100,99310,100
2019-06-28 10:05:00.000000000,99923,222,99897,222,99924,129,99886,219,100035,219,99869,219,100062,100,99704,100,100103,200,99661,100,100108,100,99603,100,100150,100,99427,100,100193,100,99413,100,100205,100,99393,100,100321,100,99310,100
2019-06-28 10:05:10.000000000,99923,460,99897,460,99924,10,99886,100,100035,100,99869,100,100062,100,99704,100,100103,200,99661,100,100108,100,99603,100,100150,100,99427,100,100193,100,99413,100,100205,100,99393,100,100321,100,99310,100
2019-06-28 10:05:16.922435385,99923,460,99897,460,99924,10,99886,100,100035,100,99869,100,100062,100,99704,100,100103,200,99661,100,100108,100,99603,100,100150,100,99427,100,100193,100,99413,100,100205,100,99393,100,100321,100,99310,100
2019-06-28 10:05:20.000000000,99923,172,99897,172,99924,82,99886,172,100035,172,99869,172,100062,172,99704,172,100103,272,99661,172,100108,100,99603,100,100150,100,99427,100,100193,100,99413,100,100205,100,99393,100,100321,100,99310,100
2019-06-28 10:05:30.000000000,99923,280,99897,280,99924,190,99886,280,100035,100,99869,100,100062,100,99704,100,100103,200,99661,100,100108,100,99603,100,100150,100,99427,100,100193,100,99413,100,100205,100,99393,100,100321,100,99310,100
2019-06-28 10:05:31.828945297,99923,280,99897,180,99924,190,99886,280,100035,100,99869,100,100062,100,99704,100,100103,200,99661,100,100108,100,99603,100,100150,100,99427,100,100193,100,99413,100,100205,100,99393,100,100321,100,99310,100
2019-06-28 10:05:32.860715825,99923,280,99897,180,99924,190,99886,280,100035,100,99869,100,100062,100,99704,100,100103,200,99661,100,100108,100,99603,100,100150,100,99427,100,100193,100,99413,100,100205,100,99393,100,100321,100,99310,100
2019-06-28 10:05:40.000000000,99923,190,99886,190,99924,100,99869,190,100035,190,99704,190,100062,190,99661,190,100103,200,99603,100,100108,100,99427,100,100150,100,99413,100,100193,100,99393,100,100205,100,99310,100,100321,100,99035,100
2019-06-28 10:05:44.012957229,99923,190,99886,190,99924,100,99869,190,100035,190,99704,190,100062,90,99661,190,100103,200,99603,100,100108,100,99427,100,100150,100,99413,100,100193,100,99393,100,100205,100,99310,100,100321,100,99035,100
2019-06-28 10:05:50.000000000,99923,190,99886,190,99924,100,99869,190,100035,190,99704,190,100103,290,99661,190,100108,100,99603,100,100150,100,99427,100,100193,100,99413,100,100205,100,99393,100,100321,100,99310,100,100661,100,99035,100
2019-06-28 10:06:00.000000000,99923,172,99886,172,99924,82,99869,172,100035,172,99704,172,100103,272,99661,172,100108,172,99603,172,100150,100,99427,100,100193,100,99413,100,100205,100,99393,100,100321,100,99310,100,100661,100,99035,100
2019-06-28 10:06:10.000000000,99923,172,99886,172,99924,82,99869,172,100035,172,99704,172,100103,272,99661,172,100108,172,99603,172,100150,100,99427,100,100193,100,99413,100,100205,100,99393,100,100321,100,99310,100,100661,100,99035,100
2019-06-28 10:06:20.000000000,99923,190,99886,190,99924,100,99869,190,100035,190,99704,190,100103,290,99661,190,100108,100,99603,100,100150,100,99427,100,100193,100,99413,100,100205,100,99393,100,100321,100,99310,100,100661,100,99035,100
2019-06-28 10:06:30.000000000,99923,190,99886,190,99924,100,99869,190,100035,190,99704,190,100103,290,99661,190,100108,100,99603,100,100150,100,99427,100,100193,100,99413,100,100205,100,99393,100,100321,100,99310,100,100661,100,99035,100
2019-06-28 10:06:37.593924400,99912,100,99886,190,99923,190,99869,190,99924,100,99704,190,100035,190,99661,190,100103,290,99603,100,100108,100,99427,100,100150,100,99413,100,100193,100,99393,100,100205,100,99310,100,100321,100,99035,100
2019-06-28 10:06:40.000000000,99912,172,99886,172,99923,172,99869,172,99924,82,99704,172,100035,172,99661,172,100103,272,99603,172,100108,100,99427,100,100150,100,99413,100,100193,100,99393,100,100205,100,99310,100,100321,100,99035,100
2019-06-28 10:06:49.347645550,99912,272,99886,172,99923,172,99869,172,99924,82,99704,172,100035,172,99661,172,100103,272,99603,172,100108,100,99427,100,100150,100,99413,100,100193,100,99393,100,100205,100,99310,100,100321,100,99035,100
2019-06-28 10:06:50.000000000,99912,290,99886,190,99923,190,99869,190,99924,100,99704,190,100035,190,99661,190,100103,200,99603,100,100108,100,99427,100,100150,100,99413,100,100193,100,99393,100,100205,100,99310,100,100321,100,99035,100
2019-06-28 10:06:54.330810578,99912,290,99886,190,99923,190,99869,190,99924,100,99704,190,100035,190,99661,190,100103,200,99603,100,100108,100,99427,100,100150,100,99413,100,100193,100,99393,100,100321,100,99310,100,100661,100,99035,100
2019-06-28 10:07:00.000000000,99912,322,99886,222,99923,219,99869,219,99924,129,99704,219,100035,100,99661,100,100103,200,99603,100,100108,100,99427,100,100150,100,99413,100,100193,100,99393,100,100321,100,99310,100,100661,100,99035,100
2019-06-28 10:07:10.000000000,99912,290,99886,190,99923,190,99869,190,99924,100,99704,190,100035,190,99661,190,100103,200,99603,100,100108,100,99427,100,100150,100,99413,100,100193,100,99393,100,100321,100,99310,100,100661,100,99035,100
2019-06-28 10:07:20.000000000,99912,380,99886,280,99923,280,99869,280,99924,10,99704,100,100035,100,99661,100,100103,200,99603,100,100108,100,99427,100,100150,100,99413,100,100193,100,99393,100,100321,100,99310,100,100661,100,99035,100
2019-06-28 10:07:23.005686611,99912,280,99886,280,99923,280,99869,280,99924,10,99704,100,100035,100,99661,100,100103,200,99603,100,100108,100,99427,100,100150,100,99413,100,100193,100,99393,100,100321,100,99310,100,100661,100,99035,100
2019-06-28 10:07:28.760281348,99912,280,99886,180,99923,280,99869,280,99924,10,99704,100,100035,100,99661,100,100103,200,99603,100,100108,100,99427,100,100150,100,99413,100,100193,100,99393,100,100321,100,99310,100,100661,100,99035,100
2019-06-28 10:07:30.000000000,99912,222,99869,222,99923,219,99704,219,99924,129,99661,219,100035,100,99603,100,100103,200,99427,100,100108,100,99413,100,100150,100,99393,100,100193,100,99310,100,100321,100,99035,100,100661,100,98842,100
2019-06-28 10:07:40.000000000,99912,222,99869,222,99923,219,99704,219,99924,129,99661,219,100035,100,99603,100,100103,200,99427,100,100108,100,99413,100,100150,100,99393,100,100193,100,99310,100,100321,100,99035,100,100661,100,98842,100
2019-06-28 10:07:50.000000000,99912,222,99869,222,99923,219,99704,219,99924,129,99661,219,100035,100,99603,100,100103,200,99427,100,100108,100,99413,100,100150,100,99393,100,100193,100,99310,100,100321,100,99035,100,100661,100,98842,100
2019-06-28 10:08:00.000000000,99912,172,99869,172,99923,172,99704,172,99924,82,99661,172,100035,172,99603,172,100103,272,99427,172,100108,100,99413,100,100150,100,99393,100,100193,100,99310,100,100321,100,99035,100,100661,100,98842,100
2019-06-28 10:08:02.500275251,99912,172,99869,72,99923,172,99704,172,99924,82,99661,172,100035,172,99603,172,100103,272,99427,172,100108,100,99413,100,100150,100,99393,100,100193,100,99310,100,100321,100,99035,100,100661,100,98842,100
2019-06-28 10:08:03.499764661,99869,28,99704,172,99912,172,99661,172,99923,172,99603,172,99924,82,99427,172,100035,172,99413,100,100103,272,99393,100,100108,100,99310,100,100150,100,99035,100,100193,100,98842,100,100321,100,98494,100
2019-06-28 10:08:10.000000000,99869,100,99704,172,99912,172,99661,172,99923,172,99603,172,99924,82,99427,172,100035,172,99413,172,100103,200,99393,100,100108,100,99310,100,100150,100,99035,100,100193,100,98842,100,100321,100,98494,100
2019-06-28 10:08:20.000000000,99869,208,99704,280,99912,280,99661,280,99923,100,99603,100,99924,10,99427,100,100035,100,99413,100,100103,200,99393,100,100108,100,99310,100,100150,100,99035,100,100193,100,98842,100,100321,100,98494,100
