,ask_price_1,ask_size_1,bid_price_1,bid_size_1,ask_price_2,ask_size_2,bid_price_2,bid_size_2,ask_price_3,ask_size_3,bid_price_3,bid_size_3,ask_price_4,ask_size_4,bid_price_4,bid_size_4,ask_price_5,ask_size_5,bid_price_5,bid_size_5,ask_price_6,ask_size_6,bid_price_6,bid_size_6,ask_price_7,ask_size_7,bid_price_7,bid_size_7,ask_price_8,ask_size_8,bid_price_8,bid_size_8,ask_price_9,ask_size_9,bid_price_9,bid_size_9,ask_price_10,ask_size_10,bid_price_10,bid_size_10
2019-06-28 09:30:00.000000001,100150,100,,,,,,,,,,,,,,,,,,,,,,,,,,,,,,,,,,,,,,
2019-06-28 09:30:00.000000002,100150,100,99897,100,100207,100,,,,,,,,,,,,,,,,,,,,,,,,,,,,,,,,,,
2019-06-28 09:30:00.000000004,100150,100,99897,100,100207,100,99858,100,,,,,,,,,,,,,,,,,,,,,,,,,,,,,,,,
2019-06-28 09:30:00.000000005,100150,100,99897,100,100207,100,99879,100,,,99858,100,,,,,,,,,,,,,,,,,,,,,,,,,,,,
2019-06-28 09:30:00.000000006,99984,100,99897,100,100150,100,99879,100,100207,100,99858,100,,,,,,,,,,,,,,,,,,,,,,,,,,,,
2019-06-28 09:30:00.000000008,99984,100,99932,100,100150,100,99897,100,100207,100,99879,100,,,99858,100,,,,,,,,,,,,,,,,,,,,,,,,
2019-06-28 09:30:00.000000011,99946,100,99932,100,99984,100,99897,100,100150,100,99879,100,100207,100,99858,100,,,,,,,,,,,,,,,,,,,,,,,,
2019-06-28 09:30:00.000000012,99946,100,99933,100,99984,100,99932,100,100150,100,99897,100,100207,100,99879,100,,,99858,100,,,,,,,,,,,,,,,,,,,,
2019-06-28 09:30:00.000000013,99984,100,99933,100,100150,100,99932,100,100207,100,99897,100,,,99879,100,,,99858,100,,,,,,,,,,,,,,,,,,,,
2019-06-28 09:30:00.000000014,99984,100,99956,100,100150,100,99933,100,100207,100,99932,100,,,99897,100,,,99879,100,,,99858,100,,,,,,,,,,,,,,,,
2019-06-28 09:30:00.000000015,99984,100,99956,100,100018,100,99933,100,100127,100,99932,100,100150,100,99897,100,100207,100,99879,100,,,99858,100,,,,,,,,,,,,,,,,
2019-06-28 09:30:00.000000016,99984,100,99933,100,100018,100,99932,100,100127,100,99897,100,100150,100,99879,100,100207,100,99858,100,,,,,,,,,,,,,,,,,,,,
2019-06-28 09:30:00.000000017,99984,100,99946,100,100018,100,99933,100,100127,100,99932,100,100150,100,99897,100,100207,100,99879,100,,,99858,100,,,,,,,,,,,,,,,,
2019-06-28 09:30:00.000000018,99984,100,99946,200,100018,100,99933,100,100127,100,99932,100,100150,100,99897,100,100207,100,99879,100,,,99858,100,,,,,,,,,,,,,,,,
2019-06-28 09:30:00.000000021,99984,100,99946,300,100018,100,99933,100,100127,100,99932,100,100150,100,99897,100,100207,100,99879,100,,,99858,100,,,,,,,,,,,,,,,,
2019-06-28 09:30:00.000000024,99984,100,99946,300,100018,100,99933,100,100127,100,99932,100,100150,100,99922,100,100207,100,99897,100,,,99879,100,,,99858,100,,,,,,,,,,,,
2019-06-28 09:30:00.000000025,99984,100,99946,300,100018,100,99933,100,100127,100,99932,100,100150,100,99922,100,100207,100,99897,100,,,99890,100,,,99879,100,,,99858,100,,,,,,,,
2019-06-28 09:30:00.000000028,99984,100,99946,300,99996,100,99933,100,100018,100,99932,100,100127,100,99922,100,100150,100,99897,100,100207,100,99890,100,,,99879,100,,,99858,100,,,,,,,,
2019-06-28 09:30:00.000000030,99984,100,99946,300,99996,100,99933,100,100018,100,99932,100,100089,100,99922,100,100127,100,99915,100,100150,100,99897,100,100207,100,99890,100,,,99879,100,,,99858,100,,,,
2019-06-28 09:30:00.000000032,99984,100,99946,300,99996,100,99940,100,100018,100,99933,100,100089,100,99932,100,100127,100,99922,100,100150,100,99915,100,100207,100,99897,100,,,99895,100,,,99890,100,,,99879,100
2019-06-28 09:30:00.000000034,99996,100,99956,100,100018,100,99946,300,100089,100,99940,100,100127,100,99933,100,100150,100,99932,100,100207,100,99922,100,,,99915,100,,,99897,100,,,99895,100,,,99890,100
2019-06-28 09:30:00.000000035,99996,100,99956,100,100018,100,99946,300,100089,100,99940,100,100093,100,99933,100,100127,100,99932,100,100150,100,99922,100,100207,100,99915,100,,,99897,100,,,99895,100,,,99890,100
2019-06-28 09:30:00.000000040,99996,100,99956,100,100018,100,99946,300,100089,100,99940,100,100093,100,99933,100,100127,100,99932,100,100150,100,99922,100,100207,100,99921,100,,,99915,100,,,99897,100,,,99895,100
2019-06-28 09:30:00.000000042,99984,100,99956,100,99996,100,99946,300,100018,100,99940,100,100089,100,99933,100,100093,100,99932,100,100127,100,99922,100,100150,100,99921,100,100207,100,99915,100,,,99897,100,,,99895,100
2019-06-28 09:30:00.000000045,99984,100,99956,100,99996,100,99946,300,100018,100,99940,100,100045,100,99933,100,100089,100,99932,100,100093,100,99922,100,100127,100,99921,100,100150,100,99915,100,100207,100,99897,100,,,99895,100
2019-06-28 09:30:00.000000047,99984,100,99956,100,99996,100,99946,300,100018,100,99940,100,100045,100,99933,100,100089,100,99932,100,100093,100,99922,100,100127,100,99921,100,100148,100,99915,100,100150,100,99897,100,100207,100,99895,100
2019-06-28 09:30:00.000000049,99996,100,99956,100,100018,100,99946,300,100045,100,99940,100,100089,100,99933,100,100093,100,99932,100,100127,100,99922,100,100148,100,99921,100,100150,100,99915,100,100207,100,99897,100,,,99895,100
2019-06-28 09:30:00.000000054,99996,100,99956,100,100018,100,99946,300,100045,100,99940,100,100089,100,99933,100,100093,100,99932,100,100127,100,99922,100,100148,100,99921,100,100150,100,99915,100,100207,100,99897,100,,,99895,100
2019-06-28 09:30:00.000000055,99996,100,99956,100,100018,100,99952,100,100045,100,99946,300,100089,100,99940,100,100093,100,99933,100,100127,100,99932,100,100148,100,99922,100,100150,100,99921,100,100207,100,99915,100,,,99897,100
2019-06-28 09:30:00.000000056,99996,100,99956,100,100018,100,99952,100,100045,100,99946,300,100089,100,99940,100,100093,100,99933,100,100127,100,99932,100,100148,100,99922,100,100150,100,99921,100,100207,100,99915,100,,,99897,100
2019-06-28 09:30:00.000000057,99986,100,99956,100,99996,100,99952,100,100018,100,99946,300,100045,100,99940,100,100089,100,99933,100,100093,100,99932,100,100127,100,99922,100,100148,100,99921,100,100150,100,99915,100,100207,100,99897,100
2019-06-28 09:30:00.000000059,99986,100,99956,100,99996,100,99952,100,100018,100,99946,300,100045,100,99940,100,100089,100,99933,100,100090,100,99932,100,100093,100,99922,100,100127,100,99921,100,100148,100,99915,100,100150,100,99897,100
2019-06-28 09:30:00.000000062,99986,100,99984,100,99996,100,99956,100,100018,100,99952,100,100045,100,99946,300,100060,100,99940,100,100089,100,99933,100,100090,100,99932,100,100093,100,99922,100,100127,100,99921,100,100148,100,99915,100
2019-06-28 09:30:00.000000064,99986,100,99984,100,99996,100,99956,100,100018,100,99952,100,100045,100,99946,300,100060,100,99940,100,100089,100,99933,100,100090,100,99932,100,100093,100,99922,100,100127,100,99921,100,100148,100,99915,100
2019-06-28 09:30:00.000000068,99986,100,99984,100,99996,100,99956,100,100018,100,99953,100,100045,100,99952,100,100060,100,99946,300,100089,100,99940,100,100090,100,99933,100,100093,100,99932,100,100127,100,99922,100,100148,100,99921,100
2019-06-28 09:30:00.000000069,99996,100,99994,100,100018,100,99984,100,100045,100,99956,100,100060,100,99953,100,100089,100,99952,100,100090,100,99946,300,100093,100,99940,100,100127,100,99933,200,100148,100,99932,100,100150,100,99922,100
2019-06-28 09:30:00.000000070,99996,100,99994,100,100018,100,99984,100,100045,100,99956,100,100060,100,99953,100,100087,100,99952,100,100089,100,99946,300,100090,100,99940,100,100093,100,99933,200,100127,100,99932,100,100148,100,99922,100
2019-06-28 09:30:00.000000072,99996,100,99994,100,100018,100,99984,100,100045,100,99956,100,100060,100,99953,100,100087,100,99952,100,100089,100,99946,300,100090,100,99940,100,100093,100,99933,200,100127,100,99932,100,100128,100,99922,100
2019-06-28 09:30:00.000000076,99996,100,99994,100,100018,100,99984,100,100045,100,99956,100,100060,100,99953,100,100085,100,99952,100,100087,100,99946,300,100089,100,99940,100,100090,100,99933,200,100093,100,99932,100,100127,100,99922,100
2019-06-28 09:30:00.000000083,99996,100,99994,100,100018,100,99984,100,100045,100,99956,100,100060,100,99953,100,100078,100,99952,100,100085,100,99946,300,100087,100,99940,100,100089,100,99933,200,100090,100,99932,100,100093,100,99922,100
2019-06-28 09:30:00.000000085,99996,100,99994,100,100018,100,99985,100,100045,100,99984,100,100060,100,99956,100,100078,100,99953,100,100085,100,99952,100,100087,100,99946,300,100089,100,99940,100,100090,100,99933,200,100093,100,99932,100
2019-06-28 09:30:00.000000090,99996,100,99994,100,100012,100,99985,100,100018,100,99984,100,100045,100,99956,100,100048,100,99953,100,100060,100,99952,100,100078,100,99946,300,100085,100,99940,100,100087,100,99933,200,100089,100,99932,100
2019-06-28 09:30:00.000000092,100012,100,99995,100,100018,100,99994,100,100045,100,99985,100,100048,100,99984,100,100060,100,99956,100,100078,100,99953,100,100085,100,99952,100,100087,100,99946,300,100089,100,99940,100,100090,100,99933,200
2019-06-28 09:30:00.000000093,100012,100,99995,100,100018,100,99994,100,100045,100,99985,100,100048,100,99984,100,100060,100,99956,100,100078,100,99953,100,100085,100,99952,100,100087,100,99946,300,100089,100,99940,100,100090,100,99933,200
2019-06-28 09:30:00.000000094,100012,100,99995,100,100018,100,99994,100,100045,100,99985,100,100048,100,99984,100,100060,100,99956,100,100078,100,99953,100,100085,100,99952,100,100087,100,99949,100,100089,100,99946,300,100090,100,99940,100
2019-06-28 09:30:00.000000097,100012,100,99995,100,100018,100,99994,100,100045,100,99985,100,100048,100,99984,100,100060,100,99956,100,100078,100,99953,100,100085,100,99952,100,100087,100,99949,100,100089,100,99946,300,100090,100,99940,100
2019-06-28 09:30:00.000000098,100018,100,99995,100,100045,100,99994,100,100048,100,99985,100,100060,100,99984,100,100078,100,99956,100,100085,100,99953,100,100087,100,99952,100,100089,100,99949,100,100090,100,99946,300,100093,100,99940,100
2019-06-28 09:30:10.000000000,100018,231,99995,231,100045,227,99994,227,100048,227,99985,227,100060,100,99984,100,100078,100,99956,100,100085,100,99953,100,100087,100,99952,100,100089,100,99949,100,100090,100,99946,300,100093,100,99940,100
2019-06-28 09:30:10.625023743,100012,100,99995,231,100018,231,99994,227,100045,227,99985,227,100048,227,99984,100,100060,100,99956,100,100078,100,99953,100,100085,100,99952,100,100087,100,99949,100,100089,100,99946,300,100090,100,99940,100
2019-06-28 09:30:20.000000000,100012,196,99995,196,100018,196,99994,196,100045,196,99985,196,100048,196,99984,196,100060,100,99956,100,100078,100,99953,100,100085,100,99952,100,100087,100,99949,100,100089,100,99946,300,100090,100,99940,100
2019-06-28 09:30:30.000000000,100012,177,99995,177,100018,177,99994,177,100045,177,99985,177,100048,177,99984,177,100060,177,99956,177,100078,100,99953,100,100085,100,99952,100,100087,100,99949,100,100089,100,99946,300,100090,100,99940,100
2019-06-28 09:30:34.020842992,100012,177,99995,77,100018,177,99994,177,100045,177,99985,177,100048,177,99984,177,100060,177,99956,177,100078,100,99953,100,100085,100,99952,100,100087,100,99949,100,100089,100,99946,300,100090,100,99940,100
2019-06-28 09:30:40.000000000,100012,177,99994,177,100018,177,99985,177,100045,177,99984,177,100048,177,99956,177,100060,177,99953,177,100078,100,99952,100,100085,100,99949,100,100087,100,99946,300,100089,100,99940,100,100090,100,99933,200
2019-06-28 09:30:50.000000000,100012,292,99994,292,100018,292,99985,292,100045,100,99984,100,100048,100,99956,100,100060,100,99953,100,100078,100,99952,100,100085,100,99949,100,100087,100,99946,300,100089,100,99940,100,100090,100,99933,200
2019-06-28 09:31:00.000000000,100012,292,99994,292,100018,292,99985,292,100045,100,99984,100,100048,100,99956,100,100060,100,99953,100,100078,100,99952,100,100085,100,99949,100,100087,100,99946,300,100089,100,99940,100,100090,100,99933,200
2019-06-28 09:31:02.603030784,100012,292,99996,100,100018,292,99994,292,100045,100,99985,292,100048,100,99984,100,100060,100,99956,100,100078,100,99953,100,100085,100,99952,100,100087,100,99949,100,100089,100,99946,300,100090,100,99940,100
2019-06-28 09:31:10.000000000,100012,292,99996,292,100018,292,99994,292,100045,100,99985,100,100048,100,99984,100,100060,100,99956,100,100078,100,99953,100,100085,100,99952,100,100087,100,99949,100,100089,100,99946,300,100090,100,99940,100
2019-06-28 09:31:17.168890432,100011,100,99996,292,100012,292,99994,292,100018,292,99985,100,100045,100,99984,100,100048,100,99956,100,100060,100,99953,100,100078,100,99952,100,100085,100,99949,100,100087,100,99946,300,100089,100,99940,100
2019-06-28 09:31:20.000000000,100011,484,99996,484,100012,100,99994,100,100018,100,99985,100,100045,100,99984,100,100048,100,99956,100,100060,100,99953,100,100078,100,99952,100,100085,100,99949,100,100087,100,99946,300,100089,100,99940,100
2019-06-28 09:31:30.000000000,100011,177,99996,177,100012,177,99994,177,100018,177,99985,177,100045,177,99984,177,100048,177,99956,177,100060,100,99953,100,100078,100,99952,100,100085,100,99949,100,100087,100,99946,300,100089,100,99940,100
2019-06-28 09:31:31.006908809,100011,177,99996,177,100012,177,99994,177,100018,177,99985,177,100045,177,99984,177,100048,177,99956,77,100060,100,99953,100,100078,100,99952,100,100085,100,99949,100,100087,100,99946,300,100089,100,99940,100
2019-06-28 09:31:40.000000000,100011,196,99996,196,100012,196,99994,196,100018,196,99985,196,100045,196,99984,196,100048,100,99953,100,100060,100,99952,100,100078,100,99949,100,100085,100,99946,300,100087,100,99940,100,100089,100,99933,200
2019-06-28 09:31:47.895034899,100011,196,99996,296,100012,196,99994,196,100018,196,99985,196,100045,196,99984,196,100048,100,99953,100,100060,100,99952,100,100078,100,99949,100,100085,100,99946,300,100087,100,99940,100,100089,100,99933,200
2019-06-28 09:31:50.000000000,100011,231,99996,331,100012,227,99994,227,100018,227,99985,227,100045,100,99984,100,100048,100,99953,100,100060,100,99952,100,100078,100,99949,100,100085,100,99946,300,100087,100,99940,100,100089,100,99933,200
2019-06-28 09:32:00.000000000,100011,484,99996,584,100012,100,99994,100,100018,100,99985,100,100045,100,99984,100,100048,100,99953,100,100060,100,99952,100,100078,100,99949,100,100085,100,99946,300,100087,100,99940,100,100089,100,99933,200
2019-06-28 09:32:10.000000000,100011,177,99996,277,100012,177,99994,177,100018,177,99985,177,100045,177,99984,177,100048,177,99953,177,100060,100,99952,100,100078,100,99949,100,100085,100,99946,300,100087,100,99940,100,100089,100,99933,200
2019-06-28 09:32:11.545584680,100011,77,99996,277,100012,177,99994,177,100018,177,99985,177,100045,177,99984,177,100048,177,99953,177,100060,100,99952,100,100078,100,99949,100,100085,100,99946,300,100087,100,99940,100,100089,100,99933,200
2019-06-28 09:32:20.000000000,100012,231,99996,331,100018,227,99994,227,100045,227,99985,227,100048,100,99984,100,100060,100,99953,100,100078,100,99952,100,100085,100,99949,100,100087,100,99946,300,100089,100,99940,100,100090,100,99933,200
2019-06-28 09:32:26.965634429,100012,131,99996,331,100018,227,99994,227,100045,227,99985,227,100048,100,99984,100,100060,100,99953,100,100078,100,99952,100,100085,100,99949,100,100087,100,99946,300,100089,100,99940,100,100090,100,99933,200
2019-06-28 09:32:30.000000000,100018,484,99996,584,100045,100,99994,100,100048,100,99985,100,100060,100,99984,100,100078,100,99953,100,100085,100,99952,100,100087,100,99949,100,100089,100,99946,300,100090,100,99940,100,100093,100,99933,200
2019-06-28 09:32:40.000000000,100018,177,99996,277,100045,177,99994,177,100048,177,99985,177,100060,177,99984,177,100078,177,99953,177,100085,100,99952,100,100087,100,99949,100,100089,100,99946,300,100090,100,99940,100,100093,100,99933,200
2019-06-28 09:32:50.000000000,100018,484,99996,584,100045,100,99994,100,100048,100,99985,100,100060,100,99984,100,100078,100,99953,100,100085,100,99952,100,100087,100,99949,100,100089,100,99946,300,100090,100,99940,100,100093,100,99933,200
2019-06-28 09:33:00.000000000,100018,196,99996,296,100045,196,99994,196,100048,196,99985,196,100060,196,99984,196,100078,100,99953,100,100085,100,99952,100,100087,100,99949,100,100089,100,99946,300,100090,100,99940,100,100093,100,99933,200
2019-06-28 09:33:07.003454262,100018,96,99996,296,100045,196,99994,196,100048,196,99985,196,100060,196,99984,196,100078,100,99953,100,100085,100,99952,100,100087,100,99949,100,100089,100,99946,300,100090,100,99940,100,100093,100,99933,200
2019-06-28 09:33:10.000000000,100045,196,99996,296,100048,196,99994,196,100060,196,99985,196,100078,196,99984,196,100085,100,99953,100,100087,100,99952,100,100089,100,99949,100,100090,100,99946,300,100093,100,99940,100,100112,100,99933,200
2019-06-28 09:33:20.000000000,100045,484,99996,584,100048,100,99994,100,100060,100,99985,100,100078,100,99984,100,100085,100,99953,100,100087,100,99952,100,100089,100,99949,100,100090,100,99946,300,100093,100,99940,100,100112,100,99933,200
2019-06-28 09:33:30.000000000,100045,231,99996,331,100048,227,99994,227,100060,227,99985,227,100078,100,99984,100,100085,100,99953,100,100087,100,99952,100,100089,100,99949,100,100090,100,99946,300,100093,100,99940,100,100112,100,99933,200
2019-06-28 09:33:40.000000000,100045,231,99996,331,100048,227,99994,227,100060,227,99985,227,100078,100,99984,100,100085,100,99953,100,100087,100,99952,100,100089,100,99949,100,100090,100,99946,300,100093,100,99940,100,100112,100,99933,200
2019-06-28 09:33:48.294773607,100045,231,99996,331,100048,227,99994,227,100060,227,99985,227,100078,100,99984,100,100085,100,99953,100,100087,100,99952,100,100089,100,99949,100,100090,100,99946,300,100093,100,99940,100,100112,100,99933,200
2019-06-28 09:33:50.000000000,100045,177,99996,277,100048,177,99994,177,100060,177,99985,177,100078,177,99984,177,100085,177,99953,177,100087,100,99952,100,100089,100,99949,100,100090,100,99946,300,100093,100,99940,100,100112,100,99933,200
2019-06-28 09:33:53.449019011,100045,177,99996,277,100048,177,99994,177,100060,177,99985,177,100078,177,99984,177,100085,177,99953,177,100087,100,99952,100,100089,100,99949,100,100090,100,99946,300,100093,100,99940,100,100112,100,99933,100
2019-06-28 09:34:00.000000000,100045,177,99996,277,100048,177,99994,177,100060,177,99985,177,100078,177,99984,177,100085,177,99953,177,100087,100,99952,100,100089,100,99949,100,100090,100,99946,300,100093,100,99940,100,100112,100,99933,100
2019-06-28 09:34:10.000000000,100045,484,99996,584,100048,100,99994,100,100060,100,99985,100,100078,100,99984,100,100085,100,99953,100,100087,100,99952,100,100089,100,99949,100,100090,100,99946,300,100093,100,99940,100,100112,100,99933,100
2019-06-28 09:34:12.260656075,100045,484,99996,584,100048,100,99994,100,100060,100,99985,100,100078,100,99953,100,100085,100,99952,100,100087,100,99949,100,100089,100,99946,300,100090,100,99940,100,100093,100,99933,100,100112,100,99932,100
2019-06-28 09:34:20.000000000,100045,292,99996,392,100048,292,99994,292,100060,100,99985,100,100078,100,99953,100,100085,100,99952,100,100087,100,99949,100,100089,100,99946,300,100090,100,99940,100,100093,100,99933,100,100112,100,99932,100
2019-06-28 09:34:22.844355749,100045,192,99996,392,100048,292,99994,292,100060,100,99985,100,100078,100,99953,100,100085,100,99952,100,100087,100,99949,100,100089,100,99946,300,100093,100,99940,100,100112,100,99933,100,100127,100,99932,100
2019-06-28 09:34:30.000000000,100048,292,99996,392,100060,292,99994,292,100078,100,99985,100,100085,100,99953,100,100087,100,99952,100,100089,100,99949,100,100093,100,99946,300,100112,100,99940,100,100127,100,99933,100,100148,100,99932,100
2019-06-28 09:34:36.260894648,100048,292,99996,392,100060,292,99994,292,100078,100,99988,100,100085,100,99985,100,100087,100,99953,100,100089,100,99952,100,100093,100,99949,100,100112,100,99946,300,100127,100,99940,100,100148,100,99933,100
2019-06-28 09:34:40.000000000,100048,484,99996,584,100060,100,99994,100,100078,100,99988,100,100085,100,99985,100,100087,100,99953,100,100089,100,99952,100,100093,100,99949,100,100112,100,99946,300,100127,100,99940,100,100148,100,99933,100
2019-06-28 09:34:46.395914113,100048,484,99996,584,100060,100,99994,100,100078,100,99988,100,100085,100,99985,100,100087,100,99953,100,100089,100,99952,100,100093,100,99949,100,100112,100,99946,300,100118,100,99940,100,100127,100,99933,100
2019-06-28 09:34:49.596479302,100048,484,99996,584,100060,100,99994,100,100078,100,99988,100,100085,100,99985,100,100087,100,99971,100,100089,100,99953,100,100093,100,99952,100,100112,100,99946,300,100118,100,99940,100,100127,100,99933,100
2019-06-28 09:34:50.000000000,100048,177,99996,277,100060,177,99994,177,100078,177,99988,177,100085,177,99985,177,100087,177,99971,177,100089,100,99953,100,100093,100,99952,100,100112,100,99946,300,100118,100,99940,100,100127,100,99933,100
2019-06-28 09:35:00.000000000,100048,292,99996,392,100060,292,99994,292,100078,100,99988,100,100085,100,99985,100,100087,100,99971,100,100089,100,99953,100,100093,100,99952,100,100112,100,99946,300,100118,100,99940,100,100127,100,99933,100
2019-06-28 09:35:10.000000000,100048,196,99996,296,100060,196,99994,196,100078,196,99988,196,100085,196,99985,196,100087,100,99971,100,100089,100,99953,100,100093,100,99952,100,100112,100,99946,300,100118,100,99940,100,100127,100,99933,100
2019-06-28 09:35:19.890442830,100017,100,99996,296,100048,196,99994,196,100060,196,99988,196,100078,196,99985,196,100085,196,99971,100,100087,100,99953,100,100089,100,99952,100,100093,100,99946,200,100112,100,99940,100,100118,100,99933,100
2019-06-28 09:35:20.000000000,100017,292,99996,392,100048,292,99994,292,100060,100,99988,100,100078,100,99985,100,100085,100,99971,100,100087,100,99953,100,100089,100,99952,100,100093,100,99946,200,100112,100,99940,100,100118,100,99933,100
2019-06-28 09:35:23.312673527,100017,292,99996,292,100048,292,99994,292,100060,100,99988,100,100078,100,99985,100,100085,100,99971,100,100087,100,99953,100,100089,100,99952,100,100093,100,99946,200,100112,100,99940,100,100118,100,99933,100
2019-06-28 09:35:25.263388586,100017,292,99996,292,100048,292,99994,292,100060,100,99988,100,100078,100,99985,100,100085,100,99971,100,100087,100,99953,100,100089,100,99952,100,100093,100,99946,100,100112,100,99940,100,100118,100,99933,100
2019-06-28 09:35:30.000000000,100017,484,99996,484,100048,100,99994,100,100060,100,99988,100,100078,100,99985,100,100085,100,99971,100,100087,100,99953,100,100089,100,99952,100,100093,100,99946,100,100112,100,99940,100,100118,100,99933,100
2019-06-28 09:35:39.685965143,100017,484,99996,484,100048,100,99994,100,100060,100,99988,100,100078,100,99985,100,100085,100,99971,100,100087,100,99953,100,100089,100,99952,100,100093,100,99946,100,100112,100,99940,100,100118,100,99933,100
2019-06-28 09:35:40.000000000,100017,231,99996,231,100048,227,99994,227,100060,227,99988,227,100078,100,99985,100,100085,100,99971,100,100087,100,99953,100,100089,100,99952,100,100093,100,99946,100,100112,100,99940,100,100118,100,99933,100
2019-06-28 09:35:45.460063107,100017,231,99996,231,100048,227,99994,227,100060,227,99988,227,100078,100,99985,100,100085,100,99971,100,100087,100,99953,100,100089,100,99952,100,100093,100,99946,100,100112,100,99940,100,100118,100,99933,100
2019-06-28 09:35:50.000000000,100017,292,99996,292,100048,292,99994,292,100060,100,99988,100,100078,100,99985,100,100085,100,99971,100,100087,100,99953,100,100089,100,99952,100,100093,100,99946,100,100112,100,99940,100,100118,100,99933,100
2019-06-28 09:36:00.000000000,100017,196,99996,196,100048,196,99994,196,100060,196,99988,196,100078,196,99985,196,100085,100,99971,100,100087,100,99953,100,100089,100,99952,100,100093,100,99946,100,100112,100,99940,100,100118,100,99933,100
2019-06-28 09:36:10.000000000,100017,177,99996,177,100048,177,99994,177,100060,177,99988,177,100078,177,99985,177,100085,177,99971,177,100087,100,99953,100,100089,100,99952,100,100093,100,99946,100,100112,100,99940,100,100118,100,99933,100
2019-06-28 09:36:13.654179613,100017,177,99996,177,100048,177,99994,177,100060,177,99988,177,100078,177,99985,177,100085,177,99971,177,100087,100,99953,100,100089,100,99952,100,100093,100,99946,100,100118,100,99940,100,100127,100,99933,100
2019-06-28 09:36:20.000000000,100017,484,99996,484,100048,100,99994,100,100060,100,99988,100,100078,100,99985,100,100085,100,99971,100,100087,100,99953,100,100089,100,99952,100,100093,100,99946,100,100118,100,99940,100,100127,100,99933,100
2019-06-28 09:36:22.946622008,100017,484,99996,484,100048,100,99994,100,100060,100,99988,100,100078,100,99985,100,100085,100,99971,100,100087,100,99953,100,100089,100,99952,100,100093,100,99946,100,100118,100,99940,100,100127,100,99933,100
2019-06-28 09:36:30.000000000,100017,177,99996,177,100048,177,99994,177,100060,177,99988,177,100078,177,99985,177,100085,177,99971,177,100087,100,99953,100,100089,100,99952,100,100093,100,99946,100,100118,100,99940,100,100127,100,99933,100
2019-06-28 09:36:36.080713633,100017,177,99996,177,100048,177,99994,177,100060,177,99988,177,100078,177,99985,177,100085,177,99971,177,100087,100,99953,100,100089,100,99952,100,100093,100,99946,100,100118,100,99940,100,100127,100,99933,100
2019-06-28 09:36:37.199980431,100017,177,99996,77,100048,177,99994,177,100060,177,99988,177,100078,177,99985,177,100085,177,99971,177,100087,100,99953,100,100089,100,99952,100,100093,100,99946,100,100118,100,99940,100,100127,100,99933,100
2019-06-28 09:36:38.178225557,100016,100,99996,77,100017,177,99994,177,100048,177,99988,177,100060,177,99985,177,100078,177,99971,177,100085,177,99953,100,100087,100,99952,100,100089,100,99946,100,100093,100,99940,100,100118,100,99933,100
2019-06-28 09:36:40.000000000,100016,177,99994,177,100017,177,99988,177,100048,177,99985,177,100060,177,99971,177,100078,177,99953,177,100085,100,99952,100,100087,100,99946,100,100089,100,99940,100,100093,100,99933,100,100118,100,99932,100
2019-06-28 09:36:50.000000000,100016,292,99994,292,100017,292,99988,292,100048,100,99985,100,100060,100,99971,100,100078,100,99953,100,100085,100,99952,100,100087,100,99946,100,100089,100,99940,100,100093,100,99933,100,100118,100,99932,100
2019-06-28 09:37:00.000000000,100016,177,99994,177,100017,177,99988,177,100048,177,99985,177,100060,177,99971,177,100078,177,99953,177,100085,100,99952,100,100087,100,99946,100,100089,100,99940,100,100093,100,99933,100,100118,100,99932,100
2019-06-28 09:37:10.000000000,100016,196,99994,196,100017,196,99988,196,100048,196,99985,196,100060,196,99971,196,100078,100,99953,100,100085,100,99952,100,100087,100,99946,100,100089,100,99940,100,100093,100,99933,100,100118,100,99932,100
2019-06-28 09:37:14.653811674,100016,196,99994,96,100017,196,99988,196,100048,196,99985,196,100060,196,99971,196,100078,100,99953,100,100085,100,99952,100,100087,100,99946,100,100089,100,99940,100,100093,100,99933,100,100118,100,99932,100
2019-06-28 09:37:20.000000000,100016,231,99988,231,100017,227,99985,227,100048,227,99971,227,100060,100,99953,100,100078,100,99952,100,100085,100,99946,100,100087,100,99940,100,100089,100,99933,100,100093,100,99932,100,100118,100,99915,100
2019-06-28 09:37:30.000000000,100016,484,99988,484,100017,100,99985,100,100048,100,99971,100,100060,100,99953,100,100078,100,99952,100,100085,100,99946,100,100087,100,99940,100,100089,100,99933,100,100093,100,99932,100,100118,100,99915,100
2019-06-28 09:37:40.000000000,100016,231,99988,231,100017,227,99985,227,100048,227,99971,227,100060,100,99953,100,100078,100,99952,100,100085,100,99946,100,100087,100,99940,100,100089,100,99933,100,100093,100,99932,100,100118,100,99915,100
2019-06-28 09:37:50.000000000,100016,177,99988,177,100017,177,99985,177,100048,177,99971,177,100060,177,99953,177,100078,177,99952,177,100085,100,99946,100,100087,100,99940,100,100089,100,99933,100,100093,100,99932,100,100118,100,99915,100
2019-06-28 09:37:57.010748937,100016,177,99988,77,100017,177,99985,177,100048,177,99971,177,100060,177,99953,177,100078,177,99952,177,100085,100,99946,100,100087,100,99940,100,100089,100,99933,100,100093,100,99932,100,100118,100,99915,100
2019-06-28 09:38:00.000000000,100016,292,99985,292,100017,292,99971,292,100048,100,99953,100,100060,100,99952,100,100078,100,99946,100,100085,100,99940,100,100087,100,99933,100,100089,100,99932,100,100093,100,99915,100,100118,100,99912,100
2019-06-28 09:38:00.585971780,100016,292,99985,192,100017,292,99971,292,100048,100,99953,100,100060,100,99952,100,100078,100,99946,100,100085,100,99940,100,100087,100,99933,100,100089,100,99932,100,100093,100,99915,100,100118,100,99912,100
2019-06-28 09:38:10.000000000,100016,292,99971,292,100017,292,99953,292,100048,100,99952,100,100060,100,99946,100,100078,100,99940,100,100085,100,99933,100,100087,100,99932,100,100089,100,99915,100,100093,100,99912,100,100118,100,99907,100
2019-06-28 09:38:20.000000000,100016,177,99971,177,100017,177,99953,177,100048,177,99952,177,100060,177,99946,177,100078,177,99940,177,100085,100,99933,100,100087,100,99932,100,100089,100,99915,100,100093,100,99912,100,100118,100,99907,100
2019-06-28 09:38:25.369819796,99988,100,99971,177,100016,177,99953,177,100017,177,99952,177,100048,177,99946,177,100060,177,99940,177,100078,177,99933,100,100085,100,99932,100,100087,100,99915,100,100089,100,99912,100,100093,100,99907,100
2019-06-28 09:38:30.000000000,99988,231,99971,231,100016,227,99953,227,100017,227,99952,227,100048,100,99946,100,100060,100,99940,100,100078,100,99933,100,100085,100,99932,100,100087,100,99915,100,100089,100,99912,100,100093,100,99907,100
2019-06-28 09:38:32.638565537,99988,231,99971,131,100016,227,99953,227,100017,227,99952,227,100048,100,99946,100,100060,100,99940,100,100078,100,99933,100,100085,100,99932,100,100087,100,99915,100,100089,100,99912,100,100093,100,99907,100
2019-06-28 09:38:40.000000000,99988,484,99953,484,100016,100,99952,100,100017,100,99946,100,100048,100,99940,100,100060,100,99933,100,100078,100,99932,100,100085,100,99915,100,100087,100,99912,100,100089,100,99907,100,100093,100,99897,100
2019-06-28 09:38:44.488019291,99988,484,99953,484,100016,100,99952,100,100017,100,99946,100,100048,100,99940,100,100060,100,99932,100,100078,100,99915,100,100085,100,99912,100,100087,100,99907,100,100089,100,99897,100,100093,100,99892,100
2019-06-28 09:38:48.164396305,99988,484,99953,284,100016,100,99952,100,100017,100,99946,100,100048,100,99940,100,100060,100,99932,100,100078,100,99915,100,100085,100,99912,100,100087,100,99907,100,100089,100,99897,100,100093,100,99892,100
2019-06-28 09:38:50.000000000,99988,292,99952,292,100016,292,99946,292,100017,100,99940,100,100048,100,99932,100,100060,100,99915,100,100078,100,99912,100,100085,100,99907,100,100087,100,99897,100,100089,100,99892,100,100093,100,99890,100
2019-06-28 09:39:00.000000000,99988,177,99952,177,100016,177,99946,177,100017,177,99940,177,100048,177,99932,177,100060,177,99915,177,100078,100,99912,100,100085,100,99907,100,100087,100,99897,100,100089,100,99892,100,100093,100,99890,100
2019-06-28 09:39:07.851020241,99988,177,99952,177,100016,177,99946,177,100017,177,99940,177,100048,177,99932,177,100060,177,99915,177,100078,100,99912,100,100085,100,99907,100,100087,100,99897,100,100089,100,99892,100,100093,100,99890,100
2019-06-28 09:39:10.000000000,99988,484,99952,484,100016,100,99946,100,100017,100,99940,100,100048,100,99932,100,100060,100,99915,100,100078,100,99912,100,100085,100,99907,100,100087,100,99897,100,100089,100,99892,100,100093,100,99890,100
2019-06-28 09:39:20.000000000,99988,484,99952,484,100016,100,99946,100,100017,100,99940,100,100048,100,99932,100,100060,100,99915,100,100078,100,99912,100,100085,100,99907,100,100087,100,99897,100,100089,100,99892,100,100093,100,99890,100
2019-06-28 09:39:30.000000000,99988,292,99952,292,100016,292,99946,292,100017,100,99940,100,100048,100,99932,100,100060,100,99915,100,100078,100,99912,100,100085,100,99907,100,100087,100,99897,100,100089,100,99892,100,100093,100,99890,100
2019-06-28 09:39:40.000000000,99988,292,99952,292,100016,292,99946,292,100017,100,99940,100,100048,100,99932,100,100060,100,99915,100,100078,100,99912,100,100085,100,99907,100,100087,100,99897,100,100089,100,99892,100,100093,100,99890,100
2019-06-28 09:39:41.025422291,99988,292,99952,192,100016,292,99946,292,100017,100,99940,100,100048,100,99932,100,100060,100,99915,100,100078,100,99912,100,100085,100,99907,100,100087,100,99897,100,100089,100,99892,100,100093,100,99890,100
2019-06-28 09:39:47.851770847,99988,292,99952,192,100016,292,99946,292,100017,100,99940,100,100048,100,99932,100,100060,100,99915,100,100078,100,99912,100,100085,100,99907,100,100087,100,99897,100,100089,100,99892,100,100093,100,99879,100
2019-06-28 09:39:50.000000000,99988,177,99946,177,100016,177,99940,177,100017,177,99932,177,100048,177,99915,177,100060,177,99912,177,100078,100,99907,100,100085,100,99897,100,100087,100,99892,100,100089,100,99879,100,100093,100,99858,200
2019-06-28 09:40:00.000000000,99988,196,99946,196,100016,196,99940,196,100017,196,99932,196,100048,196,99915,196,100060,100,99912,100,100078,100,99907,100,100085,100,99897,100,100087,100,99892,100,100089,100,99879,100,100093,100,99858,200
2019-06-28 09:40:07.298137125,99988,96,99946,196,100016,196,99940,196,100017,196,99932,196,100048,196,99915,196,100060,100,99912,100,100078,100,99907,100,100085,100,99897,100,100087,100,99892,100,100089,100,99879,100,100093,100,99858,200
2019-06-28 09:40:10.000000000,100016,196,99946,196,100017,196,99940,196,100048,196,99932,196,100060,196,99915,196,100078,100,99912,100,100085,100,99907,100,100087,100,99897,100,100089,100,99892,100,100093,100,99879,100,100118,100,99858,200
2019-06-28 09:40:11.257749276,99953,100,99946,196,100016,196,99940,196,100017,196,99932,196,100048,196,99915,196,100060,196,99912,100,100078,100,99907,100,100085,100,99897,100,100087,100,99892,100,100089,100,99879,100,100093,100,99858,200
2019-06-28 09:40:14.556926378,99953,100,99946,96,100016,196,99940,196,100017,196,99932,196,100048,196,99915,196,100060,196,99912,100,100078,100,99907,100,100085,100,99897,100,100087,100,99892,100,100089,100,99879,100,100118,100,99858,200
2019-06-28 09:40:14.591254915,99946,4,99940,196,99953,100,99932,196,100016,196,99915,196,100017,196,99912,100,100048,196,99907,100,100060,196,99897,100,100078,100,99892,100,100085,100,99879,100,100087,100,99858,100,100089,100,99855,100
2019-06-28 09:40:20.000000000,99946,196,99940,292,99953,292,99932,292,100016,100,99915,100,100017,100,99912,100,100048,100,99907,100,100060,100,99897,100,100078,100,99892,100,100085,100,99879,100,100087,100,99858,100,100089,100,99855,100
2019-06-28 09:40:22.302788596,99946,196,99940,292,99953,292,99932,292,100016,100,99915,100,100017,100,99912,100,100048,100,99907,100,100060,100,99897,100,100078,100,99892,100,100085,100,99879,100,100087,100,99858,100,100089,100,99855,100
2019-06-28 09:40:30.000000000,99946,100,99940,196,99953,196,99932,196,100016,196,99915,196,100017,196,99912,196,100048,100,99907,100,100060,100,99897,100,100078,100,99892,100,100085,100,99879,100,100087,100,99858,100,100089,100,99855,100
2019-06-28 09:40:38.184308623,99946,100,99940,196,99953,196,99932,196,100016,196,99915,196,100017,196,99912,196,100048,100,99907,100,100060,100,99897,100,100078,100,99892,100,100085,100,99879,100,100087,100,99858,100,100089,100,99855,100
2019-06-28 09:40:40.000000000,99946,135,99940,231,99953,227,99932,227,100016,227,99915,227,100017,100,99912,100,100048,100,99907,100,100060,100,99897,100,100078,100,99892,100,100085,100,99879,100,100087,100,99858,100,100089,100,99855,100
2019-06-28 09:40:50.000000000,99946,388,99940,484,99953,100,99932,100,100016,100,99915,100,100017,100,99912,100,100048,100,99907,100,100060,100,99897,100,100078,100,99892,100,100085,100,99879,100,100087,100,99858,100,100089,100,99855,100
2019-06-28 09:41:00.000000000,99946,196,99940,292,99953,292,99932,292,100016,100,99915,100,100017,100,99912,100,100048,100,99907,100,100060,100,99897,100,100078,100,99892,100,100085,100,99879,100,100087,100,99858,100,100089,100,99855,100
2019-06-28 09:41:09.969009245,99946,296,99940,292,99953,292,99932,292,100016,100,99915,100,100017,100,99912,100,100048,100,99907,100,100060,100,99897,100,100078,100,99892,100,100085,100,99879,100,100087,100,99858,100,100089,100,99855,100
2019-06-28 09:41:10.000000000,99946,488,99940,484,99953,100,99932,100,100016,100,99915,100,100017,100,99912,100,100048,100,99907,100,100060,100,99897,100,100078,100,99892,100,100085,100,99879,100,100087,100,99858,100,100089,100,99855,100
2019-06-28 09:41:11.849261516,99946,588,99940,484,99953,100,99932,100,100016,100,99915,100,100017,100,99912,100,100048,100,99907,100,100060,100,99897,100,100078,100,99892,100,100085,100,99879,100,100087,100,99858,100,100089,100,99855,100
2019-06-28 09:41:20.000000000,99946,300,99940,196,99953,196,99932,196,100016,196,99915,196,100017,196,99912,196,100048,100,99907,100,100060,100,99897,100,100078,100,99892,100,100085,100,99879,100,100087,100,99858,100,100089,100,99855,100
2019-06-28 09:41:30.000000000,99946,281,99940,177,99953,177,99932,177,100016,177,99915,177,100017,177,99912,177,100048,177,99907,177,100060,100,99897,100,100078,100,99892,100,100085,100,99879,100,100087,100,99858,100,100089,100,99855,100
2019-06-28 09:41:39.494166065,99946,381,99940,177,99953,177,99932,177,100016,177,99915,177,100017,177,99912,177,100048,177,99907,177,100060,100,99897,100,100078,100,99892,100,100085,100,99879,100,100087,100,99858,100,100089,100,99855,100
2019-06-28 09:41:40.000000000,99946,400,99940,196,99953,196,99932,196,100016,196,99915,196,100017,196,99912,196,100048,100,99907,100,100060,100,99897,100,100078,100,99892,100,100085,100,99879,100,100087,100,99858,100,100089,100,99855,100
2019-06-28 09:41:50.000000000,99946,400,99940,196,99953,196,99932,196,100016,196,99915,196,100017,196,99912,196,100048,100,99907,100,100060,100,99897,100,100078,100,99892,100,100085,100,99879,100,100087,100,99858,100,100089,100,99855,100
2019-06-28 09:42:00.000000000,99946,381,99940,177,99953,177,99932,177,100016,177,99915,177,100017,177,99912,177,100048,177,99907,177,100060,100,99897,100,100078,100,99892,100,100085,100,99879,100,100087,100,99858,100,100089,100,99855,100
2019-06-28 09:42:10.000000000,99946,400,99940,196,99953,196,99932,196,100016,196,99915,196,100017,196,99912,196,100048,100,99907,100,100060,100,99897,100,100078,100,99892,100,100085,100,99879,100,100087,100,99858,100,100089,100,99855,100
2019-06-28 09:42:14.515962528,99946,500,99940,196,99953,196,99932,196,100016,196,99915,196,100017,196,99912,196,100048,100,99907,100,100060,100,99897,100,100078,100,99892,100,100085,100,99879,100,100087,100,99858,100,100089,100,99855,100
2019-06-28 09:42:20.000000000,99946,535,99940,231,99953,227,99932,227,100016,227,99915,227,100017,100,99912,100,100048,100,99907,100,100060,100,99897,100,100078,100,99892,100,100085,100,99879,100,100087,100,99858,100,100089,100,99855,100
2019-06-28 09:42:26.214834657,99946,535,99940,131,99953,227,99932,227,100016,227,99915,227,100017,100,99912,100,100048,100,99907,100,100060,100,99897,100,100078,100,99892,100,100085,100,99879,100,100087,100,99858,100,100089,100,99855,100
2019-06-28 09:42:30.000000000,99946,481,99932,177,99953,177,99915,177,100016,177,99912,177,100017,177,99907,177,100048,177,99897,177,100060,100,99892,100,100078,100,99879,100,100085,100,99858,100,100087,100,99855,100,100089,100,99852,100
2019-06-28 09:42:36.542608042,99946,481,99932,77,99953,177,99915,177,100016,177,99912,177,100017,177,99907,177,100048,177,99897,177,100060,100,99892,100,100078,100,99879,100,100085,100,99858,100,100087,100,99855,100,100089,100,99852,100
2019-06-28 09:42:40.000000000,99946,788,99915,484,99953,100,99912,100,100016,100,99907,100,100017,100,99897,100,100048,100,99892,100,100060,100,99879,100,100078,100,99858,100,100085,100,99855,100,100087,100,99852,100,100089,100,99846,100
2019-06-28 09:42:50.000000000,99946,535,99915,231,99953,227,99912,227,100016,227,99907,227,100017,100,99897,100,100048,100,99892,100,100060,100,99879,100,100078,100,99858,100,100085,100,99855,100,100087,100,99852,100,100089,100,99846,100
2019-06-28 09:42:55.588037474,99940,100,99915,231,99946,535,99912,227,99953,227,99907,227,100016,227,99897,100,100017,100,99892,100,100048,100,99879,100,100060,100,99858,100,100078,100,99855,100,100085,100,99852,100,100087,100,99846,100
2019-06-28 09:43:00.000000000,99940,484,99915,484,99946,404,99912,100,99953,100,99907,100,100016,100,99897,100,100017,100,99892,100,100048,100,99879,100,100060,100,99858,100,100078,100,99855,100,100085,100,99852,100,100087,100,99846,100
2019-06-28 09:43:04.112496306,99940,484,99915,384,99946,404,99912,100,99953,100,99907,100,100016,100,99897,100,100017,100,99892,100,100048,100,99879,100,100060,100,99858,100,100078,100,99855,100,100085,100,99852,100,100087,100,99764,100
2019-06-28 09:43:10.000000000,99940,292,99912,292,99946,596,99907,292,99953,100,99897,100,100016,100,99892,100,100017,100,99879,100,100048,100,99858,100,100060,100,99855,100,100078,100,99852,100,100085,100,99764,100,100087,100,99748,100
2019-06-28 09:43:14.686433289,99940,292,99912,292,99946,596,99907,292,99953,100,99897,100,100016,100,99892,100,100017,100,99879,100,100048,100,99858,100,100060,100,99855,100,100078,100,99852,100,100085,100,99764,100,100087,100,99748,100
2019-06-28 09:43:16.697851650,99940,292,99912,192,99946,596,99907,292,99953,100,99897,100,100016,100,99892,100,100017,100,99879,100,100048,100,99858,100,100060,100,99855,100,100078,100,99852,100,100085,100,99764,100,100087,100,99748,100
2019-06-28 09:43:18.683865938,99940,292,99912,192,99946,596,99907,292,99953,100,99897,100,100016,100,99892,100,100017,100,99879,100,100048,100,99858,100,100060,100,99855,100,100078,100,99852,100,100085,100,99764,100,100087,100,99748,100
2019-06-28 09:43:20.000000000,99940,231,99907,231,99946,531,99897,227,99953,227,99892,227,100016,100,99879,100,100017,100,99858,100,100048,100,99855,100,100060,100,99852,100,100078,100,99764,100,100085,100,99748,100,100087,100,99733,100
2019-06-28 09:43:29.973435563,99940,231,99907,231,99946,531,99897,227,99953,227,99892,227,100016,100,99879,100,100017,100,99858,100,100048,100,99855,100,100060,100,99852,100,100078,100,99764,100,100085,100,99748,100,100087,100,99733,100
2019-06-28 09:43:30.000000000,99940,196,99907,196,99946,500,99897,196,99953,196,99892,196,100016,196,99879,196,100017,100,99858,100,100048,100,99855,100,100060,100,99852,100,100078,100,99764,100,100085,100,99748,100,100087,100,99733,100
2019-06-28 09:43:40.000000000,99940,177,99907,177,99946,481,99897,177,99953,177,99892,177,100016,177,99879,177,100017,177,99858,177,100048,100,99855,100,100060,100,99852,100,100078,100,99764,100,100085,100,99748,100,100087,100,99733,100
2019-06-28 09:43:50.000000000,99940,177,99907,177,99946,481,99897,177,99953,177,99892,177,100016,177,99879,177,100017,177,99858,177,100048,100,99855,100,100060,100,99852,100,100078,100,99764,100,100085,100,99748,100,100087,100,99733,100
2019-06-28 09:43:54.503321861,99915,100,99907,177,99940,177,99897,177,99946,481,99892,177,99953,177,99879,177,100016,177,99858,177,100017,177,99855,100,100048,100,99852,100,100060,100,99764,100,100078,100,99748,100,100085,100,99733,100
2019-06-28 09:44:00.000000000,99915,177,99907,177,99940,177,99897,177,99946,481,99892,177,99953,177,99879,177,100016,177,99858,177,100017,100,99855,100,100048,100,99852,100,100060,100,99764,100,100078,100,99748,100,100085,100,99733,100
2019-06-28 09:44:10.000000000,99915,177,99907,177,99940,177,99897,177,99946,481,99892,177,99953,177,99879,177,100016,177,99858,177,100017,100,99855,100,100048,100,99852,100,100060,100,99764,100,100078,100,99748,100,100085,100,99733,100
2019-06-28 09:44:16.081448907,99915,177,99907,177,99940,177,99897,177,99946,481,99892,177,99953,177,99879,177,100016,177,99858,177,100017,100,99855,100,100048,100,99852,100,100060,100,99764,100,100078,100,99748,100,100085,100,99733,100
2019-06-28 09:44:20.000000000,99915,292,99907,292,99940,292,99897,292,99946,404,99892,100,99953,100,99879,100,100016,100,99858,100,100017,100,99855,100,100048,100,99852,100,100060,100,99764,100,100078,100,99748,100,100085,100,99733,100
2019-06-28 09:44:22.435138173,99915,292,99907,192,99940,292,99897,292,99946,404,99892,100,99953,100,99879,100,100016,100,99858,100,100017,100,99855,100,100048,100,99852,100,100060,100,99764,100,100078,100,99748,100,100085,100,99733,100
2019-06-28 09:44:24.541489563,99915,292,99907,92,99940,292,99897,292,99946,404,99892,100,99953,100,99879,100,100016,100,99858,100,100017,100,99855,100,100048,100,99852,100,100060,100,99764,100,100078,100,99748,100,100087,100,99733,100
2019-06-28 09:44:30.000000000,99915,196,99897,196,99940,196,99892,196,99946,500,99879,196,99953,196,99858,196,100016,100,99855,100,100017,100,99852,100,100048,100,99764,100,100060,100,99748,100,100078,100,99733,100,100087,100,99569,100
2019-06-28 09:44:31.725811068,99907,100,99897,196,99915,196,99892,196,99940,196,99879,196,99946,500,99858,196,99953,96,99855,100,100016,100,99852,100,100017,100,99764,100,100048,100,99748,100,100060,100,99733,100,100078,100,99569,100
2019-06-28 09:44:40.000000000,99907,484,99897,484,99915,100,99892,100,99940,100,99879,100,99946,404,99858,100,100016,100,99855,100,100017,100,99852,100,100048,100,99764,100,100060,100,99748,100,100078,100,99733,100,100087,100,99569,100
2019-06-28 09:44:50.000000000,99907,484,99897,484,99915,100,99892,100,99940,100,99879,100,99946,404,99858,100,100016,100,99855,100,100017,100,99852,100,100048,100,99764,100,100060,100,99748,100,100078,100,99733,100,100087,100,99569,100
2019-06-28 09:45:00.000000000,99907,484,99897,484,99915,100,99892,100,99940,100,99879,100,99946,404,99858,100,100016,100,99855,100,100017,100,99852,100,100048,100,99764,100,100060,100,99748,100,100078,100,99733,100,100087,100,99569,100
2019-06-28 09:45:05.709491842,99907,484,99897,484,99915,100,99892,100,99940,100,99879,100,99946,404,99858,100,100016,100,99855,100,100017,100,99852,100,100048,100,99764,100,100060,100,99748,100,100078,100,99733,100,100087,100,99600,100
2019-06-28 09:45:10.000000000,99907,484,99897,484,99915,100,99892,100,99940,100,99879,100,99946,404,99858,100,100016,100,99855,100,100017,100,99852,100,100048,100,99764,100,100060,100,99748,100,100078,100,99733,100,100087,100,99600,100
2019-06-28 09:45:20.000000000,99907,196,99897,196,99915,196,99892,196,99940,196,99879,196,99946,500,99858,196,100016,100,99855,100,100017,100,99852,100,100048,100,99764,100,100060,100,99748,100,100078,100,99733,100,100087,100,99600,100
2019-06-28 09:45:29.069024678,99907,196,99897,96,99915,196,99892,196,99940,196,99879,196,99946,500,99858,196,100016,100,99855,100,100017,100,99852,100,100048,100,99764,100,100060,100,99748,100,100078,100,99733,100,100087,100,99600,100
2019-06-28 09:45:30.000000000,99907,484,99892,484,99915,100,99879,100,99940,100,99858,100,99946,404,99855,100,100016,100,99852,100,100017,100,99764,100,100048,100,99748,100,100060,100,99733,100,100078,100,99600,100,100087,100,99569,100
2019-06-28 09:45:32.533511933,99906,100,99892,484,99907,484,99879,100,99915,100,99858,100,99940,100,99855,100,99946,404,99852,100,100016,100,99764,100,100017,100,99748,100,100048,100,99733,100,100060,100,99600,100,100078,100,99569,100
2019-06-28 09:45:40.000000000,99906,484,99892,484,99907,100,99879,100,99915,100,99858,100,99940,100,99855,100,99946,404,99852,100,100016,100,99764,100,100017,100,99748,100,100048,100,99733,100,100060,100,99600,100,100078,100,99569,100
2019-06-28 09:45:50.000000000,99906,292,99892,292,99907,292,99879,292,99915,100,99858,100,99940,100,99855,100,99946,404,99852,100,100016,100,99764,100,100017,100,99748,100,100048,100,99733,100,100060,100,99600,100,100078,100,99569,100
2019-06-28 09:46:00.000000000,99906,177,99892,177,99907,177,99879,177,99915,177,99858,177,99940,177,99855,177,99946,481,99852,177,100016,100,99764,100,100017,100,99748,100,100048,100,99733,100,100060,100,99600,100,100078,100,99569,100
2019-06-28 09:46:10.000000000,99906,196,99892,196,99907,196,99879,196,99915,196,99858,196,99940,196,99855,196,99946,404,99852,100,100016,100,99764,100,100017,100,99748,100,100048,100,99733,100,100060,100,99600,100,100078,100,99569,100
2019-06-28 09:46:16.220927038,99906,196,99892,196,99907,196,99879,196,99915,196,99858,196,99940,196,99855,196,99946,404,99852,100,100016,100,99764,100,100017,100,99748,100,100048,100,99733,100,100060,100,99569,100,100078,100,99199,100
2019-06-28 09:46:18.748926087,99906,196,99892,96,99907,196,99879,196,99915,196,99858,196,99940,196,99855,196,99946,404,99852,100,100016,100,99764,100,100017,100,99748,100,100048,100,99733,100,100060,100,99569,100,100078,100,99199,100
2019-06-28 09:46:20.000000000,99906,196,99879,196,99907,196,99858,196,99915,196,99855,196,99940,196,99852,196,99946,404,99764,100,100016,100,99748,100,100017,100,99733,100,100048,100,99569,100,100060,100,99199,100,100078,100,99171,100
2019-06-28 09:46:30.000000000,99906,484,99879,484,99907,100,99858,100,99915,100,99855,100,99940,100,99852,100,99946,404,99764,100,100016,100,99748,100,100017,100,99733,100,100048,100,99569,100,100060,100,99199,100,100078,100,99171,100
2019-06-28 09:46:40.000000000,99906,292,99879,292,99907,292,99858,292,99915,100,99855,100,99940,100,99852,100,99946,404,99764,100,100016,100,99748,100,100017,100,99733,100,100048,100,99569,100,100060,100,99199,100,100078,100,99171,100
2019-06-28 09:46:50.000000000,99906,196,99879,196,99907,196,99858,196,99915,196,99855,196,99940,196,99852,196,99946,404,99764,100,100016,100,99748,100,100017,100,99733,100,100048,100,99569,100,100060,100,99199,100,100078,100,99171,100
2019-06-28 09:47:00.000000000,99906,484,99879,484,99907,100,99858,100,99915,100,99855,100,99940,100,99852,100,99946,404,99764,100,100016,100,99748,100,100017,100,99733,100,100048,100,99569,100,100060,100,99199,100,100078,100,99171,100
2019-06-28 09:47:10.000000000,99906,484,99879,484,99907,100,99858,100,99915,100,99855,100,99940,100,99852,100,99946,404,99764,100,100016,100,99748,100,100017,100,99733,100,100048,100,99569,100,100060,100,99199,100,100078,100,99171,100
2019-06-28 09:47:20.000000000,99906,231,99879,231,99907,227,99858,227,99915,227,99855,227,99940,100,99852,100,99946,404,99764,100,100016,100,99748,100,100017,100,99733,100,100048,100,99569,100,100060,100,99199,100,100078,100,99171,100
2019-06-28 09:47:26.660623287,99906,231,99879,231,99907,227,99858,227,99915,227,99855,227,99940,100,99852,100,99946,404,99764,100,100016,100,99748,100,100017,100,99733,100,100048,100,99569,100,100060,100,99199,100,100078,100,99171,100
2019-06-28 09:47:28.432824080,99897,100,99879,231,99906,231,99858,227,99907,227,99855,227,99915,227,99852,100,99940,100,99764,100,99946,404,99748,100,100016,100,99733,100,100017,100,99569,100,100048,100,99199,100,100060,100,99171,100
2019-06-28 09:47:30.000000000,99897,484,99879,484,99906,100,99858,100,99907,100,99855,100,99915,100,99852,100,99940,100,99764,100,99946,404,99748,100,100016,100,99733,100,100017,100,99569,100,100048,100,99199,100,100060,100,99171,100
2019-06-28 09:47:36.225033868,99897,484,99879,484,99906,100,99858,100,99907,100,99855,100,99915,100,99852,100,99940,100,99764,100,99946,404,99748,100,100016,100,99733,100,100017,100,99569,100,100048,100,99199,100,100060,100,99171,100
2019-06-28 09:47:39.491715551,99897,484,99879,484,99906,100,99858,100,99907,100,99855,100,99915,100,99852,100,99940,100,99764,100,99946,404,99748,100,100016,100,99733,100,100017,100,99569,100,100048,100,99199,100,100060,100,99171,100
2019-06-28 09:47:40.000000000,99897,196,99879,196,99906,196,99858,196,99907,196,99855,196,99915,196,99852,196,99940,100,99764,100,99946,404,99748,100,100016,100,99733,100,100017,100,99569,100,100048,100,99199,100,100060,100,99171,100
2019-06-28 09:47:45.901264376,99897,196,99879,96,99906,196,99858,196,99907,196,99855,196,99915,196,99852,196,99940,100,99764,100,99946,404,99748,100,100016,100,99733,100,100017,100,99569,100,100048,100,99199,100,100060,100,99171,100
2019-06-28 09:47:50.000000000,99897,177,99858,177,99906,177,99855,177,99907,177,99852,177,99915,177,99764,177,99940,177,99748,177,99946,404,99733,100,100016,100,99569,100,100017,100,99199,100,100048,100,99171,100,100060,100,99163,100
2019-06-28 09:47:53.306861720,99892,100,99858,177,99897,177,99855,177,99906,177,99852,177,99907,177,99764,177,99915,177,99748,177,99940,177,99733,100,99946,404,99569,100,100016,100,99199,100,100017,100,99171,100,100048,100,99163,100
2019-06-28 09:48:00.000000000,99892,177,99858,177,99897,177,99855,177,99906,177,99852,177,99907,177,99764,177,99915,177,99748,177,99940,100,99733,100,99946,404,99569,100,100016,100,99199,100,100017,100,99171,100,100048,100,99163,100
2019-06-28 09:48:03.574930215,99892,177,99858,177,99897,177,99855,177,99906,177,99852,177,99907,177,99764,177,99915,177,99748,177,99940,100,99733,100,99946,404,99569,100,100016,100,99199,100,100017,100,99171,100,100048,100,99163,100
2019-06-28 09:48:09.714429467,99892,177,99858,177,99897,177,99855,177,99906,177,99852,177,99907,177,99764,177,99915,177,99748,177,99940,100,99733,100,99946,404,99569,100,100016,100,99199,100,100017,100,99171,100,100048,100,99163,100
2019-06-28 09:48:10.000000000,99892,231,99858,231,99897,227,99855,227,99906,227,99852,227,99907,100,99764,100,99915,100,99748,100,99940,100,99733,100,99946,404,99569,100,100016,100,99199,100,100017,100,99171,100,100048,100,99163,100
2019-06-28 09:48:20.000000000,99892,177,99858,177,99897,177,99855,177,99906,177,99852,177,99907,177,99764,177,99915,177,99748,177,99940,100,99733,100,99946,404,99569,100,100016,100,99199,100,100017,100,99171,100,100048,100,99163,100
2019-06-28 09:48:20.847762265,99892,177,99858,177,99897,177,99855,177,99906,177,99852,177,99907,177,99764,177,99915,177,99748,177,99940,100,99733,100,99946,404,99569,100,100016,100,99199,100,100017,100,99171,100,100048,100,99163,100
2019-06-28 09:48:30.000000000,99892,484,99858,484,99897,100,99855,100,99906,100,99852,100,99907,100,99764,100,99915,100,99748,100,99940,100,99733,100,99946,404,99569,100,100016,100,99199,100,100017,100,99171,100,100048,100,99163,100
2019-06-28 09:48:40.000000000,99892,484,99858,484,99897,100,99855,100,99906,100,99852,100,99907,100,99764,100,99915,100,99748,100,99940,100,99733,100,99946,404,99569,100,100016,100,99199,100,100017,100,99171,100,100048,100,99163,100
2019-06-28 09:48:40.009431508,99892,584,99858,484,99897,100,99855,100,99906,100,99852,100,99907,100,99764,100,99915,100,99748,100,99940,100,99733,100,99946,304,99569,100,100016,100,99199,100,100017,100,99171,100,100048,100,99163,100
2019-06-28 09:48:42.737625321,99892,584,99858,384,99897,100,99855,100,99906,100,99852,100,99907,100,99764,100,99915,100,99748,100,99940,100,99733,100,99946,304,99569,100,100016,100,99199,100,100017,100,99171,100,100048,100,99163,100
2019-06-28 09:48:50.000000000,99892,331,99855,231,99897,227,99852,227,99906,227,99764,227,99907,100,99748,100,99915,100,99733,100,99940,100,99569,100,99946,304,99199,100,100016,100,99171,100,100017,100,99163,100,100048,100,99138,100
2019-06-28 09:49:00.000000000,99892,392,99855,292,99897,292,99852,292,99906,100,99764,100,99907,100,99748,100,99915,100,99733,100,99940,100,99569,100,99946,304,99199,100,100016,100,99171,100,100017,100,99163,100,100048,100,99138,100
2019-06-28 09:49:01.104846289,99892,392,99855,292,99897,292,99852,292,99906,100,99764,100,99907,100,99748,100,99915,100,99733,100,99940,100,99569,100,99946,304,99199,100,100016,100,99171,100,100017,100,99163,100,100048,100,99138,100
2019-06-28 09:49:10.000000000,99892,296,99855,196,99897,196,99852,196,99906,196,99764,196,99907,196,99748,196,99915,100,99733,100,99940,100,99569,100,99946,304,99199,100,100016,100,99171,100,100017,100,99163,100,100048,100,99138,100
2019-06-28 09:49:20.000000000,99892,277,99855,177,99897,177,99852,177,99906,177,99764,177,99907,177,99748,177,99915,177,99733,177,99940,100,99569,100,99946,304,99199,100,100016,100,99171,100,100017,100,99163,100,100048,100,99138,100
2019-06-28 09:49:21.203683889,99892,277,99855,77,99897,177,99852,177,99906,177,99764,177,99907,177,99748,177,99915,177,99733,177,99940,100,99569,100,99946,304,99199,100,100016,100,99171,100,100017,100,99163,100,100060,100,99138,100
2019-06-28 09:49:30.000000000,99892,296,99852,196,99897,196,99764,196,99906,196,99748,196,99907,196,99733,196,99915,100,99569,100,99940,100,99199,100,99946,304,99171,100,100016,100,99163,100,100017,100,99138,100,100060,100,99077,100
2019-06-28 09:49:31.692246436,99892,296,99852,196,99897,196,99764,196,99906,196,99748,196,99907,196,99733,196,99915,100,99569,100,99940,100,99199,100,99946,204,99171,100,100016,100,99163,100,100017,100,99138,100,100060,100,99077,100
2019-06-28 09:49:40.000000000,99892,392,99852,292,99897,292,99764,292,99906,100,99748,100,99907,100,99733,100,99915,100,99569,100,99940,100,99199,100,99946,204,99171,100,100016,100,99163,100,100017,100,99138,100,100060,100,99077,100
2019-06-28 09:49:42.127278582,99892,392,99852,292,99897,292,99764,292,99906,100,99748,100,99907,100,99733,100,99915,100,99569,100,99940,100,99199,100,99946,104,99171,100,100016,100,99163,100,100017,100,99138,100,100060,100,99077,100
2019-06-28 09:49:46.318168348,99858,100,99852,292,99892,392,99764,292,99897,292,99748,100,99906,100,99733,100,99907,100,99569,100,99940,100,99199,100,99946,104,99171,100,100016,100,99163,100,100017,100,99138,100,100060,100,99077,100
2019-06-28 09:49:50.000000000,99858,292,99852,292,99892,392,99764,292,99897,100,99748,100,99906,100,99733,100,99907,100,99569,100,99940,100,99199,100,99946,104,99171,100,100016,100,99163,100,100017,100,99138,100,100060,100,99077,100
2019-06-28 09:50:00.000000000,99858,484,99852,484,99892,200,99764,100,99897,100,99748,100,99906,100,99733,100,99907,100,99569,100,99940,100,99199,100,99946,104,99171,100,100016,100,99163,100,100017,100,99138,100,100060,100,99077,100
2019-06-28 09:50:09.799085181,99858,484,99852,484,99892,200,99764,100,99897,100,99748,100,99906,100,99733,100,99907,100,99569,100,99940,100,99199,100,99946,104,99171,100,100016,100,99163,100,100017,100,99138,100,100060,100,99077,100
2019-06-28 09:50:10.000000000,99858,484,99852,484,99892,200,99764,100,99897,100,99748,100,99906,100,99733,100,99907,100,99569,100,99940,100,99199,100,99946,104,99171,100,100016,100,99163,100,100017,100,99138,100,100060,100,99077,100
2019-06-28 09:50:20.000000000,99858,196,99852,196,99892,296,99764,196,99897,196,99748,196,99906,196,99733,196,99907,100,99569,100,99940,100,99199,100,99946,104,99171,100,100016,100,99163,100,100017,100,99138,100,100060,100,99077,100
2019-06-28 09:50:30.000000000,99858,196,99852,196,99892,296,99764,196,99897,196,99748,196,99906,196,99733,196,99907,100,99569,100,99940,100,99199,100,99946,104,99171,100,100016,100,99163,100,100017,100,99138,100,100060,100,99077,100
2019-06-28 09:50:40.000000000,99858,177,99852,177,99892,277,99764,177,99897,177,99748,177,99906,177,99733,177,99907,177,99569,177,99940,100,99199,100,99946,104,99171,100,100016,100,99163,100,100017,100,99138,100,100060,100,99077,100
2019-06-28 09:50:44.704314635,99858,277,99852,177,99892,277,99764,177,99897,177,99748,177,99906,177,99733,177,99907,177,99569,177,99940,100,99199,100,99946,104,99171,100,100016,100,99163,100,100017,100,99138,100,100060,100,99077,100
2019-06-28 09:50:50.000000000,99858,277,99852,177,99892,277,99764,177,99897,177,99748,177,99906,177,99733,177,99907,177,99569,177,99940,100,99199,100,99946,104,99171,100,100016,100,99163,100,100017,100,99138,100,100060,100,99077,100
2019-06-28 09:51:00.000000000,99858,584,99852,484,99892,200,99764,100,99897,100,99748,100,99906,100,99733,100,99907,100,99569,100,99940,100,99199,100,99946,104,99171,100,100016,100,99163,100,100017,100,99138,100,100060,100,99077,100
2019-06-28 09:51:01.669284209,99858,584,99852,384,99892,200,99764,100,99897,100,99748,100,99906,100,99733,100,99907,100,99569,100,99940,100,99199,100,99946,104,99171,100,100016,100,99163,100,100017,100,99138,100,100060,100,99077,100
2019-06-28 09:51:10.000000000,99858,392,99764,292,99892,392,99748,292,99897,100,99733,100,99906,100,99569,100,99907,100,99199,100,99940,100,99171,100,99946,104,99163,100,100016,100,99138,100,100017,100,99077,100,100060,100,99058,100
2019-06-28 09:51:11.778839055,99858,392,99764,192,99892,392,99748,292,99897,100,99733,100,99906,100,99569,100,99907,100,99199,100,99940,100,99171,100,99946,104,99163,100,100016,100,99138,100,100017,100,99077,100,100060,100,99058,100
2019-06-28 09:51:20.000000000,99858,296,99748,196,99892,296,99733,196,99897,196,99569,196,99906,196,99199,196,99907,100,99171,100,99940,100,99163,100,99946,104,99138,100,100016,100,99077,100,100017,100,99058,100,100060,100,99012,100
2019-06-28 09:51:22.519440313,99858,296,99748,96,99892,296,99733,196,99897,196,99569,196,99906,196,99199,196,99907,100,99171,100,99940,100,99163,100,99946,104,99138,100,100016,100,99077,100,100017,100,99058,100,100060,100,99012,100
2019-06-28 09:51:30.000000000,99858,296,99733,196,99892,296,99569,196,99897,196,99199,196,99906,196,99171,196,99907,100,99163,100,99940,100,99138,100,99946,104,99077,100,100016,100,99058,100,100017,100,99012,100,100060,100,98875,100
2019-06-28 09:51:40.000000000,99858,584,99733,484,99892,200,99569,100,99897,100,99199,100,99906,100,99171,100,99907,100,99163,100,99940,100,99138,100,99946,104,99077,100,100016,100,99058,100,100017,100,99012,100,100060,100,98875,100
2019-06-28 09:51:50.000000000,99858,277,99733,177,99892,277,99569,177,99897,177,99199,177,99906,177,99171,177,99907,177,99163,177,99940,100,99138,100,99946,104,99077,100,100016,100,99058,100,100017,100,99012,100,100060,100,98875,100
2019-06-28 09:51:57.865158313,99858,277,99733,77,99892,277,99569,177,99897,177,99199,77,99906,177,99171,177,99907,177,99163,177,99940,100,99138,100,99946,104,99077,100,100016,100,99058,100,100017,100,99012,100,100060,100,98875,100
2019-06-28 09:52:00.000000000,99858,331,99569,231,99892,327,99171,227,99897,227,99163,227,99906,100,99138,100,99907,100,99077,100,99940,100,99058,100,99946,104,99012,100,100016,100,98875,100,100017,100,98753,100,100060,100,98643,100
2019-06-28 09:52:09.587642924,99748,100,99569,231,99858,331,99171,227,99892,327,99163,227,99897,227,99138,100,99906,100,99077,100,99907,100,99058,100,99940,100,99012,100,99946,104,98875,100,100016,100,98753,100,100017,100,98643,100
2019-06-28 09:52:10.000000000,99748,292,99569,292,99858,392,99171,292,99892,200,99163,100,99897,100,99138,100,99906,100,99077,100,99907,100,99058,100,99940,100,99012,100,99946,104,98875,100,100016,100,98753,100,100017,100,98643,100
2019-06-28 09:52:20.000000000,99748,231,99569,231,99858,327,99171,227,99892,327,99163,227,99897,100,99138,100,99906,100,99077,100,99907,100,99058,100,99940,100,99012,100,99946,104,98875,100,100016,100,98753,100,100017,100,98643,100
2019-06-28 09:52:30.000000000,99748,177,99569,177,99858,277,99171,177,99892,277,99163,177,99897,177,99138,177,99906,177,99077,177,99907,100,99058,100,99940,100,99012,100,99946,104,98875,100,100016,100,98753,100,100017,100,98643,100
2019-06-28 09:52:40.000000000,99748,196,99569,196,99858,296,99171,196,99892,296,99163,196,99897,196,99138,196,99906,100,99077,100,99907,100,99058,100,99940,100,99012,100,99946,104,98875,100,100016,100,98753,100,100017,100,98643,100
2019-06-28 09:52:50.000000000,99748,177,99569,177,99858,277,99171,177,99892,277,99163,177,99897,177,99138,177,99906,177,99077,177,99907,100,99058,100,99940,100,99012,100,99946,104,98875,100,100016,100,98753,100,100017,100,98643,100
2019-06-28 09:52:52.070106950,99748,177,99569,177,99858,277,99171,177,99892,277,99163,177,99897,177,99138,177,99906,177,99077,177,99907,100,99058,100,99940,100,99012,100,99946,104,98875,100,100016,100,98816,100,100017,100,98753,100
2019-06-28 09:53:00.000000000,99748,177,99569,177,99858,277,99171,177,99892,277,99163,177,99897,177,99138,177,99906,177,99077,177,99907,100,99058,100,99940,100,99012,100,99946,104,98875,100,100016,100,98816,100,100017,100,98753,100
2019-06-28 09:53:10.000000000,99748,484,99569,484,99858,200,99171,100,99892,200,99163,100,99897,100,99138,100,99906,100,99077,100,99907,100,99058,100,99940,100,99012,100,99946,104,98875,100,100016,100,98816,100,100017,100,98753,100
2019-06-28 09:53:15.245458297,99748,484,99569,484,99858,200,99255,100,99892,200,99171,100,99897,100,99163,100,99906,100,99138,100,99907,100,99077,100,99940,100,99058,100,99946,104,99012,100,100016,100,98875,100,100017,100,98816,100
2019-06-28 09:53:20.000000000,99748,196,99569,196,99858,296,99255,196,99892,296,99171,196,99897,196,99163,196,99906,100,99138,100,99907,100,99077,100,99940,100,99058,100,99946,104,99012,100,100016,100,98875,100,100017,100,98816,100
2019-06-28 09:53:29.404357816,99748,196,99569,196,99858,296,99523,100,99892,296,99255,196,99897,196,99171,196,99906,100,99163,196,99907,100,99138,100,99940,100,99077,100,99946,104,99058,100,100016,100,99012,100,100017,100,98875,100
2019-06-28 09:53:30.000000000,99748,177,99569,177,99858,277,99523,177,99892,277,99255,177,99897,177,99171,177,99906,177,99163,177,99907,100,99138,100,99940,100,99077,100,99946,104,99058,100,100016,100,99012,100,100017,100,98875,100
2019-06-28 09:53:40.000000000,99748,484,99569,484,99858,200,99523,100,99892,200,99255,100,99897,100,99171,100,99906,100,99163,100,99907,100,99138,100,99940,100,99077,100,99946,104,99058,100,100016,100,99012,100,100017,100,98875,100
2019-06-28 09:53:50.000000000,99748,177,99569,177,99858,277,99523,177,99892,277,99255,177,99897,177,99171,177,99906,177,99163,177,99907,100,99138,100,99940,100,99077,100,99946,104,99058,100,100016,100,99012,100,100017,100,98875,100
2019-06-28 09:54:00.000000000,99748,231,99569,231,99858,327,99523,227,99892,327,99255,227,99897,100,99171,100,99906,100,99163,100,99907,100,99138,100,99940,100,99077,100,99946,104,99058,100,100016,100,99012,100,100017,100,98875,100
2019-06-28 09:54:10.000000000,99748,484,99569,484,99858,200,99523,100,99892,200,99255,100,99897,100,99171,100,99906,100,99163,100,99907,100,99138,100,99940,100,99077,100,99946,104,99058,100,100016,100,99012,100,100017,100,98875,100
2019-06-28 09:54:18.940120094,99748,484,99569,384,99858,200,99557,100,99892,200,99523,100,99897,100,99255,100,99906,100,99171,100,99907,100,99163,100,99940,100,99138,100,99946,104,99077,100,100016,100,99058,100,100017,100,99012,100
2019-06-28 09:54:20.000000000,99748,196,99557,196,99858,296,99523,196,99892,296,99255,196,99897,196,99171,196,99906,100,99163,100,99907,100,99138,100,99940,100,99077,100,99946,104,99058,100,100016,100,99012,100,100017,100,98875,100
2019-06-28 09:54:30.000000000,99748,484,99557,484,99858,200,99523,100,99892,200,99255,100,99897,100,99171,100,99906,100,99163,100,99907,100,99138,100,99940,100,99077,100,99946,104,99058,100,100016,100,99012,100,100017,100,98875,100
2019-06-28 09:54:36.704149548,99748,384,99557,484,99858,200,99523,100,99892,200,99255,100,99897,100,99171,100,99906,100,99163,100,99907,100,99138,100,99940,100,99077,100,99946,104,99058,100,100016,100,99012,100,100017,100,98875,100
2019-06-28 09:54:38.938282952,99748,284,99557,484,99858,200,99523,100,99892,200,99255,100,99897,100,99171,100,99906,100,99163,100,99907,100,99138,100,99940,100,99077,100,99946,104,99058,100,100016,100,99012,100,100017,100,98875,100
2019-06-28 09:54:40.000000000,99858,392,99557,292,99892,392,99523,292,99897,100,99255,100,99906,100,99171,100,99907,100,99163,100,99940,100,99138,100,99946,104,99077,100,100016,100,99058,100,100017,100,99012,100,100060,100,98875,100
2019-06-28 09:54:50.000000000,99858,277,99557,177,99892,277,99523,177,99897,177,99255,177,99906,177,99171,177,99907,177,99163,177,99940,100,99138,100,99946,104,99077,100,100016,100,99058,100,100017,100,99012,100,100060,100,98875,100
2019-06-28 09:55:00.000000000,99858,296,99557,196,99892,296,99523,196,99897,196,99255,196,99906,196,99171,196,99907,100,99163,100,99940,100,99138,100,99946,104,99077,100,100016,100,99058,100,100017,100,99012,100,100060,100,98875,100
2019-06-28 09:55:00.003177522,99858,296,99557,196,99892,296,99523,196,99897,196,99464,100,99906,196,99255,196,99907,100,99171,196,99940,100,99163,100,99946,104,99138,100,100016,100,99077,100,100017,100,99058,100,100060,100,99012,100
2019-06-28 09:55:01.429708660,99748,100,99557,196,99858,296,99523,196,99892,196,99464,100,99897,196,99255,196,99906,196,99171,196,99907,100,99163,100,99940,100,99138,100,99946,104,99077,100,100016,100,99058,100,100017,100,99012,100
2019-06-28 09:55:10.000000000,99748,231,99557,231,99858,327,99523,227,99892,227,99464,227,99897,100,99255,100,99906,100,99171,100,99907,100,99163,100,99940,100,99138,100,99946,104,99077,100,100016,100,99058,100,100017,100,99012,100
2019-06-28 09:55:20.000000000,99748,292,99557,292,99858,392,99523,292,99892,100,99464,100,99897,100,99255,100,99906,100,99171,100,99907,100,99163,100,99940,100,99138,100,99946,104,99077,100,100016,100,99058,100,100017,100,99012,100
2019-06-28 09:55:30.000000000,99748,231,99557,231,99858,327,99523,227,99892,227,99464,227,99897,100,99255,100,99906,100,99171,100,99907,100,99163,100,99940,100,99138,100,99946,104,99077,100,100016,100,99058,100,100017,100,99012,100
2019-06-28 09:55:31.618441076,99748,231,99627,100,99858,327,99557,231,99892,227,99523,127,99897,100,99464,227,99906,100,99255,100,99907,100,99171,100,99940,100,99163,100,99946,104,99138,100,100016,100,99077,100,100017,100,99058,100
2019-06-28 09:55:40.000000000,99748,177,99627,177,99858,277,99557,177,99892,177,99464,177,99897,177,99255,177,99906,177,99171,177,99907,100,99163,100,99940,100,99138,100,99946,104,99077,100,100016,100,99058,100,100017,100,99012,100
2019-06-28 09:55:45.091152136,99748,177,99627,77,99858,277,99557,177,99892,177,99464,177,99897,177,99255,177,99906,177,99171,177,99907,100,99163,100,99940,100,99138,100,99946,104,99077,100,100016,100,99058,100,100017,100,99012,100
2019-06-28 09:55:50.000000000,99748,196,99557,196,99858,296,99464,196,99892,196,99255,196,99897,196,99171,196,99906,100,99163,100,99907,100,99138,100,99940,100,99077,100,99946,104,99058,100,100016,100,99012,100,100017,100,98875,100
2019-06-28 09:55:52.940807155,99748,196,99557,96,99858,296,99464,196,99892,196,99255,196,99897,196,99171,196,99906,100,99163,100,99907,100,99138,100,99940,100,99077,100,99946,104,99058,100,100016,100,99012,100,100017,100,98875,100
2019-06-28 09:56:00.000000000,99748,231,99464,231,99858,327,99255,227,99892,227,99171,227,99897,100,99163,100,99906,100,99138,100,99907,100,99077,100,99940,100,99058,100,99946,104,99012,100,100016,100,98875,100,100017,100,98816,100
2019-06-28 09:56:10.000000000,99748,292,99464,292,99858,392,99255,292,99892,100,99171,100,99897,100,99163,100,99906,100,99138,100,99907,100,99077,100,99940,100,99058,100,99946,104,99012,100,100016,100,98875,100,100017,100,98816,100
2019-06-28 09:56:10.893421390,99748,292,99464,292,99858,392,99255,292,99892,100,99171,100,99906,100,99163,100,99907,100,99138,100,99940,100,99077,100,99946,104,99058,100,100016,100,99012,100,100017,100,98875,100,100060,100,98816,100
2019-06-28 09:56:14.410595662,99748,292,99464,292,99788,100,99255,292,99858,392,99171,100,99892,100,99163,100,99906,100,99138,100,99907,100,99077,100,99940,100,99058,100,99946,104,99012,100,100016,100,98875,100,100017,100,98816,100
2019-06-28 09:56:14.702624411,99748,292,99464,292,99788,100,99342,100,99858,392,99255,292,99892,100,99171,100,99906,100,99163,100,99907,100,99138,100,99940,100,99077,100,99946,104,99058,100,100016,100,99012,100,100017,100,98875,100
2019-06-28 09:56:20.000000000,99748,196,99464,196,99788,196,99342,196,99858,296,99255,196,99892,196,99171,196,99906,100,99163,100,99907,100,99138,100,99940,100,99077,100,99946,104,99058,100,100016,100,99012,100,100017,100,98875,100
2019-06-28 09:56:29.833004300,99748,196,99464,196,99788,196,99376,100,99858,296,99342,196,99892,196,99255,196,99906,100,99171,196,99907,100,99163,100,99940,100,99138,100,99946,104,99077,100,100016,100,99058,100,100017,100,99012,100
2019-06-28 09:56:30.000000000,99748,484,99464,484,99788,100,99376,100,99858,200,99342,100,99892,100,99255,100,99906,100,99171,100,99907,100,99163,100,99940,100,99138,100,99946,104,99077,100,100016,100,99058,100,100017,100,99012,100
2019-06-28 09:56:33.331054046,99738,100,99464,484,99748,484,99376,100,99788,100,99342,100,99858,200,99255,100,99892,100,99171,100,99906,100,99163,100,99907,100,99138,100,99940,100,99077,100,99946,104,99058,100,100016,100,99012,100
2019-06-28 09:56:40.000000000,99738,292,99464,292,99748,292,99376,292,99788,100,99342,100,99858,200,99255,100,99892,100,99171,100,99906,100,99163,100,99907,100,99138,100,99940,100,99077,100,99946,104,99058,100,100016,100,99012,100
2019-06-28 09:56:44.170289337,99738,292,99464,192,99748,292,99376,292,99788,100,99342,100,99858,200,99255,100,99892,100,99171,100,99906,100,99163,100,99907,100,99138,100,99940,100,99077,100,99946,104,99058,100,100016,100,99012,100
2019-06-28 09:56:50.000000000,99738,177,99376,177,99748,177,99342,177,99788,177,99255,177,99858,277,99171,177,99892,177,99163,177,99906,100,99138,100,99907,100,99077,100,99940,100,99058,100,99946,104,99012,100,100016,100,98875,100
2019-06-28 09:56:57.896758169,99738,177,99376,177,99748,177,99342,177,99788,177,99255,177,99858,277,99171,177,99892,177,99163,177,99906,100,99138,100,99907,100,99077,100,99940,100,99058,100,99946,104,99012,100,100016,100,98875,100
2019-06-28 09:57:00.000000000,99738,484,99376,484,99748,100,99342,100,99788,100,99255,100,99858,200,99171,100,99892,100,99163,100,99906,100,99138,100,99907,100,99077,100,99940,100,99058,100,99946,104,99012,100,100016,100,98875,100
2019-06-28 09:57:10.000000000,99738,484,99376,484,99748,100,99342,100,99788,100,99255,100,99858,200,99171,100,99892,100,99163,100,99906,100,99138,100,99907,100,99077,100,99940,100,99058,100,99946,104,99012,100,100016,100,98875,100
2019-06-28 09:57:20.000000000,99738,484,99376,484,99748,100,99342,100,99788,100,99255,100,99858,200,99171,100,99892,100,99163,100,99906,100,99138,100,99907,100,99077,100,99940,100,99058,100,99946,104,99012,100,100016,100,98875,100
2019-06-28 09:57:24.088833009,99738,484,99558,100,99748,100,99376,484,99788,100,99342,100,99858,200,99255,100,99892,100,99171,100,99906,100,99163,100,99907,100,99138,100,99940,100,99077,100,99946,104,99058,100,100016,100,99012,100
2019-06-28 09:57:30.000000000,99738,196,99558,196,99748,196,99376,196,99788,196,99342,196,99858,296,99255,196,99892,100,99171,100,99906,100,99163,100,99907,100,99138,100,99940,100,99077,100,99946,104,99058,100,100016,100,99012,100
2019-06-28 09:57:31.986541396,99738,196,99558,196,99748,196,99376,196,99788,196,99342,196,99858,296,99255,196,99892,100,99171,100,99906,100,99163,100,99907,100,99138,100,99940,100,99077,100,99946,4,99058,100,100016,100,99012,100
2019-06-28 09:57:40.000000000,99738,292,99558,292,99748,292,99376,292,99788,100,99342,100,99858,200,99255,100,99892,100,99171,100,99906,100,99163,100,99907,100,99138,100,99940,100,99077,100,99946,4,99058,100,100016,100,99012,100
2019-06-28 09:57:50.000000000,99738,231,99558,231,99748,227,99376,227,99788,227,99342,227,99858,200,99255,100,99892,100,99171,100,99906,100,99163,100,99907,100,99138,100,99940,100,99077,100,99946,4,99058,100,100016,100,99012,100
2019-06-28 09:57:53.731760579,99738,231,99558,231,99748,227,99376,227,99788,227,99342,227,99858,200,99255,100,99892,100,99171,100,99906,100,99163,100,99907,100,99138,100,99940,100,99077,100,99946,4,99058,100,100016,100,99012,100
2019-06-28 09:58:00.000000000,99738,484,99558,484,99748,100,99376,100,99788,100,99342,100,99858,200,99255,100,99892,100,99171,100,99906,100,99163,100,99907,100,99138,100,99940,100,99077,100,99946,4,99058,100,100016,100,99012,100
2019-06-28 09:58:06.441413410,99738,484,99558,584,99748,100,99376,100,99788,100,99342,100,99858,200,99255,100,99892,100,99171,100,99907,100,99163,100,99940,100,99138,100,99946,4,99077,100,100016,100,99058,100,100017,100,99012,100
2019-06-28 09:58:10.000000000,99738,292,99558,392,99748,292,99376,292,99788,100,99342,100,99858,200,99255,100,99892,100,99171,100,99907,100,99163,100,99940,100,99138,100,99946,4,99077,100,100016,100,99058,100,100017,100,99012,100
2019-06-28 09:58:17.104712119,99738,292,99558,392,99748,292,99376,292,99788,100,99342,100,99858,200,99255,100,99892,100,99171,100,99907,100,99163,100,99940,100,99138,100,99946,4,99077,100,100016,100,99058,100,100017,100,99012,100
2019-06-28 09:58:18.882845380,99738,192,99558,392,99748,292,99376,292,99788,100,99342,100,99858,200,99255,100,99892,100,99171,100,99907,100,99163,100,99940,100,99138,100,99946,4,99077,100,100016,100,99058,100,100017,100,99012,100
2019-06-28 09:58:20.000000000,99748,292,99558,392,99788,292,99376,292,99858,200,99342,100,99892,100,99255,100,99907,100,99171,100,99940,100,99163,100,99946,4,99138,100,100016,100,99077,100,100017,100,99058,100,100024,100,99012,100
2019-06-28 09:58:25.761415442,99748,292,99558,392,99788,292,99376,292,99858,200,99342,100,99892,100,99255,100,99907,100,99171,100,99940,100,99163,100,99946,4,99138,100,99979,100,99077,100,100016,100,99058,100,100017,100,99012,100
2019-06-28 09:58:30.000000000,99748,292,99558,392,99788,292,99376,292,99858,200,99342,100,99892,100,99255,100,99907,100,99171,100,99940,100,99163,100,99946,4,99138,100,99979,100,99077,100,100016,100,99058,100,100017,100,99012,100
2019-06-28 09:58:31.929644253,99748,192,99558,392,99788,292,99376,292,99858,200,99342,100,99892,100,99255,100,99907,100,99171,100,99940,100,99163,100,99946,4,99138,100,99979,100,99077,100,100016,100,99058,100,100017,100,99012,100
2019-06-28 09:58:40.000000000,99788,292,99558,392,99858,392,99376,292,99892,100,99342,100,99907,100,99255,100,99940,100,99171,100,99946,4,99163,100,99979,100,99138,100,100016,100,99077,100,100017,100,99058,100,100060,100,99012,100
2019-06-28 09:58:50.000000000,99788,484,99558,584,99858,200,99376,100,99892,100,99342,100,99907,100,99255,100,99940,100,99171,100,99946,4,99163,100,99979,100,99138,100,100016,100,99077,100,100017,100,99058,100,100060,100,99012,100
2019-06-28 09:59:00.000000000,99788,196,99558,296,99858,296,99376,196,99892,196,99342,196,99907,196,99255,196,99940,100,99171,100,99946,4,99163,100,99979,100,99138,100,100016,100,99077,100,100017,100,99058,100,100060,100,99012,100
2019-06-28 09:59:05.063979645,99740,100,99558,296,99788,196,99376,196,99858,296,99342,196,99892,196,99255,196,99907,196,99171,100,99940,100,99163,100,99946,4,99138,100,99979,100,99077,100,100016,100,99058,100,100017,100,99012,100
2019-06-28 09:59:10.000000000,99740,196,99558,296,99788,196,99376,196,99858,296,99342,196,99892,196,99255,196,99907,100,99171,100,99940,100,99163,100,99946,4,99138,100,99979,100,99077,100,100016,100,99058,100,100017,100,99012,100
2019-06-28 09:59:20.000000000,99740,196,99558,296,99788,196,99376,196,99858,296,99342,196,99892,196,99255,196,99907,100,99171,100,99940,100,99163,100,99946,4,99138,100,99979,100,99077,100,100016,100,99058,100,100017,100,99012,100
2019-06-28 09:59:30.000000000,99740,484,99558,584,99788,100,99376,100,99858,200,99342,100,99892,100,99255,100,99907,100,99171,100,99940,100,99163,100,99946,4,99138,100,99979,100,99077,100,100016,100,99058,100,100017,100,99012,100
2019-06-28 09:59:40.000000000,99740,196,99558,296,99788,196,99376,196,99858,296,99342,196,99892,196,99255,196,99907,100,99171,100,99940,100,99163,100,99946,4,99138,100,99979,100,99077,100,100016,100,99058,100,100017,100,99012,100
2019-06-28 09:59:50.000000000,99740,177,99558,277,99788,177,99376,177,99858,277,99342,177,99892,177,99255,177,99907,177,99171,177,99940,100,99163,100,99946,4,99138,100,99979,100,99077,100,100016,100,99058,100,100017,100,99012,100
2019-06-28 10:00:00.000000000,99740,484,99558,584,99788,100,99376,100,99858,200,99342,100,99892,100,99255,100,99907,100,99171,100,99940,100,99163,100,99946,4,99138,100,99979,100,99077,100,100016,100,99058,100,100017,100,99012,100
2019-06-28 10:00:10.000000000,99740,484,99558,584,99788,100,99376,100,99858,200,99342,100,99892,100,99255,100,99907,100,99171,100,99940,100,99163,100,99946,4,99138,100,99979,100,99077,100,100016,100,99058,100,100017,100,99012,100
2019-06-28 10:00:20.000000000,99740,177,99558,277,99788,177,99376,177,99858,277,99342,177,99892,177,99255,177,99907,177,99171,177,99940,100,99163,100,99946,4,99138,100,99979,100,99077,100,100016,100,99058,100,100017,100,99012,100
2019-06-28 10:00:30.000000000,99740,231,99558,331,99788,227,99376,227,99858,327,99342,227,99892,100,99255,100,99907,100,99171,100,99940,100,99163,100,99946,4,99138,100,99979,100,99077,100,100016,100,99058,100,100017,100,99012,100
2019-06-28 10:00:31.210392188,99740,231,99558,331,99788,227,99376,227,99858,327,99342,227,99892,100,99255,100,99907,100,99171,100,99940,100,99163,100,99946,4,99138,100,100016,100,99077,100,100017,100,99058,100,100060,100,99012,100
2019-06-28 10:00:40.000000000,99740,231,99558,331,99788,227,99376,227,99858,327,99342,227,99892,100,99255,100,99907,100,99171,100,99940,100,99163,100,99946,4,99138,100,100016,100,99077,100,100017,100,99058,100,100060,100,99012,100
2019-06-28 10:00:50.000000000,99740,292,99558,392,99788,292,99376,292,99858,200,99342,100,99892,100,99255,100,99907,100,99171,100,99940,100,99163,100,99946,4,99138,100,100016,100,99077,100,100017,100,99058,100,100060,100,99012,100
2019-06-28 10:00:53.425638878,99740,292,99558,292,99788,292,99376,292,99858,200,99342,100,99892,100,99255,100,99907,100,99171,100,99940,100,99163,100,99946,4,99138,100,100016,100,99058,100,100017,100,99012,100,100060,100,98875,100
2019-06-28 10:01:00.000000000,99740,177,99558,177,99788,177,99376,177,99858,277,99342,177,99892,177,99255,177,99907,177,99171,177,99940,100,99163,100,99946,4,99138,100,100016,100,99058,100,100017,100,99012,100,100060,100,98875,100
2019-06-28 10:01:10.000000000,99740,231,99558,231,99788,227,99376,227,99858,327,99342,227,99892,100,99255,100,99907,100,99171,100,99940,100,99163,100,99946,4,99138,100,100016,100,99058,100,100017,100,99012,100,100060,100,98875,100
2019-06-28 10:01:12.383371260,99740,231,99558,131,99788,227,99376,227,99858,327,99342,227,99892,100,99255,100,99907,100,99171,100,99940,100,99163,100,99946,4,99138,100,100016,100,99058,100,100017,100,99012,100,100060,100,98875,100
2019-06-28 10:01:20.000000000,99740,196,99376,196,99788,196,99342,196,99858,296,99255,196,99892,196,99171,196,99907,100,99163,100,99940,100,99138,100,99946,4,99058,100,100016,100,99012,100,100017,100,98875,100,100060,100,98816,100
2019-06-28 10:01:30.000000000,99740,292,99376,292,99788,292,99342,292,99858,200,99255,100,99892,100,99171,100,99907,100,99163,100,99940,100,99138,100,99946,4,99058,100,100016,100,99012,100,100017,100,98875,100,100060,100,98816,100
2019-06-28 10:01:32.278260439,99740,292,99376,292,99788,292,99342,292,99858,200,99255,100,99892,100,99171,100,99907,100,99163,100,99940,100,99138,100,99946,4,99058,100,100016,100,99012,100,100017,100,98875,100,100060,100,98816,100
2019-06-28 10:01:34.676163437,99558,100,99376,292,99740,292,99342,292,99788,292,99255,100,99858,200,99171,100,99892,100,99163,100,99907,100,99138,100,99940,100,99058,100,99946,4,99012,100,100016,100,98875,100,100017,100,98816,100
2019-06-28 10:01:39.030009749,99558,100,99376,292,99740,292,99342,292,99788,292,99255,100,99858,200,99171,100,99892,100,99163,100,99907,100,99138,100,99940,100,99058,100,99946,4,99012,100,100016,100,98875,100,100017,100,98816,100
2019-06-28 10:01:40.000000000,99558,177,99376,177,99740,177,99342,177,99788,177,99255,177,99858,277,99171,177,99892,177,99163,177,99907,100,99138,100,99940,100,99058,100,99946,4,99012,100,100016,100,98875,100,100017,100,98816,100
2019-06-28 10:01:50.000000000,99558,484,99376,484,99740,100,99342,100,99788,100,99255,100,99858,200,99171,100,99892,100,99163,100,99907,100,99138,100,99940,100,99058,100,99946,4,99012,100,100016,100,98875,100,100017,100,98816,100
2019-06-28 10:01:50.643298013,99558,584,99376,484,99740,100,99342,100,99788,100,99255,100,99858,100,99171,100,99892,100,99163,100,99907,100,99138,100,99940,100,99058,100,99946,4,99012,100,100016,100,98875,100,100017,100,98816,100
2019-06-28 10:01:51.578209224,99558,584,99376,484,99740,100,99342,100,99788,100,99255,100,99858,100,99171,100,99892,100,99163,100,99907,100,99138,100,99940,100,99058,100,99946,4,99012,100,100016,100,98875,100,100017,100,98816,100
2019-06-28 10:02:00.000000000,99558,584,99376,484,99740,100,99342,100,99788,100,99255,100,99858,100,99171,100,99892,100,99163,100,99907,100,99138,100,99940,100,99058,100,99946,4,99012,100,100016,100,98875,100,100017,100,98816,100
2019-06-28 10:02:10.000000000,99558,277,99376,177,99740,177,99342,177,99788,177,99255,177,99858,177,99171,177,99892,177,99163,177,99907,100,99138,100,99940,100,99058,100,99946,4,99012,100,100016,100,98875,100,100017,100,98816,100
2019-06-28 10:02:20.000000000,99558,296,99376,196,99740,196,99342,196,99788,196,99255,196,99858,196,99171,196,99892,100,99163,100,99907,100,99138,100,99940,100,99058,100,99946,4,99012,100,100016,100,98875,100,100017,100,98816,100
2019-06-28 10:02:27.744412277,99558,296,99376,196,99740,196,99342,196,99788,196,99255,196,99858,196,99171,196,99892,100,99163,100,99907,100,99138,100,99940,100,99058,100,99946,4,99012,100,100016,100,98875,100,100017,100,98816,100
2019-06-28 10:02:27.969442388,99558,296,99376,96,99740,196,99342,196,99788,196,99255,196,99858,196,99171,196,99892,100,99163,100,99907,100,99138,100,99940,100,99058,100,99946,4,99012,100,100016,100,98875,100,100017,100,98816,100
2019-06-28 10:02:30.000000000,99558,392,99342,292,99740,292,99255,292,99788,100,99171,100,99858,100,99163,100,99892,100,99138,100,99907,100,99058,100,99940,100,99012,100,99946,4,98875,100,100016,100,98816,100,100017,100,97945,100
2019-06-28 10:02:40.000000000,99558,296,99342,196,99740,196,99255,196,99788,196,99171,196,99858,196,99163,196,99892,100,99138,100,99907,100,99058,100,99940,100,99012,100,99946,4,98875,100,100016,100,98816,100,100017,100,97945,100
2019-06-28 10:02:48.970783287,99558,296,99342,96,99740,196,99255,196,99788,196,99171,96,99858,196,99163,196,99892,100,99138,100,99907,100,99058,100,99940,100,99012,100,99946,4,98875,100,100016,100,98816,100,100017,100,97945,100
2019-06-28 10:02:50.000000000,99558,584,99255,484,99740,100,99163,100,99788,100,99138,100,99858,100,99058,100,99892,100,99012,100,99907,100,98875,100,99940,100,98816,100,99946,4,97945,100,100016,100,97827,100,100017,100,97802,100
2019-06-28 10:02:52.123689148,99376,100,99255,484,99558,584,99163,100,99740,100,99138,100,99788,100,99058,100,99892,100,99012,100,99907,100,98875,100,99940,100,98816,100,99946,4,97945,100,100016,100,97827,100,100017,100,97802,100
2019-06-28 10:02:55.911947122,99376,100,99255,484,99558,584,99163,100,99740,100,99138,100,99892,100,99058,100,99907,100,99012,100,99940,100,98875,100,99946,4,98816,100,100016,100,97945,100,100017,100,97827,100,100060,100,97802,100
2019-06-28 10:03:00.000000000,99376,196,99255,196,99558,296,99163,196,99740,196,99138,196,99892,196,99058,196,99907,100,99012,100,99940,100,98875,100,99946,4,98816,100,100016,100,97945,100,100017,100,97827,100,100060,100,97802,100
2019-06-28 10:03:00.906127108,99376,196,99255,96,99558,296,99163,196,99740,196,99138,196,99892,196,99058,196,99907,100,99012,100,99940,100,98875,100,99946,4,98816,100,100016,100,97945,100,100017,100,97827,100,100060,100,97802,100
2019-06-28 10:03:10.000000000,99376,177,99163,177,99558,277,99138,177,99740,177,99058,177,99892,177,99012,177,99907,177,98875,177,99940,100,98816,100,99946,4,97945,100,100016,100,97827,100,100017,100,97802,100,100060,100,97772,100
2019-06-28 10:03:20.000000000,99376,196,99163,196,99558,296,99138,196,99740,196,99058,196,99892,196,99012,196,99907,100,98875,100,99940,100,98816,100,99946,4,97945,100,100016,100,97827,100,100017,100,97802,100,100060,100,97772,100
2019-06-28 10:03:30.000000000,99376,292,99163,292,99558,392,99138,292,99740,100,99058,100,99892,100,99012,100,99907,100,98875,100,99940,100,98816,100,99946,4,97945,100,100016,100,97827,100,100017,100,97802,100,100060,100,97772,100
2019-06-28 10:03:35.400375045,99376,292,99163,292,99558,392,99138,292,99740,100,99012,100,99892,100,98875,100,99907,100,98816,100,99940,100,97945,100,99946,4,97827,100,100016,100,97802,100,100017,100,97772,100,100060,100,97753,100
2019-06-28 10:03:40.000000000,99376,177,99163,177,99558,277,99138,177,99740,177,99012,177,99892,177,98875,177,99907,177,98816,177,99940,100,97945,100,99946,4,97827,100,100016,100,97802,100,100017,100,97772,100,100060,100,97753,100
2019-06-28 10:03:41.287411001,99376,177,99163,177,99558,277,99138,177,99740,177,99012,177,99892,177,98875,177,99907,177,98816,177,99940,100,97945,100,99946,4,97827,100,100016,100,97802,100,100017,100,97772,100,100060,100,97753,100
2019-06-28 10:03:50.000000000,99376,484,99163,484,99558,200,99138,100,99740,100,99012,100,99892,100,98875,100,99907,100,98816,100,99940,100,97945,100,99946,4,97827,100,100016,100,97802,100,100017,100,97772,100,100060,100,97753,100
2019-06-28 10:04:00.000000000,99376,484,99163,484,99558,200,99138,100,99740,100,99012,100,99892,100,98875,100,99907,100,98816,100,99940,100,97945,100,99946,4,97827,100,100016,100,97802,100,100017,100,97772,100,100060,100,97753,100
2019-06-28 10:04:10.000000000,99376,231,99163,231,99558,327,99138,227,99740,227,99012,227,99892,100,98875,100,99907,100,98816,100,99940,100,97945,100,99946,4,97827,100,100016,100,97802,100,100017,100,97772,100,100060,100,97753,100
2019-06-28 10:04:10.705589811,99376,231,99163,131,99558,327,99138,227,99740,227,99012,227,99892,100,98875,100,99907,100,98816,100,99940,100,97945,100,99946,4,97827,100,100016,100,97802,100,100017,100,97772,100,100060,100,97699,100
2019-06-28 10:04:16.097709941,99376,231,99163,131,99558,327,99138,227,99740,227,99012,227,99892,100,98875,100,99907,100,98816,100,99940,100,98044,100,99946,4,97945,100,100016,100,97827,100,100017,100,97802,100,100060,100,97772,100
2019-06-28 10:04:20.000000000,99376,484,99138,484,99558,200,99012,100,99740,100,98875,100,99892,100,98816,100,99907,100,98044,100,99940,100,97945,100,99946,4,97827,100,100016,100,97802,100,100017,100,97772,100,100060,100,97699,100
2019-06-28 10:04:30.000000000,99376,196,99138,196,99558,296,99012,196,99740,196,98875,196,99892,196,98816,196,99907,100,98044,100,99940,100,97945,100,99946,4,97827,100,100016,100,97802,100,100017,100,97772,100,100060,100,97699,100
2019-06-28 10:04:35.832293496,99376,196,99138,96,99558,296,99012,196,99740,196,98875,196,99892,196,98816,196,99907,100,98044,100,99940,100,97945,100,99946,4,97827,100,100016,100,97802,100,100017,100,97772,100,100060,100,97699,100
2019-06-28 10:04:40.000000000,99376,484,99012,484,99558,200,98875,100,99740,100,98816,100,99892,100,98044,100,99907,100,97945,100,99940,100,97827,100,99946,4,97802,100,100016,100,97772,100,100017,100,97699,100,100060,100,97619,100
2019-06-28 10:04:50.000000000,99376,292,99012,292,99558,392,98875,292,99740,100,98816,100,99892,100,98044,100,99907,100,97945,100,99940,100,97827,100,99946,4,97802,100,100016,100,97772,100,100017,100,97699,100,100060,100,97619,100
2019-06-28 10:04:56.932079323,99376,292,99012,292,99558,392,98875,292,99740,100,98816,100,99892,100,98138,100,99907,100,98044,100,99940,100,97945,100,99946,4,97827,100,100016,100,97802,100,100017,100,97772,100,100060,100,97699,100
2019-06-28 10:05:00.000000000,99376,231,99012,231,99558,327,98875,227,99740,227,98816,227,99892,100,98138,100,99907,100,98044,100,99940,100,97945,100,99946,4,97827,100,100016,100,97802,100,100017,100,97772,100,100060,100,97699,100
2019-06-28 10:05:03.606190207,99376,231,99012,231,99558,327,98875,227,99740,227,98816,227,99892,100,98291,100,99907,100,98138,100,99940,100,98044,100,99946,4,97945,100,100016,100,97827,100,100017,100,97802,100,100060,100,97772,100
2019-06-28 10:05:10.000000000,99376,231,99012,231,99558,327,98875,227,99740,227,98816,227,99892,100,98291,100,99907,100,98138,100,99940,100,98044,100,99946,4,97945,100,100016,100,97827,100,100017,100,97802,100,100060,100,97772,100
2019-06-28 10:05:20.000000000,99376,231,99012,231,99558,327,98875,227,99740,227,98816,227,99892,100,98291,100,99907,100,98138,100,99940,100,98044,100,99946,4,97945,100,100016,100,97827,100,100017,100,97802,100,100060,100,97772,100
2019-06-28 10:05:30.000000000,99376,196,99012,196,99558,296,98875,196,99740,196,98816,196,99892,196,98291,196,99907,100,98138,100,99940,100,98044,100,99946,4,97945,100,100016,100,97827,100,100017,100,97802,100,100060,100,97772,100
2019-06-28 10:05:32.793558448,99163,100,99012,196,99376,196,98875,196,99558,296,98816,196,99740,196,98291,196,99892,196,98138,100,99907,100,98044,100,99940,100,97945,100,99946,4,97827,100,100016,100,97802,100,100017,100,97772,100
2019-06-28 10:05:37.704599346,99163,200,99012,196,99376,196,98875,196,99558,296,98816,196,99740,196,98291,196,99892,196,98138,100,99907,100,98044,100,99940,100,97945,100,99946,4,97827,100,100016,100,97802,100,100017,100,97772,100
2019-06-28 10:05:37.730755755,99163,200,99012,196,99376,196,98875,196,99558,296,98816,196,99740,196,98533,100,99892,196,98291,196,99907,100,98138,100,99940,100,98044,100,99946,4,97945,100,100016,100,97827,100,100017,100,97802,100
2019-06-28 10:05:39.447107575,99163,300,99012,196,99376,196,98875,196,99558,296,98816,196,99740,196,98533,100,99892,196,98291,196,99907,100,98138,100,99940,100,98044,100,99946,4,97945,100,100016,100,97827,100,100017,100,97802,100
2019-06-28 10:05:40.000000000,99163,492,99012,292,99376,292,98875,292,99558,200,98816,100,99740,100,98533,100,99892,100,98291,100,99907,100,98138,100,99940,100,98044,100,99946,4,97945,100,100016,100,97827,100,100017,100,97802,100
2019-06-28 10:05:50.000000000,99163,492,99012,292,99376,292,98875,292,99558,200,98816,100,99740,100,98533,100,99892,100,98291,100,99907,100,98138,100,99940,100,98044,100,99946,4,97945,100,100016,100,97827,100,100017,100,97802,100
2019-06-28 10:06:00.000000000,99163,492,99012,292,99376,292,98875,292,99558,200,98816,100,99740,100,98533,100,99892,100,98291,100,99907,100,98138,100,99940,100,98044,100,99946,4,97945,100,100016,100,97827,100,100017,100,97802,100
2019-06-28 10:06:10.000000000,99163,492,99012,292,99376,292,98875,292,99558,200,98816,100,99740,100,98533,100,99892,100,98291,100,99907,100,98138,100,99940,100,98044,100,99946,4,97945,100,100016,100,97827,100,100017,100,97802,100
2019-06-28 10:06:20.000000000,99163,492,99012,292,99376,292,98875,292,99558,200,98816,100,99740,100,98533,100,99892,100,98291,100,99907,100,98138,100,99940,100,98044,100,99946,4,97945,100,100016,100,97827,100,100017,100,97802,100
2019-06-28 10:06:22.572633005,99163,392,99012,292,99376,292,98875,292,99558,200,98816,100,99740,100,98533,100,99892,100,98291,100,99907,100,98138,100,99940,100,98044,100,99946,4,97945,100,100016,100,97827,100,100017,100,97802,100
2019-06-28 10:06:22.644263639,99163,392,99139,100,99376,292,99012,292,99558,200,98875,292,99740,100,98816,100,99892,100,98533,100,99907,100,98291,100,99940,100,98138,100,99946,4,98044,100,100016,100,97945,100,100017,100,97827,100
2019-06-28 10:06:26.100879671,99163,392,99139,100,99376,292,99012,292,99441,100,98875,292,99558,200,98816,100,99740,100,98533,100,99892,100,98291,100,99907,100,98138,100,99940,100,98044,100,99946,4,97945,100,100016,100,97827,100
2019-06-28 10:06:29.637741896,99163,392,99139,100,99376,292,99012,292,99433,100,98875,292,99441,100,98816,100,99558,200,98533,100,99740,100,98291,100,99892,100,98138,100,99907,100,98044,100,99940,100,97945,100,99946,4,97827,100
2019-06-28 10:06:30.000000000,99163,296,99139,196,99376,196,99012,196,99433,196,98875,196,99441,196,98816,196,99558,200,98533,100,99740,100,98291,100,99892,100,98138,100,99907,100,98044,100,99940,100,97945,100,99946,4,97827,100
2019-06-28 10:06:30.987799669,99163,296,99157,100,99376,196,99139,196,99433,196,99012,196,99441,196,98875,196,99558,200,98816,196,99740,100,98533,100,99892,100,98291,100,99907,100,98138,100,99940,100,98044,100,99946,4,97945,100
2019-06-28 10:06:40.000000000,99163,584,99157,484,99376,100,99139,100,99433,100,99012,100,99441,100,98875,100,99558,200,98816,100,99740,100,98533,100,99892,100,98291,100,99907,100,98138,100,99940,100,98044,100,99946,4,97945,100
2019-06-28 10:06:50.000000000,99163,277,99157,177,99376,177,99139,177,99433,177,99012,177,99441,177,98875,177,99558,277,98816,177,99740,100,98533,100,99892,100,98291,100,99907,100,98138,100,99940,100,98044,100,99946,4,97945,100
2019-06-28 10:06:52.312522709,99163,277,99157,177,99376,177,99139,277,99433,177,99012,177,99441,177,98875,177,99558,277,98816,177,99740,100,98533,100,99892,100,98291,100,99907,100,98138,100,99940,100,98044,100,99946,4,97945,100
2019-06-28 10:07:00.000000000,99163,277,99157,177,99376,177,99139,277,99433,177,99012,177,99441,177,98875,177,99558,277,98816,177,99740,100,98533,100,99892,100,98291,100,99907,100,98138,100,99940,100,98044,100,99946,4,97945,100
2019-06-28 10:07:00.163149195,99163,177,99157,177,99376,177,99139,277,99433,177,99012,177,99441,177,98875,177,99558,277,98816,177,99740,100,98533,100,99892,100,98291,100,99907,100,98138,100,99940,100,98044,100,100016,100,97945,100
2019-06-28 10:07:00.666101062,99163,77,99157,177,99376,177,99139,277,99433,177,99012,177,99441,177,98875,177,99558,277,98816,177,99740,100,98533,100,99892,100,98291,100,99907,100,98138,100,99940,100,98044,100,100016,100,97945,100
2019-06-28 10:07:09.402549325,99376,177,99163,23,99433,177,99157,177,99441,177,99139,277,99558,277,99012,177,99740,100,98875,177,99892,100,98816,177,99907,100,98533,100,99940,100,98291,100,100016,100,98138,100,100017,100,98044,100
2019-06-28 10:07:10.000000000,99376,484,99163,407,99433,100,99157,100,99441,100,99139,200,99558,200,99012,100,99740,100,98875,100,99892,100,98816,100,99907,100,98533,100,99940,100,98291,100,100016,100,98138,100,100017,100,98044,100
2019-06-28 10:07:20.000000000,99376,484,99163,407,99433,100,99157,100,99441,100,99139,200,99558,200,99012,100,99740,100,98875,100,99892,100,98816,100,99907,100,98533,100,99940,100,98291,100,100016,100,98138,100,100017,100,98044,100
2019-06-28 10:07:30.000000000,99376,177,99163,100,99433,177,99157,177,99441,177,99139,277,99558,277,99012,177,99740,177,98875,177,99892,100,98816,100,99907,100,98533,100,99940,100,98291,100,100016,100,98138,100,100017,100,98044,100
2019-06-28 10:07:34.985967656,99376,77,99163,100,99433,177,99157,177,99441,177,99139,277,99558,277,99012,177,99740,177,98875,177,99892,100,98816,100,99907,100,98533,100,99940,100,98291,100,100016,100,98138,100,100017,100,98044,100
2019-06-28 10:07:40.000000000,99433,292,99163,215,99441,292,99157,292,99558,200,99139,200,99740,100,99012,100,99892,100,98875,100,99907,100,98816,100,99940,100,98533,100,100016,100,98291,100,100017,100,98138,100,100078,100,98044,100
2019-06-28 10:07:47.822684519,99433,192,99163,215,99441,292,99157,292,99558,200,99139,200,99740,100,99012,100,99892,100,98875,100,99907,100,98816,100,99940,100,98533,100,100016,100,98291,100,100017,100,98138,100,100078,100,98044,100
2019-06-28 10:07:50.000000000,99441,484,99163,407,99558,200,99157,100,99740,100,99139,200,99892,100,99012,100,99907,100,98875,100,99940,100,98816,100,100016,100,98533,100,100017,100,98291,100,100078,100,98138,100,100089,100,98044,100
2019-06-28 10:08:00.000000000,99441,292,99163,215,99558,392,99157,292,99740,100,99139,200,99892,100,99012,100,99907,100,98875,100,99940,100,98816,100,100016,100,98533,100,100017,100,98291,100,100078,100,98138,100,100089,100,98044,100
2019-06-28 10:08:03.884373937,99441,292,99163,215,99558,392,99157,292,99740,100,99139,200,99892,100,99012,100,99907,100,98875,100,99940,100,98816,100,100016,100,98533,100,100017,100,98291,100,100078,100,98138,100,100089,100,98044,100
2019-06-28 10:08:10.000000000,99441,231,99163,154,99558,327,99157,227,99740,227,99139,327,99892,100,99012,100,99907,100,98875,100,99940,100,98816,100,100016,100,98533,100,100017,100,98291,100,100078,100,98138,100,100089,100,98044,100
2019-06-28 10:08:20.000000000,99441,177,99163,100,99558,277,99157,177,99740,177,99139,277,99892,177,99012,177,99907,177,98875,177,99940,100,98816,100,100016,100,98533,100,100017,100,98291,100,100078,100,98138,100,100089,100,98044,100
2019-06-28 10:08:26.151833623,99441,177,99376,100,99558,277,99163,100,99740,177,99157,177,99892,177,99139,277,99907,177,99012,177,99940,100,98875,177,100016,100,98816,100,100078,100,98533,100,100089,100,98291,100,100276,100,98138,100
2019-06-28 10:08:30.000000000,99441,231,99376,231,99558,327,99163,150,99740,227,99157,227,99892,100,99139,200,99907,100,99012,100,99940,100,98875,100,100016,100,98816,100,100078,100,98533,100,100089,100,98291,100,100276,100,98138,100
2019-06-28 10:08:30.525917202,99441,231,99376,231,99558,327,99163,150,99740,227,99157,227,99892,100,99139,200,99907,100,99012,100,99940,100,98875,100,100016,100,98533,100,100078,100,98291,100,100089,100,98138,100,100276,100,98044,100
2019-06-28 10:08:31.137282461,99441,131,99376,231,99558,327,99163,150,99740,227,99157,227,99892,100,99139,200,99907,100,99012,100,99940,100,98875,100,100016,100,98533,100,100078,100,98291,100,100089,100,98138,100,100276,100,98044,100
