,ask_price_1,ask_size_1,bid_price_1,bid_size_1,ask_price_2,ask_size_2,bid_price_2,bid_size_2,ask_price_3,ask_size_3,bid_price_3,bid_size_3,ask_price_4,ask_size_4,bid_price_4,bid_size_4,ask_price_5,ask_size_5,bid_price_5,bid_size_5,ask_price_6,ask_size_6,bid_price_6,bid_size_6,ask_price_7,ask_size_7,bid_price_7,bid_size_7,ask_price_8,ask_size_8,bid_price_8,bid_size_8,ask_price_9,ask_size_9,bid_price_9,bid_size_9,ask_price_10,ask_size_10,bid_price_10,bid_size_10
2019-06-28 09:30:00.000000000,,,99961,100,,,,,,,,,,,,,,,,,,,,,,,,,,,,,,,,,,,,
2019-06-28 09:30:00.000000001,,,99962,100,,,99961,100,,,,,,,,,,,,,,,,,,,,,,,,,,,,,,,,
2019-06-28 09:30:00.000000003,,,99994,100,,,99962,100,,,99961,100,,,,,,,,,,,,,,,,,,,,,,,,,,,,
2019-06-28 09:30:00.000000005,,,99994,100,,,99962,100,,,99961,100,,,99942,100,,,,,,,,,,,,,,,,,,,,,,,,
2019-06-28 09:30:00.000000007,100070,100,100020,100,100126,100,99994,100,100135,100,99962,100,,,99961,100,,,99942,100,,,99927,100,,,,,,,,,,,,,,,,
2019-06-28 09:30:00.000000010,100070,100,100020,100,100126,100,99994,100,100135,100,99970,100,,,99962,100,,,99961,100,,,99942,100,,,99927,100,,,,,,,,,,,,
2019-06-28 09:30:00.000000011,100070,100,100020,100,100093,100,99994,100,100126,100,99970,100,100135,100,99962,100,,,99961,100,,,99942,100,,,99927,100,,,,,,,,,,,,
2019-06-28 09:30:00.000000013,100070,100,100020,100,100093,100,99994,100,100103,100,99970,100,100126,100,99962,100,100135,100,99961,100,100157,100,99942,100,100203,100,99927,100,,,,,,,,,,,,
2019-06-28 09:30:00.000000014,100037,100,100020,100,100070,100,99994,100,100092,100,99970,100,100093,100,99962,100,100103,100,99961,100,100126,100,99942,100,100135,100,99927,100,100157,100,,,100203,100,,,,,,
2019-06-28 09:30:00.000000015,100037,100,100020,100,100070,100,99994,100,100092,100,99970,100,100093,100,99962,100,100103,100,99961,100,100126,100,99942,100,100135,100,99927,100,100157,100,99893,100,100203,100,,,,,,
2019-06-28 09:30:00.000000017,100037,100,99994,100,100070,100,99970,100,100092,100,99962,100,100093,100,99961,100,100103,100,99942,100,100126,100,99927,100,100135,100,99893,100,100157,100,,,100203,100,,,,,,
2019-06-28 09:30:00.000000018,100037,100,99970,100,100070,100,99962,100,100092,100,99961,100,100093,100,99942,100,100103,100,99940,100,100126,100,99927,100,100135,100,99893,100,100157,100,,,100203,100,,,,,,
2019-06-28 09:30:00.000000021,100037,100,99962,100,100070,100,99961,100,100092,100,99942,100,100093,100,99940,100,100103,100,99927,100,100126,100,99893,100,100135,100,,,100157,100,,,100203,100,,,,,,
2019-06-28 09:30:00.000000024,100037,100,99970,100,100070,100,99962,100,100092,100,99961,100,100093,100,99942,100,100103,100,99940,100,100126,100,99927,100,100135,100,99893,100,100157,100,,,100203,100,,,,,,
2019-06-28 09:30:00.000000028,100037,100,99970,100,100070,100,99962,100,100092,100,99961,100,100093,100,99942,100,100103,100,99940,100,100126,100,99927,100,100135,100,99902,100,100157,100,99893,100,100203,100,,,,,,
2019-06-28 09:30:00.000000038,100037,100,99970,100,100070,100,99967,100,100092,100,99962,100,100093,100,99961,100,100103,100,99942,100,100126,100,99940,100,100135,100,99927,100,100157,100,99902,100,100203,100,99893,100,,,,
2019-06-28 09:30:00.000000041,100037,100,99970,100,100070,100,99967,100,100092,100,99962,100,100093,100,99961,100,100103,100,99942,100,100126,100,99940,100,100135,100,99927,100,100157,100,99902,100,100203,100,99893,100,,,99843,100
2019-06-28 09:30:00.000000042,99994,100,99970,100,100037,100,99967,100,100070,100,99962,100,100092,100,99961,100,100093,100,99942,100,100103,100,99940,100,100126,100,99927,100,100135,100,99902,100,100157,100,99893,100,100203,100,99843,100
2019-06-28 09:30:00.000000045,99994,100,99970,100,100037,100,99967,100,100070,100,99962,100,100092,100,99961,100,100093,100,99942,100,100103,100,99940,100,100126,100,99927,100,100135,100,99902,100,100157,100,99899,100,100203,100,99893,100
2019-06-28 09:30:00.000000047,99994,100,99970,200,100037,100,99967,100,100070,100,99962,100,100092,100,99961,200,100093,100,99942,100,100103,100,99940,100,100126,100,99927,100,100135,100,99902,100,100157,100,99899,100,100203,100,99893,100
2019-06-28 09:30:00.000000051,100037,100,99970,200,100062,100,99967,100,100070,100,99963,100,100092,100,99962,100,100093,100,99961,200,100103,100,99942,100,100126,100,99940,100,100135,100,99927,100,100157,100,99922,100,100203,100,99902,100
2019-06-28 09:30:00.000000052,100037,100,99970,200,100062,100,99967,100,100070,100,99963,100,100092,100,99962,100,100093,100,99961,200,100103,100,99942,100,100126,100,99940,100,100135,100,99938,100,100157,100,99927,100,100203,100,99922,100
2019-06-28 09:30:00.000000054,100037,100,99970,100,100062,100,99967,100,100070,100,99963,100,100092,100,99962,100,100093,100,99961,200,100103,100,99942,100,100126,100,99940,100,100127,100,99938,100,100135,100,99927,100,100157,100,99922,100
2019-06-28 09:30:00.000000055,99997,100,99970,100,100037,100,99967,100,100062,100,99963,100,100070,100,99962,100,100092,100,99961,200,100093,100,99942,100,100103,100,99940,100,100126,100,99938,100,100127,100,99927,100,100135,100,99922,100
2019-06-28 09:30:00.000000058,99997,100,99970,100,100037,100,99967,100,100062,100,99963,100,100070,100,99962,100,100092,100,99961,200,100093,100,99945,100,100103,100,99942,100,100126,100,99940,100,100127,100,99938,100,100135,100,99927,100
2019-06-28 09:30:00.000000060,99997,100,99970,100,100037,100,99967,100,100061,100,99963,100,100062,100,99962,100,100070,100,99961,200,100092,100,99945,100,100093,100,99942,100,100103,100,99940,100,100126,100,99938,100,100127,100,99927,100
2019-06-28 09:30:00.000000062,99997,100,99970,100,100037,100,99967,100,100061,100,99963,100,100062,100,99962,100,100070,100,99961,200,100092,100,99945,100,100093,100,99942,100,100103,100,99940,100,100126,100,99938,100,100127,100,99927,100
2019-06-28 09:30:00.000000065,99997,100,99970,100,100037,100,99967,100,100061,100,99963,100,100062,100,99962,100,100070,100,99961,200,100092,100,99945,100,100093,100,99942,100,100103,100,99940,100,100126,100,99938,100,100127,100,99927,100
2019-06-28 09:30:00.000000067,100037,100,99970,100,100061,100,99967,100,100062,100,99963,100,100070,100,99962,100,100092,100,99961,200,100093,100,99945,100,100103,100,99942,100,100126,100,99940,100,100127,100,99938,100,100135,100,99927,100
2019-06-28 09:30:00.000000068,100008,100,99970,100,100037,100,99967,100,100061,100,99963,100,100062,100,99962,100,100070,100,99961,200,100092,100,99945,100,100093,100,99942,100,100103,100,99940,100,100126,100,99938,100,100127,100,99927,100
2019-06-28 09:30:00.000000069,100008,100,99967,100,100037,100,99963,100,100061,100,99962,100,100062,100,99961,200,100070,100,99945,100,100092,100,99942,100,100093,100,99940,100,100103,100,99938,100,100126,100,99927,100,100127,100,99922,100
2019-06-28 09:30:00.000000071,100001,100,99967,100,100008,100,99963,100,100037,100,99962,100,100061,100,99961,200,100062,100,99945,100,100070,100,99942,100,100092,100,99940,100,100093,100,99938,100,100103,100,99927,100,100126,100,99922,100
2019-06-28 09:30:00.000000074,100001,100,99994,100,100008,100,99967,100,100037,100,99963,100,100061,100,99962,100,100062,100,99961,200,100070,100,99945,100,100092,100,99942,100,100093,100,99940,100,100103,100,99938,100,100126,100,99927,100
2019-06-28 09:30:00.000000076,100001,100,99994,100,100008,100,99978,100,100037,100,99967,100,100061,200,99963,100,100062,100,99962,100,100070,100,99961,200,100092,100,99945,100,100093,100,99942,100,100103,100,99940,100,100126,100,99938,100
2019-06-28 09:30:00.000000077,100001,100,99994,100,100008,100,99978,100,100037,100,99970,100,100061,200,99967,100,100062,100,99963,100,100070,100,99962,100,100092,100,99961,200,100093,100,99945,100,100103,100,99942,100,100126,100,99940,100
2019-06-28 09:30:00.000000081,99997,100,99994,100,100001,100,99978,100,100008,100,99970,100,100037,100,99967,100,100051,100,99963,100,100061,200,99962,100,100062,100,99961,200,100070,100,99945,100,100092,100,99942,100,100093,100,99940,100
2019-06-28 09:30:00.000000083,99997,100,99994,100,100001,100,99978,100,100008,100,99970,100,100019,100,99967,100,100037,100,99963,100,100051,100,99962,100,100061,200,99961,200,100062,100,99945,100,100070,100,99942,100,100092,100,99940,100
2019-06-28 09:30:00.000000084,99997,100,99994,100,100001,100,99978,100,100008,100,99970,100,100019,100,99967,100,100037,100,99963,100,100051,100,99962,100,100061,200,99961,200,100062,100,99945,100,100070,100,99942,100,100074,100,99940,100
2019-06-28 09:30:00.000000086,99997,100,99994,100,100001,100,99978,100,100008,100,99970,200,100010,100,99967,100,100019,100,99963,100,100037,100,99962,100,100051,100,99961,200,100061,200,99945,100,100062,100,99942,100,100070,100,99940,100
2019-06-28 09:30:00.000000087,99997,100,99994,100,100001,100,99978,100,100008,100,99970,200,100010,100,99967,100,100019,100,99963,100,100037,100,99962,100,100051,100,99961,200,100061,200,99945,100,100062,100,99942,100,100070,100,99940,100
2019-06-28 09:30:00.000000088,99997,100,99994,100,100001,100,99978,100,100008,100,99970,200,100010,100,99967,100,100019,100,99963,100,100037,100,99962,100,100051,100,99961,200,100061,200,99947,100,100062,100,99945,100,100070,100,99942,100
2019-06-28 09:30:00.000000096,99997,100,99994,100,100001,100,99978,100,100008,100,99970,300,100010,100,99967,100,100019,100,99963,100,100037,100,99962,100,100051,100,99961,200,100061,200,99947,100,100062,100,99945,100,100070,100,99942,100
2019-06-28 09:30:05.696774014,99997,100,99994,100,100001,100,99978,100,100008,100,99970,300,100010,100,99967,100,100019,100,99963,100,100037,100,99962,100,100051,100,99961,200,100061,200,99947,100,100062,100,99945,100,100070,100,99942,100
2019-06-28 09:30:10.000000000,99997,268,99994,268,100001,268,99978,268,100008,100,99970,300,100010,100,99967,100,100019,100,99963,100,100037,100,99962,100,100051,100,99961,200,100061,200,99947,100,100062,100,99945,100,100070,100,99942,100
2019-06-28 09:30:20.000000000,99997,214,99994,214,100001,211,99978,211,100008,211,99970,411,100010,100,99967,100,100019,100,99963,100,100037,100,99962,100,100051,100,99961,200,100061,200,99947,100,100062,100,99945,100,100070,100,99942,100
2019-06-28 09:30:20.680851721,99997,214,99994,214,100001,211,99978,211,100008,211,99970,411,100010,100,99967,100,100019,100,99963,100,100037,100,99962,100,100061,200,99961,200,100062,100,99947,100,100070,100,99945,100,100074,100,99942,100
2019-06-28 09:30:30.000000000,99997,184,99994,184,100001,184,99978,184,100008,184,99970,384,100010,184,99967,184,100019,100,99963,100,100037,100,99962,100,100061,200,99961,200,100062,100,99947,100,100070,100,99945,100,100074,100,99942,100
2019-06-28 09:30:40.000000000,99997,214,99994,214,100001,211,99978,211,100008,211,99970,411,100010,100,99967,100,100019,100,99963,100,100037,100,99962,100,100061,200,99961,200,100062,100,99947,100,100070,100,99945,100,100074,100,99942,100
2019-06-28 09:30:43.754681648,99997,214,99994,214,100001,211,99978,211,100008,211,99970,511,100010,100,99967,100,100019,100,99963,100,100037,100,99962,100,100061,200,99961,200,100062,100,99947,100,100070,100,99945,100,100074,100,99942,100
2019-06-28 09:30:50.000000000,99997,268,99994,268,100001,268,99978,268,100008,100,99970,400,100010,100,99967,100,100019,100,99963,100,100037,100,99962,100,100061,200,99961,200,100062,100,99947,100,100070,100,99945,100,100074,100,99942,100
2019-06-28 09:31:00.000000000,99997,184,99994,184,100001,184,99978,184,100008,184,99970,484,100010,184,99967,184,100019,100,99963,100,100037,100,99962,100,100061,200,99961,200,100062,100,99947,100,100070,100,99945,100,100074,100,99942,100
2019-06-28 09:31:10.000000000,99997,214,99994,214,100001,211,99978,211,100008,211,99970,511,100010,100,99967,100,100019,100,99963,100,100037,100,99962,100,100061,200,99961,200,100062,100,99947,100,100070,100,99945,100,100074,100,99942,100
2019-06-28 09:31:20.000000000,99997,436,99994,436,100001,100,99978,100,100008,100,99970,400,100010,100,99967,100,100019,100,99963,100,100037,100,99962,100,100061,200,99961,200,100062,100,99947,100,100070,100,99945,100,100074,100,99942,100
2019-06-28 09:31:26.881605485,99997,436,99994,436,100001,100,99978,100,100008,100,99970,400,100010,100,99967,100,100019,100,99963,100,100037,100,99962,100,100061,200,99961,200,100062,100,99947,100,100070,100,99945,100,100074,100,99942,100
2019-06-28 09:31:30.000000000,99997,184,99994,184,100001,184,99978,184,100008,184,99970,484,100010,184,99967,184,100019,100,99963,100,100037,100,99962,100,100061,200,99961,200,100062,100,99947,100,100070,100,99945,100,100074,100,99942,100
2019-06-28 09:31:40.000000000,99997,214,99994,214,100001,211,99978,211,100008,211,99970,511,100010,100,99967,100,100019,100,99963,100,100037,100,99962,100,100061,200,99961,200,100062,100,99947,100,100070,100,99945,100,100074,100,99942,100
2019-06-28 09:31:50.000000000,99997,167,99994,167,100001,167,99978,167,100008,167,99970,467,100010,167,99967,167,100019,167,99963,167,100037,100,99962,100,100061,200,99961,200,100062,100,99947,100,100070,100,99945,100,100074,100,99942,100
2019-06-28 09:31:52.839118081,99997,167,99994,167,100001,167,99978,167,100008,167,99970,467,100010,167,99967,167,100019,167,99963,167,100037,100,99962,100,100061,200,99961,200,100062,100,99945,100,100070,100,99942,100,100074,100,99940,100
2019-06-28 09:31:54.647684311,99997,167,99994,167,100001,167,99978,167,100008,167,99970,567,100010,167,99967,167,100019,167,99963,167,100037,100,99962,100,100061,200,99961,200,100062,100,99945,100,100070,100,99942,100,100074,100,99940,100
2019-06-28 09:32:00.000000000,99997,167,99994,167,100001,167,99978,167,100008,167,99970,567,100010,167,99967,167,100019,167,99963,167,100037,100,99962,100,100061,200,99961,200,100062,100,99945,100,100070,100,99942,100,100074,100,99940,100
2019-06-28 09:32:10.000000000,99997,436,99994,436,100001,100,99978,100,100008,100,99970,500,100010,100,99967,100,100019,100,99963,100,100037,100,99962,100,100061,200,99961,200,100062,100,99945,100,100070,100,99942,100,100074,100,99940,100
2019-06-28 09:32:10.282157577,99997,436,99994,336,100001,100,99978,100,100008,100,99970,500,100010,100,99967,100,100019,100,99963,100,100061,200,99962,100,100062,100,99961,200,100070,100,99945,100,100074,100,99942,100,100087,100,99940,100
2019-06-28 09:32:20.000000000,99997,184,99978,184,100001,184,99970,584,100008,184,99967,184,100010,184,99963,184,100019,100,99962,100,100061,200,99961,200,100062,100,99945,100,100070,100,99942,100,100074,100,99940,100,100087,100,99938,100
2019-06-28 09:32:30.000000000,99997,214,99978,214,100001,211,99970,611,100008,211,99967,211,100010,100,99963,100,100019,100,99962,100,100061,200,99961,200,100062,100,99945,100,100070,100,99942,100,100074,100,99940,100,100087,100,99938,100
2019-06-28 09:32:33.907381509,99997,214,99978,114,100001,211,99970,611,100008,211,99967,211,100010,100,99963,100,100019,100,99962,100,100061,200,99961,200,100062,100,99945,100,100070,100,99942,100,100074,100,99940,100,100087,100,99938,100
2019-06-28 09:32:40.000000000,99997,436,99970,836,100001,100,99967,100,100008,100,99963,100,100010,100,99962,100,100019,100,99961,200,100061,200,99945,100,100062,100,99942,100,100070,100,99940,100,100074,100,99938,100,100087,100,99927,100
2019-06-28 09:32:43.142787861,99997,436,99970,836,100001,100,99967,100,100008,100,99963,100,100010,100,99962,100,100019,100,99961,200,100061,200,99945,100,100062,100,99942,100,100074,100,99940,100,100087,100,99938,100,100092,100,99927,100
2019-06-28 09:32:45.550826669,99997,436,99970,836,100001,100,99967,100,100008,100,99963,100,100010,100,99962,100,100019,100,99961,200,100061,200,99945,100,100062,100,99942,100,100087,100,99940,100,100092,100,99938,100,100093,100,99927,100
2019-06-28 09:32:50.000000000,99997,214,99970,614,100001,211,99967,211,100008,211,99963,211,100010,100,99962,100,100019,100,99961,200,100061,200,99945,100,100062,100,99942,100,100087,100,99940,100,100092,100,99938,100,100093,100,99927,100
2019-06-28 09:32:59.913008859,99997,214,99970,614,100001,211,99967,211,100008,211,99963,211,100010,100,99962,100,100019,100,99961,200,100061,200,99945,100,100062,100,99942,100,100087,100,99940,100,100092,100,99938,100,100093,100,99927,100
2019-06-28 09:33:00.000000000,99997,268,99970,668,100001,268,99967,268,100008,100,99963,100,100010,100,99962,100,100019,100,99961,200,100061,200,99945,100,100062,100,99942,100,100087,100,99940,100,100092,100,99938,100,100093,100,99927,100
2019-06-28 09:33:10.000000000,99997,436,99970,836,100001,100,99967,100,100008,100,99963,100,100010,100,99962,100,100019,100,99961,200,100061,200,99945,100,100062,100,99942,100,100087,100,99940,100,100092,100,99938,100,100093,100,99927,100
2019-06-28 09:33:20.000000000,99997,167,99970,567,100001,167,99967,167,100008,167,99963,167,100010,167,99962,167,100019,167,99961,267,100061,200,99945,100,100062,100,99942,100,100087,100,99940,100,100092,100,99938,100,100093,100,99927,100
2019-06-28 09:33:30.000000000,99997,167,99970,567,100001,167,99967,167,100008,167,99963,167,100010,167,99962,167,100019,167,99961,267,100061,200,99945,100,100062,100,99942,100,100087,100,99940,100,100092,100,99938,100,100093,100,99927,100
2019-06-28 09:33:36.523986950,99997,167,99970,467,100001,167,99967,167,100008,167,99963,167,100010,167,99962,167,100019,167,99961,267,100061,200,99945,100,100062,100,99942,100,100087,100,99940,100,100092,100,99938,100,100093,100,99927,100
2019-06-28 09:33:40.000000000,99997,167,99970,467,100001,167,99967,167,100008,167,99963,167,100010,167,99962,167,100019,167,99961,267,100061,200,99945,100,100062,100,99942,100,100087,100,99940,100,100092,100,99938,100,100093,100,99927,100
2019-06-28 09:33:42.816358129,99997,167,99979,100,100001,167,99970,467,100008,167,99967,167,100010,167,99963,167,100019,167,99962,167,100061,200,99961,267,100062,100,99945,100,100087,100,99942,100,100092,100,99940,100,100093,100,99938,100
2019-06-28 09:33:50.000000000,99997,167,99979,167,100001,167,99970,467,100008,167,99967,167,100010,167,99963,167,100019,167,99962,167,100061,200,99961,200,100062,100,99945,100,100087,100,99942,100,100092,100,99940,100,100093,100,99938,100
2019-06-28 09:33:56.215941937,99997,167,99979,167,100001,167,99970,467,100008,167,99967,167,100010,167,99963,167,100019,167,99962,167,100061,100,99961,200,100062,100,99945,100,100087,100,99942,100,100092,100,99940,100,100093,100,99938,100
2019-06-28 09:34:00.000000000,99997,184,99979,184,100001,184,99970,484,100008,184,99967,184,100010,184,99963,184,100019,100,99962,100,100061,100,99961,200,100062,100,99945,100,100087,100,99942,100,100092,100,99940,100,100093,100,99938,100
2019-06-28 09:34:10.000000000,99997,184,99979,184,100001,184,99970,484,100008,184,99967,184,100010,184,99963,184,100019,100,99962,100,100061,100,99961,200,100062,100,99945,100,100087,100,99942,100,100092,100,99940,100,100093,100,99938,100
2019-06-28 09:34:10.943046415,99997,184,99979,84,100001,184,99970,484,100008,184,99967,184,100010,184,99963,184,100019,100,99962,100,100061,100,99961,200,100062,100,99945,100,100087,100,99942,100,100092,100,99940,100,100093,100,99938,100
2019-06-28 09:34:20.000000000,99997,167,99970,467,100001,167,99967,167,100008,167,99963,167,100010,167,99962,167,100019,167,99961,267,100061,100,99945,100,100062,100,99942,100,100087,100,99940,100,100092,100,99938,100,100093,100,99927,100
2019-06-28 09:34:28.293087958,99997,167,99970,367,100001,167,99967,167,100008,167,99963,167,100010,167,99962,167,100019,167,99961,267,100061,100,99945,100,100062,100,99942,100,100087,100,99940,100,100092,100,99938,100,100093,100,99927,100
2019-06-28 09:34:30.000000000,99997,436,99970,636,100001,100,99967,100,100008,100,99963,100,100010,100,99962,100,100019,100,99961,200,100061,100,99945,100,100062,100,99942,100,100087,100,99940,100,100092,100,99938,100,100093,100,99927,100
2019-06-28 09:34:40.000000000,99997,167,99970,367,100001,167,99967,167,100008,167,99963,167,100010,167,99962,167,100019,167,99961,267,100061,100,99945,100,100062,100,99942,100,100087,100,99940,100,100092,100,99938,100,100093,100,99927,100
2019-06-28 09:34:47.889194893,99997,167,99970,267,100001,167,99967,167,100008,167,99963,167,100010,167,99962,167,100019,167,99961,267,100061,100,99945,100,100062,100,99942,100,100087,100,99940,100,100092,100,99938,100,100093,100,99927,100
2019-06-28 09:34:50.000000000,99997,167,99970,267,100001,167,99967,167,100008,167,99963,167,100010,167,99962,167,100019,167,99961,267,100061,100,99945,100,100062,100,99942,100,100087,100,99940,100,100092,100,99938,100,100093,100,99927,100
2019-06-28 09:35:00.000000000,99997,268,99970,368,100001,268,99967,268,100008,100,99963,100,100010,100,99962,100,100019,100,99961,200,100061,100,99945,100,100062,100,99942,100,100087,100,99940,100,100092,100,99938,100,100093,100,99927,100
2019-06-28 09:35:02.917008482,99979,100,99970,368,99997,268,99967,268,100001,268,99963,100,100008,100,99962,100,100010,100,99961,200,100019,100,99945,100,100061,100,99942,100,100062,100,99940,100,100087,100,99938,100,100092,100,99927,100
2019-06-28 09:35:10.000000000,99979,214,99970,314,99997,211,99967,211,100001,211,99963,211,100008,100,99962,100,100010,100,99961,200,100019,100,99945,100,100061,100,99942,100,100062,100,99940,100,100087,100,99938,100,100092,100,99927,100
2019-06-28 09:35:20.000000000,99979,167,99970,267,99997,167,99967,167,100001,167,99963,167,100008,167,99962,167,100010,167,99961,267,100019,100,99945,100,100061,100,99942,100,100062,100,99940,100,100087,100,99938,100,100092,100,99927,100
2019-06-28 09:35:30.000000000,99979,167,99970,267,99997,167,99967,167,100001,167,99963,167,100008,167,99962,167,100010,167,99961,267,100019,100,99945,100,100061,100,99942,100,100062,100,99940,100,100087,100,99938,100,100092,100,99927,100
2019-06-28 09:35:36.404464376,99979,67,99970,267,99997,167,99967,167,100001,167,99963,167,100008,167,99962,167,100010,167,99961,167,100019,100,99945,100,100061,100,99942,100,100062,100,99940,100,100087,100,99938,100,100092,100,99927,100
2019-06-28 09:35:40.000000000,99997,167,99970,267,100001,167,99967,167,100008,167,99963,167,100010,167,99962,167,100019,167,99961,167,100061,100,99945,100,100062,100,99942,100,100087,100,99940,100,100092,100,99938,100,100093,100,99927,100
2019-06-28 09:35:50.000000000,99997,214,99970,314,100001,211,99967,211,100008,211,99963,211,100010,100,99962,100,100019,100,99961,100,100061,100,99945,100,100062,100,99942,100,100087,100,99940,100,100092,100,99938,100,100093,100,99927,100
2019-06-28 09:36:00.000000000,99997,436,99970,536,100001,100,99967,100,100008,100,99963,100,100010,100,99962,100,100019,100,99961,100,100061,100,99945,100,100062,100,99942,100,100087,100,99940,100,100092,100,99938,100,100093,100,99927,100
2019-06-28 09:36:10.000000000,99997,268,99970,368,100001,268,99967,268,100008,100,99963,100,100010,100,99962,100,100019,100,99961,100,100061,100,99945,100,100062,100,99942,100,100087,100,99940,100,100092,100,99938,100,100093,100,99927,100
2019-06-28 09:36:20.000000000,99997,436,99970,536,100001,100,99967,100,100008,100,99963,100,100010,100,99962,100,100019,100,99961,100,100061,100,99945,100,100062,100,99942,100,100087,100,99940,100,100092,100,99938,100,100093,100,99927,100
2019-06-28 09:36:30.000000000,99997,268,99970,368,100001,268,99967,268,100008,100,99963,100,100010,100,99962,100,100019,100,99961,100,100061,100,99945,100,100062,100,99942,100,100087,100,99940,100,100092,100,99938,100,100093,100,99927,100
2019-06-28 09:36:40.000000000,99997,214,99970,314,100001,211,99967,211,100008,211,99963,211,100010,100,99962,100,100019,100,99961,100,100061,100,99945,100,100062,100,99942,100,100087,100,99940,100,100092,100,99938,100,100093,100,99927,100
2019-06-28 09:36:40.379732428,99997,214,99970,314,100001,211,99967,211,100008,211,99963,211,100010,100,99962,100,100019,100,99961,100,100061,100,99945,100,100062,100,99942,100,100087,100,99938,100,100092,100,99927,100,100093,100,99922,100
2019-06-28 09:36:50.000000000,99997,268,99970,368,100001,268,99967,268,100008,100,99963,100,100010,100,99962,100,100019,100,99961,100,100061,100,99945,100,100062,100,99942,100,100087,100,99938,100,100092,100,99927,100,100093,100,99922,100
2019-06-28 09:37:00.000000000,99997,184,99970,284,100001,184,99967,184,100008,184,99963,184,100010,184,99962,184,100019,100,99961,100,100061,100,99945,100,100062,100,99942,100,100087,100,99938,100,100092,100,99927,100,100093,100,99922,100
2019-06-28 09:37:10.000000000,99997,167,99970,267,100001,167,99967,167,100008,167,99963,167,100010,167,99962,167,100019,167,99961,167,100061,100,99945,100,100062,100,99942,100,100087,100,99938,100,100092,100,99927,100,100093,100,99922,100
2019-06-28 09:37:18.540716094,99997,167,99970,267,100001,167,99967,67,100008,167,99963,167,100010,167,99962,167,100019,167,99961,167,100061,100,99945,100,100062,100,99942,100,100087,100,99938,100,100092,100,99927,100,100093,100,99922,100
2019-06-28 09:37:20.000000000,99997,184,99970,284,100001,184,99963,184,100008,184,99962,184,100010,184,99961,184,100019,100,99945,100,100061,100,99942,100,100062,100,99938,100,100087,100,99927,100,100092,100,99922,100,100093,100,99906,100
2019-06-28 09:37:30.000000000,99997,167,99970,267,100001,167,99963,167,100008,167,99962,167,100010,167,99961,167,100019,167,99945,167,100061,100,99942,100,100062,100,99938,100,100087,100,99927,100,100092,100,99922,100,100093,100,99906,100
2019-06-28 09:37:36.146819798,99997,167,99970,267,100001,167,99963,167,100008,167,99962,167,100010,167,99961,167,100019,167,99945,167,100061,100,99942,100,100062,100,99938,100,100087,100,99927,100,100092,100,99922,100,100093,100,99906,100
2019-06-28 09:37:40.000000000,99997,214,99970,314,100001,211,99963,211,100008,211,99962,211,100010,100,99961,100,100019,100,99945,100,100061,100,99942,100,100062,100,99938,100,100087,100,99927,100,100092,100,99922,100,100093,100,99906,100
2019-06-28 09:37:41.422089016,99997,214,99970,314,100001,211,99963,211,100008,211,99962,211,100010,100,99961,100,100019,100,99945,100,100062,100,99942,100,100087,100,99938,100,100092,100,99927,100,100093,100,99922,100,100103,100,99906,100
2019-06-28 09:37:50.000000000,99997,214,99970,314,100001,211,99963,211,100008,211,99962,211,100010,100,99961,100,100019,100,99945,100,100062,100,99942,100,100087,100,99938,100,100092,100,99927,100,100093,100,99922,100,100103,100,99906,100
2019-06-28 09:38:00.000000000,99997,184,99970,284,100001,184,99963,184,100008,184,99962,184,100010,184,99961,184,100019,100,99945,100,100062,100,99942,100,100087,100,99938,100,100092,100,99927,100,100093,100,99922,100,100103,100,99906,100
2019-06-28 09:38:10.000000000,99997,184,99970,284,100001,184,99963,184,100008,184,99962,184,100010,184,99961,184,100019,100,99945,100,100062,100,99942,100,100087,100,99938,100,100092,100,99927,100,100093,100,99922,100,100103,100,99906,100
2019-06-28 09:38:19.816758664,99997,84,99970,284,100001,184,99963,184,100008,184,99962,184,100010,184,99961,184,100019,100,99945,100,100062,100,99942,100,100087,100,99938,100,100092,100,99927,100,100093,100,99922,100,100103,100,99906,100
2019-06-28 09:38:20.000000000,100001,167,99970,267,100008,167,99963,167,100010,167,99962,167,100019,167,99961,167,100062,167,99945,167,100087,100,99942,100,100092,100,99938,100,100093,100,99927,100,100103,100,99922,100,100126,100,99906,100
2019-06-28 09:38:25.700472377,100001,167,99979,100,100008,167,99970,267,100010,167,99963,167,100019,167,99962,167,100062,167,99961,167,100087,100,99945,167,100092,100,99942,100,100093,100,99938,100,100103,100,99927,100,100126,100,99922,100
2019-06-28 09:38:30.000000000,100001,214,99979,214,100008,211,99970,311,100010,211,99963,211,100019,100,99962,100,100062,100,99961,100,100087,100,99945,100,100092,100,99942,100,100093,100,99938,100,100103,100,99927,100,100126,100,99922,100
2019-06-28 09:38:40.000000000,100001,184,99979,184,100008,184,99970,284,100010,184,99963,184,100019,184,99962,184,100062,100,99961,100,100087,100,99945,100,100092,100,99942,100,100093,100,99938,100,100103,100,99927,100,100126,100,99922,100
2019-06-28 09:38:47.043095805,100001,184,99979,184,100008,184,99970,284,100010,184,99963,184,100019,184,99962,184,100062,100,99961,100,100087,100,99945,100,100092,100,99942,100,100093,100,99938,100,100103,100,99922,100,100126,100,99906,100
2019-06-28 09:38:50.000000000,100001,167,99979,167,100008,167,99970,267,100010,167,99963,167,100019,167,99962,167,100062,167,99961,167,100087,100,99945,100,100092,100,99942,100,100093,100,99938,100,100103,100,99922,100,100126,100,99906,100
2019-06-28 09:39:00.000000000,100001,167,99979,167,100008,167,99970,267,100010,167,99963,167,100019,167,99962,167,100062,167,99961,167,100087,100,99945,100,100092,100,99942,100,100093,100,99938,100,100103,100,99922,100,100126,100,99906,100
2019-06-28 09:39:04.921411788,100001,67,99979,167,100008,167,99970,267,100010,167,99963,167,100019,167,99962,167,100062,167,99961,167,100087,100,99945,100,100092,100,99942,100,100093,100,99938,100,100103,100,99922,100,100126,100,99906,100
2019-06-28 09:39:10.000000000,100008,167,99979,167,100010,167,99970,267,100019,167,99963,167,100062,167,99962,167,100087,167,99961,167,100092,100,99945,100,100093,100,99942,100,100103,100,99938,100,100126,100,99922,100,100127,100,99906,100
2019-06-28 09:39:20.000000000,100008,184,99979,184,100010,184,99970,284,100019,184,99963,184,100062,184,99962,184,100087,100,99961,100,100092,100,99945,100,100093,100,99942,100,100103,100,99938,100,100126,100,99922,100,100127,100,99906,100
2019-06-28 09:39:20.526734804,100008,184,99979,184,100010,184,99970,284,100019,184,99963,184,100062,184,99962,184,100087,100,99961,100,100092,100,99945,100,100093,100,99942,100,100103,100,99938,100,100126,100,99922,100,100127,100,99919,100
2019-06-28 09:39:30.000000000,100008,167,99979,167,100010,167,99970,267,100019,167,99963,167,100062,167,99962,167,100087,167,99961,167,100092,100,99945,100,100093,100,99942,100,100103,100,99938,100,100126,100,99922,100,100127,100,99919,100
2019-06-28 09:39:40.000000000,100008,184,99979,184,100010,184,99970,284,100019,184,99963,184,100062,184,99962,184,100087,100,99961,100,100092,100,99945,100,100093,100,99942,100,100103,100,99938,100,100126,100,99922,100,100127,100,99919,100
2019-06-28 09:39:50.000000000,100008,167,99979,167,100010,167,99970,267,100019,167,99963,167,100062,167,99962,167,100087,167,99961,167,100092,100,99945,100,100093,100,99942,100,100103,100,99938,100,100126,100,99922,100,100127,100,99919,100
2019-06-28 09:39:52.839010286,100008,167,99979,167,100010,167,99970,267,100019,167,99963,167,100062,167,99962,67,100087,167,99961,167,100092,100,99945,100,100093,100,99942,100,100103,100,99938,100,100126,100,99922,100,100127,100,99919,100
2019-06-28 09:40:00.000000000,100008,184,99979,184,100010,184,99970,284,100019,184,99963,184,100062,184,99961,184,100087,100,99945,100,100092,100,99942,100,100093,100,99938,100,100103,100,99922,100,100126,100,99919,100,100127,100,99906,100
2019-06-28 09:40:08.730099743,100008,84,99979,184,100010,184,99970,284,100019,184,99963,184,100062,184,99961,184,100087,100,99945,100,100092,100,99942,100,100093,100,99938,100,100103,100,99922,100,100126,100,99919,100,100127,100,99906,100
2019-06-28 09:40:10.000000000,100010,214,99979,214,100019,211,99970,311,100062,211,99963,211,100087,100,99961,100,100092,100,99945,100,100093,100,99942,100,100103,100,99938,100,100126,100,99922,100,100127,100,99919,100,100135,100,99906,100
2019-06-28 09:40:12.594337213,100010,214,99979,214,100019,211,99970,311,100062,211,99963,211,100087,100,99961,100,100092,100,99945,100,100093,100,99942,100,100103,100,99938,100,100107,100,99922,100,100126,100,99919,100,100127,100,99906,100
2019-06-28 09:40:20.000000000,100010,184,99979,184,100019,184,99970,284,100062,184,99963,184,100087,184,99961,184,100092,100,99945,100,100093,100,99942,100,100103,100,99938,100,100107,100,99922,100,100126,100,99919,100,100127,100,99906,100
2019-06-28 09:40:20.538936234,100010,184,99979,184,100019,184,99970,184,100062,184,99963,184,100087,184,99961,184,100092,100,99945,100,100093,100,99942,100,100103,100,99938,100,100107,100,99922,100,100126,100,99919,100,100127,100,99906,100
2019-06-28 09:40:30.000000000,100010,184,99979,184,100019,184,99970,184,100062,184,99963,184,100087,184,99961,184,100092,100,99945,100,100093,100,99942,100,100103,100,99938,100,100107,100,99922,100,100126,100,99919,100,100127,100,99906,100
2019-06-28 09:40:32.906794429,100010,184,100001,100,100019,184,99979,84,100062,184,99970,184,100087,184,99963,184,100092,100,99961,184,100093,100,99945,100,100103,100,99942,100,100107,100,99938,100,100126,100,99922,100,100127,100,99919,100
2019-06-28 09:40:38.632781029,100010,84,100001,100,100019,184,99979,84,100062,184,99970,184,100087,184,99963,184,100092,100,99961,184,100093,100,99945,100,100103,100,99942,100,100107,100,99938,100,100126,100,99922,100,100127,100,99919,100
2019-06-28 09:40:39.308688079,100019,184,100010,16,100062,184,100001,100,100087,184,99979,84,100092,100,99970,184,100093,100,99963,184,100103,100,99961,184,100107,100,99945,100,100126,100,99942,100,100127,100,99938,100,100157,100,99922,100
2019-06-28 09:40:40.000000000,100019,167,100010,83,100062,167,100001,167,100087,167,99970,167,100092,167,99963,167,100093,167,99961,167,100103,100,99945,100,100107,100,99942,100,100126,100,99938,100,100127,100,99922,100,100157,100,99919,100
2019-06-28 09:40:47.097414190,100019,67,100010,83,100062,167,100001,167,100087,167,99970,167,100092,167,99963,167,100093,167,99961,167,100103,100,99945,100,100107,100,99942,100,100126,100,99938,100,100127,100,99922,100,100157,100,99919,100
2019-06-28 09:40:48.344102834,100019,67,100010,83,100062,167,100001,167,100087,167,99979,100,100092,167,99970,167,100093,167,99963,167,100103,100,99961,167,100107,100,99945,100,100126,100,99942,100,100127,100,99938,100,100157,100,99922,100
2019-06-28 09:40:50.000000000,100062,214,100010,130,100087,211,100001,211,100092,211,99979,211,100093,100,99970,100,100103,100,99963,100,100107,100,99961,100,100126,100,99945,100,100127,100,99942,100,100157,100,99938,100,100162,100,99922,100
2019-06-28 09:41:00.000000000,100062,167,100010,83,100087,167,100001,167,100092,167,99979,167,100093,167,99970,167,100103,167,99963,167,100107,100,99961,100,100126,100,99945,100,100127,100,99942,100,100157,100,99938,100,100162,100,99922,100
2019-06-28 09:41:10.000000000,100062,436,100010,352,100087,100,100001,100,100092,100,99979,100,100093,100,99970,100,100103,100,99963,100,100107,100,99961,100,100126,100,99945,100,100127,100,99942,100,100157,100,99938,100,100162,100,99922,100
2019-06-28 09:41:12.785134324,100062,436,100010,352,100087,100,100001,100,100092,100,99979,100,100093,100,99970,100,100103,100,99963,100,100107,100,99961,100,100111,100,99945,100,100126,100,99942,100,100127,100,99938,100,100157,100,99922,100
2019-06-28 09:41:20.000000000,100062,184,100010,100,100087,184,100001,184,100092,184,99979,184,100093,184,99970,184,100103,100,99963,100,100107,100,99961,100,100111,100,99945,100,100126,100,99942,100,100127,100,99938,100,100157,100,99922,100
2019-06-28 09:41:30.000000000,100062,214,100010,130,100087,211,100001,211,100092,211,99979,211,100093,100,99970,100,100103,100,99963,100,100107,100,99961,100,100111,100,99945,100,100126,100,99942,100,100127,100,99938,100,100157,100,99922,100
2019-06-28 09:41:40.000000000,100062,214,100010,130,100087,211,100001,211,100092,211,99979,211,100093,100,99970,100,100103,100,99963,100,100107,100,99961,100,100111,100,99945,100,100126,100,99942,100,100127,100,99938,100,100157,100,99922,100
2019-06-28 09:41:47.513731878,100062,214,100011,100,100087,211,100010,130,100092,211,100001,211,100093,100,99979,211,100103,100,99970,100,100107,100,99963,100,100111,100,99961,100,100126,100,99945,100,100127,100,99942,100,100157,100,99938,100
2019-06-28 09:41:50.000000000,100062,268,100011,268,100087,268,100010,184,100092,100,100001,100,100093,100,99979,100,100103,100,99970,100,100107,100,99963,100,100111,100,99961,100,100126,100,99945,100,100127,100,99942,100,100157,100,99938,100
2019-06-28 09:42:00.000000000,100062,214,100011,214,100087,211,100010,127,100092,211,100001,211,100093,100,99979,100,100103,100,99970,100,100107,100,99963,100,100111,100,99961,100,100126,100,99945,100,100127,100,99942,100,100157,100,99938,100
2019-06-28 09:42:03.382899468,100062,214,100011,214,100087,211,100010,127,100092,211,100001,211,100093,100,99979,100,100103,100,99970,100,100107,100,99963,100,100111,100,99961,100,100126,100,99945,100,100127,100,99942,100,100157,100,99938,100
2019-06-28 09:42:10.000000000,100062,436,100011,436,100087,100,100010,16,100092,100,100001,100,100093,100,99979,100,100103,100,99970,100,100107,100,99963,100,100111,100,99961,100,100126,100,99945,100,100127,100,99942,100,100157,100,99938,100
2019-06-28 09:42:12.299063367,100062,336,100011,436,100087,100,100010,16,100092,100,100001,100,100093,100,99979,100,100103,100,99970,100,100107,100,99963,100,100111,100,99961,100,100126,100,99945,100,100127,100,99942,100,100157,100,99938,100
2019-06-28 09:42:19.986912091,100062,336,100019,100,100087,100,100011,436,100092,100,100010,16,100093,100,100001,100,100107,100,99979,100,100111,100,99970,100,100126,100,99963,100,100127,100,99961,100,100157,100,99945,100,100162,100,99942,100
2019-06-28 09:42:20.000000000,100087,214,100019,214,100092,211,100011,211,100093,211,100010,127,100107,100,100001,100,100111,100,99979,100,100126,100,99970,100,100127,100,99963,100,100157,100,99961,100,100162,100,99945,100,100198,100,99942,100
2019-06-28 09:42:30.000000000,100087,436,100019,436,100092,100,100011,100,100093,100,100010,16,100107,100,100001,100,100111,100,99979,100,100126,100,99970,100,100127,100,99963,100,100157,100,99961,100,100162,100,99945,100,100198,100,99942,100
2019-06-28 09:42:40.000000000,100087,214,100019,214,100092,211,100011,211,100093,211,100010,127,100107,100,100001,100,100111,100,99979,100,100126,100,99970,100,100127,100,99963,100,100157,100,99961,100,100162,100,99945,100,100198,100,99942,100
2019-06-28 09:42:50.000000000,100087,268,100019,268,100092,268,100011,268,100093,100,100010,16,100107,100,100001,100,100111,100,99979,100,100126,100,99970,100,100127,100,99963,100,100157,100,99961,100,100162,100,99945,100,100198,100,99942,100
2019-06-28 09:42:56.597499573,100087,168,100019,268,100092,268,100011,268,100093,100,100010,16,100107,100,100001,100,100111,100,99979,100,100126,100,99970,100,100127,100,99963,100,100157,100,99961,100,100162,100,99945,100,100198,100,99942,100
2019-06-28 09:43:00.000000000,100092,167,100019,167,100093,167,100011,167,100107,167,100010,83,100111,167,100001,167,100126,167,99979,167,100127,100,99970,100,100157,100,99963,100,100162,100,99961,100,100198,100,99945,100,100203,100,99942,100
2019-06-28 09:43:04.863350920,100092,167,100062,100,100093,167,100019,167,100107,167,100011,167,100111,167,100010,83,100126,167,100001,167,100127,100,99979,167,100157,100,99970,100,100162,100,99963,100,100198,100,99961,100,100203,100,99945,100
2019-06-28 09:43:10.000000000,100092,184,100062,184,100093,184,100019,184,100107,184,100011,184,100111,184,100010,100,100126,100,100001,100,100127,100,99979,100,100157,100,99970,100,100162,100,99963,100,100198,100,99961,100,100203,100,99945,100
2019-06-28 09:43:10.173460707,100092,184,100062,284,100093,184,100019,184,100107,184,100011,184,100111,184,100010,100,100126,100,100001,100,100127,100,99979,100,100157,100,99970,100,100162,100,99963,100,100198,100,99961,100,100203,100,99945,100
2019-06-28 09:43:20.000000000,100092,436,100062,536,100093,100,100019,100,100107,100,100011,100,100111,100,100010,16,100126,100,100001,100,100127,100,99979,100,100157,100,99970,100,100162,100,99963,100,100198,100,99961,100,100203,100,99945,100
2019-06-28 09:43:30.000000000,100092,268,100062,368,100093,268,100019,268,100107,100,100011,100,100111,100,100010,16,100126,100,100001,100,100127,100,99979,100,100157,100,99970,100,100162,100,99963,100,100198,100,99961,100,100203,100,99945,100
2019-06-28 09:43:40.000000000,100092,184,100062,284,100093,184,100019,184,100107,184,100011,184,100111,184,100010,100,100126,100,100001,100,100127,100,99979,100,100157,100,99970,100,100162,100,99963,100,100198,100,99961,100,100203,100,99945,100
2019-06-28 09:43:43.242337991,100092,84,100062,284,100093,184,100019,184,100107,184,100011,184,100111,184,100010,100,100126,100,100001,100,100127,100,99979,100,100157,100,99970,100,100162,100,99963,100,100198,100,99961,100,100203,100,99945,100
2019-06-28 09:43:48.145389168,100093,184,100092,16,100107,184,100062,284,100111,184,100019,184,100126,100,100011,184,100127,100,100010,100,100157,100,100001,100,100162,100,99979,100,100198,100,99970,100,100203,100,99963,100,100248,100,99961,100
2019-06-28 09:43:50.000000000,100093,184,100092,100,100107,184,100062,284,100111,184,100019,184,100126,184,100011,184,100127,100,100010,16,100157,100,100001,100,100162,100,99979,100,100198,100,99970,100,100203,100,99963,100,100248,100,99961,100
2019-06-28 09:44:00.000000000,100093,184,100092,100,100107,184,100062,284,100111,184,100019,184,100126,184,100011,184,100127,100,100010,16,100157,100,100001,100,100162,100,99979,100,100198,100,99970,100,100203,100,99963,100,100248,100,99961,100
2019-06-28 09:44:10.000000000,100093,167,100092,83,100107,167,100062,267,100111,167,100019,167,100126,167,100011,167,100127,167,100010,83,100157,100,100001,100,100162,100,99979,100,100198,100,99970,100,100203,100,99963,100,100248,100,99961,100
2019-06-28 09:44:20.000000000,100093,436,100092,352,100107,100,100062,200,100111,100,100019,100,100126,100,100011,100,100127,100,100010,16,100157,100,100001,100,100162,100,99979,100,100198,100,99970,100,100203,100,99963,100,100248,100,99961,100
2019-06-28 09:44:30.000000000,100093,268,100092,184,100107,268,100062,368,100111,100,100019,100,100126,100,100011,100,100127,100,100010,16,100157,100,100001,100,100162,100,99979,100,100198,100,99970,100,100203,100,99963,100,100248,100,99961,100
2019-06-28 09:44:33.354366562,100093,268,100092,184,100107,268,100062,368,100111,100,100019,100,100126,100,100011,100,100127,100,100010,16,100157,100,100001,100,100162,100,99979,100,100198,100,99970,100,100203,100,99963,100,100248,100,99961,100
2019-06-28 09:44:40.000000000,100093,167,100092,83,100107,167,100062,267,100111,167,100019,167,100126,167,100011,167,100127,167,100010,83,100157,100,100001,100,100162,100,99979,100,100198,100,99970,100,100203,100,99963,100,100248,100,99961,100
2019-06-28 09:44:50.000000000,100093,436,100092,352,100107,100,100062,200,100111,100,100019,100,100126,100,100011,100,100127,100,100010,16,100157,100,100001,100,100162,100,99979,100,100198,100,99970,100,100203,100,99963,100,100248,100,99961,100
2019-06-28 09:45:00.000000000,100093,184,100092,100,100107,184,100062,284,100111,184,100019,184,100126,184,100011,184,100127,100,100010,16,100157,100,100001,100,100162,100,99979,100,100198,100,99970,100,100203,100,99963,100,100248,100,99961,100
2019-06-28 09:45:08.387307438,100093,184,100092,100,100107,184,100062,284,100111,184,100019,184,100126,184,100011,184,100127,100,100010,16,100157,100,100001,100,100162,100,99979,100,100198,100,99970,100,100203,100,99963,100,100248,100,99961,100
2019-06-28 09:45:10.000000000,100093,268,100092,184,100107,268,100062,368,100111,100,100019,100,100126,100,100011,100,100127,100,100010,16,100157,100,100001,100,100162,100,99979,100,100198,100,99970,100,100203,100,99963,100,100248,100,99961,100
2019-06-28 09:45:20.000000000,100093,167,100092,83,100107,167,100062,267,100111,167,100019,167,100126,167,100011,167,100127,167,100010,83,100157,100,100001,100,100162,100,99979,100,100198,100,99970,100,100203,100,99963,100,100248,100,99961,100
2019-06-28 09:45:30.000000000,100093,268,100092,184,100107,268,100062,368,100111,100,100019,100,100126,100,100011,100,100127,100,100010,16,100157,100,100001,100,100162,100,99979,100,100198,100,99970,100,100203,100,99963,100,100248,100,99961,100
2019-06-28 09:45:38.803966924,100093,268,100092,284,100107,268,100062,368,100111,100,100019,100,100126,100,100011,100,100127,100,100010,16,100157,100,100001,100,100162,100,99979,100,100198,100,99970,100,100203,100,99963,100,100248,100,99961,100
2019-06-28 09:45:40.000000000,100093,214,100092,230,100107,211,100062,311,100111,211,100019,211,100126,100,100011,100,100127,100,100010,16,100157,100,100001,100,100162,100,99979,100,100198,100,99970,100,100203,100,99963,100,100248,100,99961,100
2019-06-28 09:45:44.933856184,100093,214,100092,230,100107,211,100062,311,100111,211,100019,211,100126,100,100011,100,100127,100,100010,16,100157,100,100001,100,100162,100,99979,100,100198,100,99970,100,100203,100,99963,100,100248,100,99961,100
2019-06-28 09:45:47.553819967,100093,214,100092,230,100107,211,100062,311,100111,211,100019,211,100126,100,100011,100,100127,100,100010,16,100157,100,100001,100,100162,100,99979,100,100198,100,99970,100,100203,100,99963,100,100248,100,99961,100
2019-06-28 09:45:50.000000000,100093,167,100092,183,100107,167,100062,267,100111,167,100019,167,100126,167,100011,167,100127,167,100010,83,100157,100,100001,100,100162,100,99979,100,100198,100,99970,100,100203,100,99963,100,100248,100,99961,100
2019-06-28 09:46:00.000000000,100093,268,100092,284,100107,268,100062,368,100111,100,100019,100,100126,100,100011,100,100127,100,100010,16,100157,100,100001,100,100162,100,99979,100,100198,100,99970,100,100203,100,99963,100,100248,100,99961,100
2019-06-28 09:46:01.517653857,100093,268,100092,384,100107,268,100062,368,100111,100,100019,100,100126,100,100011,100,100127,100,100010,16,100157,100,100001,100,100162,100,99979,100,100198,100,99970,100,100203,100,99963,100,100248,100,99961,100
2019-06-28 09:46:10.000000000,100093,268,100092,384,100107,268,100062,368,100111,100,100019,100,100126,100,100011,100,100127,100,100010,16,100157,100,100001,100,100162,100,99979,100,100198,100,99970,100,100203,100,99963,100,100248,100,99961,100
2019-06-28 09:46:20.000000000,100093,184,100092,300,100107,184,100062,284,100111,184,100019,184,100126,184,100011,184,100127,100,100010,16,100157,100,100001,100,100162,100,99979,100,100198,100,99970,100,100203,100,99963,100,100248,100,99961,100
2019-06-28 09:46:30.000000000,100093,214,100092,330,100107,211,100062,311,100111,211,100019,211,100126,100,100011,100,100127,100,100010,16,100157,100,100001,100,100162,100,99979,100,100198,100,99970,100,100203,100,99963,100,100248,100,99961,100
2019-06-28 09:46:40.000000000,100093,436,100092,552,100107,100,100062,200,100111,100,100019,100,100126,100,100011,100,100127,100,100010,16,100157,100,100001,100,100162,100,99979,100,100198,100,99970,100,100203,100,99963,100,100248,100,99961,100
2019-06-28 09:46:43.515193506,100093,336,100092,552,100107,100,100062,200,100111,100,100019,100,100126,100,100011,100,100127,100,100010,16,100157,100,100001,100,100162,100,99979,100,100198,100,99970,100,100203,100,99963,100,100248,100,99961,100
2019-06-28 09:46:50.000000000,100107,167,100092,283,100111,167,100062,267,100126,167,100019,167,100127,167,100011,167,100157,167,100010,83,100162,100,100001,100,100198,100,99979,100,100203,100,99970,100,100248,100,99963,100,100360,100,99961,100
2019-06-28 09:46:55.863406604,100107,167,100092,283,100111,167,100062,167,100126,167,100019,167,100127,167,100011,167,100157,167,100010,83,100162,100,100001,100,100198,100,99979,100,100203,100,99970,100,100248,100,99963,100,100360,100,99961,100
2019-06-28 09:47:00.000000000,100107,214,100092,330,100111,211,100062,211,100126,211,100019,211,100127,100,100011,100,100157,100,100010,16,100162,100,100001,100,100198,100,99979,100,100203,100,99970,100,100248,100,99963,100,100360,100,99961,100
2019-06-28 09:47:00.329201157,100107,214,100092,330,100111,211,100062,211,100126,211,100019,211,100127,100,100011,100,100157,100,100010,16,100162,100,100001,100,100198,100,99979,100,100203,100,99970,100,100248,100,99963,100,100360,100,99961,100
2019-06-28 09:47:10.000000000,100107,167,100092,283,100111,167,100062,167,100126,167,100019,167,100127,167,100011,167,100157,167,100010,83,100162,100,100001,100,100198,100,99979,100,100203,100,99970,100,100248,100,99963,100,100360,100,99961,100
2019-06-28 09:47:20.000000000,100107,184,100092,300,100111,184,100062,184,100126,184,100019,184,100127,184,100011,184,100157,100,100010,16,100162,100,100001,100,100198,100,99979,100,100203,100,99970,100,100248,100,99963,100,100360,100,99961,100
2019-06-28 09:47:30.000000000,100107,214,100092,330,100111,211,100062,211,100126,211,100019,211,100127,100,100011,100,100157,100,100010,16,100162,100,100001,100,100198,100,99979,100,100203,100,99970,100,100248,100,99963,100,100360,100,99961,100
2019-06-28 09:47:30.890130463,100107,114,100092,330,100111,211,100062,211,100126,211,100019,211,100127,100,100011,100,100157,100,100010,16,100162,100,100001,100,100198,100,99979,100,100203,100,99970,100,100248,100,99963,100,100360,100,99961,100
2019-06-28 09:47:37.080222956,100107,14,100092,330,100111,211,100062,211,100126,211,100019,211,100127,100,100011,100,100157,100,100010,16,100162,100,100001,100,100198,100,99979,100,100203,100,99970,100,100248,100,99963,100,100360,100,99961,100
2019-06-28 09:47:40.000000000,100111,436,100092,552,100126,100,100062,100,100127,100,100019,100,100157,100,100011,100,100162,100,100010,16,100198,100,100001,100,100203,100,99979,100,100248,100,99970,100,100360,100,99963,100,100364,100,99961,100
2019-06-28 09:47:44.908460955,100111,436,100092,552,100126,100,100062,100,100127,100,100019,100,100157,100,100011,100,100162,100,100010,16,100198,100,100009,100,100203,100,100001,100,100248,100,99979,100,100360,100,99970,100,100364,100,99963,100
2019-06-28 09:47:50.000000000,100111,436,100092,552,100126,100,100062,100,100127,100,100019,100,100157,100,100011,100,100162,100,100010,16,100198,100,100009,100,100203,100,100001,100,100248,100,99979,100,100360,100,99970,100,100364,100,99963,100
2019-06-28 09:47:52.563706692,100111,336,100092,552,100126,100,100062,100,100127,100,100019,100,100157,100,100011,100,100162,100,100010,16,100203,100,100009,100,100248,100,100001,100,100360,100,99979,100,100364,100,99970,100,100539,100,99963,100
2019-06-28 09:47:54.093876242,100111,336,100107,100,100126,100,100092,552,100127,100,100062,100,100157,100,100019,100,100162,100,100011,100,100203,100,100010,16,100248,100,100009,100,100360,100,100001,100,100364,100,99979,100,100539,100,99970,100
2019-06-28 09:48:00.000000000,100126,436,100107,436,100127,100,100092,216,100157,100,100062,100,100162,100,100019,100,100203,100,100011,100,100248,100,100010,16,100360,100,100009,100,100364,100,100001,100,100539,100,99979,100,101023,100,99970,100
2019-06-28 09:48:10.000000000,100126,268,100107,268,100127,268,100092,384,100157,100,100062,100,100162,100,100019,100,100203,100,100011,100,100248,100,100010,16,100360,100,100009,100,100364,100,100001,100,100539,100,99979,100,101023,100,99970,100
2019-06-28 09:48:20.000000000,100126,184,100107,184,100127,184,100092,300,100157,184,100062,184,100162,184,100019,184,100203,100,100011,100,100248,100,100010,16,100360,100,100009,100,100364,100,100001,100,100539,100,99979,100,101023,100,99970,100
2019-06-28 09:48:20.350585027,100126,184,100107,184,100127,184,100092,300,100157,184,100062,184,100162,184,100019,184,100203,100,100011,100,100248,100,100010,16,100360,100,100009,100,100364,100,100001,100,100379,100,99979,100,100539,100,99970,100
2019-06-28 09:48:30.000000000,100126,167,100107,167,100127,167,100092,283,100157,167,100062,167,100162,167,100019,167,100203,167,100011,167,100248,100,100010,16,100360,100,100009,100,100364,100,100001,100,100379,100,99979,100,100539,100,99970,100
2019-06-28 09:48:40.000000000,100126,268,100107,268,100127,268,100092,384,100157,100,100062,100,100162,100,100019,100,100203,100,100011,100,100248,100,100010,16,100360,100,100009,100,100364,100,100001,100,100379,100,99979,100,100539,100,99970,100
2019-06-28 09:48:50.000000000,100126,436,100107,436,100127,100,100092,216,100157,100,100062,100,100162,100,100019,100,100203,100,100011,100,100248,100,100010,16,100360,100,100009,100,100364,100,100001,100,100379,100,99979,100,100539,100,99970,100
2019-06-28 09:48:50.300216194,100126,436,100107,436,100127,100,100092,216,100157,100,100062,100,100160,100,100019,100,100162,100,100011,100,100203,100,100010,16,100248,100,100009,100,100360,100,100001,100,100364,100,99979,100,100379,100,99970,100
2019-06-28 09:48:59.269827237,100126,436,100107,536,100127,100,100092,216,100157,100,100062,100,100160,100,100019,100,100162,100,100011,100,100203,100,100010,16,100248,100,100009,100,100360,100,99979,100,100364,100,99970,100,100379,100,99963,100
2019-06-28 09:49:00.000000000,100126,436,100107,536,100127,100,100092,216,100157,100,100062,100,100160,100,100019,100,100162,100,100011,100,100203,100,100010,16,100248,100,100009,100,100360,100,99979,100,100364,100,99970,100,100379,100,99963,100
2019-06-28 09:49:03.945553206,100126,336,100107,536,100127,100,100092,216,100157,100,100062,100,100160,100,100019,100,100162,100,100011,100,100203,100,100010,16,100248,100,100009,100,100360,100,99979,100,100364,100,99970,100,100379,100,99963,100
2019-06-28 09:49:10.000000000,100127,436,100107,536,100157,100,100092,216,100160,100,100062,100,100162,100,100019,100,100203,100,100011,100,100248,100,100010,16,100360,100,100009,100,100364,100,99979,100,100379,100,99970,100,100539,100,99963,100
2019-06-28 09:49:20.000000000,100127,214,100107,314,100157,211,100092,327,100160,211,100062,211,100162,100,100019,100,100203,100,100011,100,100248,100,100010,16,100360,100,100009,100,100364,100,99979,100,100379,100,99970,100,100539,100,99963,100
2019-06-28 09:49:30.000000000,100127,268,100107,368,100157,268,100092,384,100160,100,100062,100,100162,100,100019,100,100203,100,100011,100,100248,100,100010,16,100360,100,100009,100,100364,100,99979,100,100379,100,99970,100,100539,100,99963,100
2019-06-28 09:49:30.991749280,100127,268,100107,268,100157,268,100092,384,100160,100,100062,100,100162,100,100019,100,100203,100,100011,100,100248,100,100010,16,100360,100,100009,100,100364,100,99979,100,100379,100,99970,100,100539,100,99963,100
2019-06-28 09:49:40.000000000,100127,214,100107,214,100157,211,100092,327,100160,211,100062,211,100162,100,100019,100,100203,100,100011,100,100248,100,100010,16,100360,100,100009,100,100364,100,99979,100,100379,100,99970,100,100539,100,99963,100
2019-06-28 09:49:50.000000000,100127,184,100107,184,100157,184,100092,300,100160,184,100062,184,100162,184,100019,184,100203,100,100011,100,100248,100,100010,16,100360,100,100009,100,100364,100,99979,100,100379,100,99970,100,100539,100,99963,100
2019-06-28 09:49:52.249470031,100127,184,100107,84,100157,184,100092,300,100160,184,100062,184,100162,184,100019,184,100203,100,100011,100,100248,100,100010,16,100360,100,100009,100,100364,100,99979,100,100379,100,99970,100,100539,100,99963,100
2019-06-28 09:50:00.000000000,100127,167,100092,283,100157,167,100062,167,100160,167,100019,167,100162,167,100011,167,100203,167,100010,83,100248,100,100009,100,100360,100,99979,100,100364,100,99970,100,100379,100,99963,100,100539,100,99938,100
2019-06-28 09:50:05.276534644,100127,167,100092,283,100157,167,100062,167,100160,167,100019,167,100162,167,100011,167,100193,100,100010,83,100203,167,100009,100,100248,100,99979,100,100360,100,99970,100,100364,100,99963,100,100379,100,99938,100
2019-06-28 09:50:09.119362283,100127,67,100092,283,100157,167,100078,100,100160,167,100062,167,100162,167,100019,167,100193,100,100011,167,100203,167,100010,83,100248,100,100009,100,100360,100,99979,100,100364,100,99970,100,100379,100,99963,100
2019-06-28 09:50:10.000000000,100157,167,100092,283,100160,167,100078,167,100162,167,100062,167,100193,167,100019,167,100203,167,100011,167,100248,100,100010,16,100360,100,100009,100,100364,100,99979,100,100379,100,99970,100,100539,100,99963,100
2019-06-28 09:50:10.733645135,100157,167,100092,183,100160,167,100078,167,100162,167,100062,167,100193,167,100019,167,100203,167,100011,167,100248,100,100010,16,100360,100,100009,100,100364,100,99979,100,100379,100,99970,100,100539,100,99963,100
2019-06-28 09:50:17.873218400,100107,100,100092,183,100157,167,100078,167,100160,167,100062,167,100162,167,100019,167,100193,167,100011,167,100203,167,100010,16,100248,100,100009,100,100360,100,99979,100,100364,100,99970,100,100379,100,99963,100
2019-06-28 09:50:20.000000000,100107,436,100092,452,100157,100,100078,100,100160,100,100062,100,100162,100,100019,100,100193,100,100011,100,100203,100,100010,16,100248,100,100009,100,100360,100,99979,100,100364,100,99970,100,100379,100,99963,100
2019-06-28 09:50:27.064279648,100107,436,100092,452,100157,100,100078,100,100160,100,100062,100,100162,100,100019,100,100193,100,100011,100,100203,100,100010,16,100248,100,99979,100,100360,100,99970,100,100364,100,99963,100,100379,100,99938,100
2019-06-28 09:50:30.000000000,100107,214,100092,230,100157,211,100078,211,100160,211,100062,211,100162,100,100019,100,100193,100,100011,100,100203,100,100010,16,100248,100,99979,100,100360,100,99970,100,100364,100,99963,100,100379,100,99938,100
2019-06-28 09:50:40.000000000,100107,436,100092,452,100157,100,100078,100,100160,100,100062,100,100162,100,100019,100,100193,100,100011,100,100203,100,100010,16,100248,100,99979,100,100360,100,99970,100,100364,100,99963,100,100379,100,99938,100
2019-06-28 09:50:40.439153679,100107,436,100092,452,100157,100,100078,100,100160,100,100062,100,100162,100,100019,100,100193,100,100011,100,100203,100,100010,16,100248,100,99979,100,100360,100,99970,100,100364,100,99963,100,100379,100,99938,100
2019-06-28 09:50:50.000000000,100107,214,100092,230,100157,211,100078,211,100160,211,100062,211,100162,100,100019,100,100193,100,100011,100,100203,100,100010,16,100248,100,99979,100,100360,100,99970,100,100364,100,99963,100,100379,100,99938,100
2019-06-28 09:51:00.000000000,100107,214,100092,230,100157,211,100078,211,100160,211,100062,211,100162,100,100019,100,100193,100,100011,100,100203,100,100010,16,100248,100,99979,100,100360,100,99970,100,100364,100,99963,100,100379,100,99938,100
2019-06-28 09:51:04.629327303,100107,114,100092,230,100157,211,100078,211,100160,211,100062,211,100162,100,100019,100,100193,100,100011,100,100203,100,100010,16,100248,100,99979,100,100360,100,99970,100,100364,100,99963,100,100379,100,99938,100
2019-06-28 09:51:10.000000000,100157,436,100092,452,100160,100,100078,100,100162,100,100062,100,100193,100,100019,100,100203,100,100011,100,100248,100,100010,16,100360,100,99979,100,100364,100,99970,100,100379,100,99963,100,100539,100,99938,100
2019-06-28 09:51:20.000000000,100157,436,100092,452,100160,100,100078,100,100162,100,100062,100,100193,100,100019,100,100203,100,100011,100,100248,100,100010,16,100360,100,99979,100,100364,100,99970,100,100379,100,99963,100,100539,100,99938,100
2019-06-28 09:51:30.000000000,100157,214,100092,230,100160,211,100078,211,100162,211,100062,211,100193,100,100019,100,100203,100,100011,100,100248,100,100010,16,100360,100,99979,100,100364,100,99970,100,100379,100,99963,100,100539,100,99938,100
2019-06-28 09:51:30.118034245,100157,114,100092,230,100160,211,100078,211,100162,211,100062,211,100193,100,100019,100,100203,100,100011,100,100248,100,100010,16,100360,100,99979,100,100364,100,99970,100,100379,100,99963,100,100539,100,99922,100
2019-06-28 09:51:40.000000000,100160,167,100092,183,100162,167,100078,167,100193,167,100062,167,100203,167,100019,167,100248,167,100011,167,100360,100,100010,16,100364,100,99979,100,100379,100,99970,100,100539,100,99963,100,101023,100,99922,100
2019-06-28 09:51:45.110649649,100160,167,100092,183,100162,167,100078,167,100193,167,100062,167,100203,167,100019,167,100248,67,100011,167,100360,100,100010,16,100364,100,99979,100,100379,100,99970,100,100539,100,99963,100,100722,100,99922,100
2019-06-28 09:51:50.000000000,100160,436,100092,452,100162,100,100078,100,100193,100,100062,100,100203,100,100019,100,100360,100,100011,100,100364,100,100010,16,100379,100,99979,100,100539,100,99970,100,100722,100,99963,100,101023,100,99922,100
2019-06-28 09:52:00.000000000,100160,436,100092,452,100162,100,100078,100,100193,100,100062,100,100203,100,100019,100,100360,100,100011,100,100364,100,100010,16,100379,100,99979,100,100539,100,99970,100,100722,100,99963,100,101023,100,99922,100
2019-06-28 09:52:10.000000000,100160,214,100092,230,100162,211,100078,211,100193,211,100062,211,100203,100,100019,100,100360,100,100011,100,100364,100,100010,16,100379,100,99979,100,100539,100,99970,100,100722,100,99963,100,101023,100,99922,100
2019-06-28 09:52:18.507294049,100160,114,100092,230,100162,211,100078,211,100193,211,100062,211,100203,100,100019,100,100360,100,100011,100,100364,100,100010,16,100379,100,99979,100,100539,100,99970,100,100722,100,99963,100,101023,100,99922,100
2019-06-28 09:52:20.000000000,100162,184,100092,200,100193,184,100078,184,100203,184,100062,184,100360,184,100019,184,100364,100,100011,100,100379,100,100010,16,100539,100,99979,100,100722,100,99970,100,101023,100,99963,100,101255,100,99922,100
2019-06-28 09:52:30.000000000,100162,436,100092,452,100193,100,100078,100,100203,100,100062,100,100360,100,100019,100,100364,100,100011,100,100379,100,100010,16,100539,100,99979,100,100722,100,99970,100,101023,100,99963,100,101255,100,99922,100
2019-06-28 09:52:30.737130028,100162,436,100092,452,100193,100,100078,100,100203,100,100062,100,100360,100,100019,100,100364,100,100011,100,100379,100,100010,16,100458,100,99979,100,100539,100,99970,100,100722,100,99963,100,101023,100,99922,100
2019-06-28 09:52:35.942546635,100162,336,100092,452,100193,100,100078,100,100203,100,100062,100,100360,100,100019,100,100364,100,100011,100,100379,100,100010,16,100458,100,99979,100,100539,100,99970,100,100722,100,99963,100,101023,100,99922,100
2019-06-28 09:52:39.514057127,100162,236,100092,452,100193,100,100078,100,100203,100,100062,100,100360,100,100019,100,100364,100,100011,100,100379,100,100010,16,100458,100,99979,100,100539,100,99970,100,100722,100,99963,100,101023,100,99922,100
2019-06-28 09:52:40.000000000,100193,184,100092,200,100203,184,100078,184,100360,184,100062,184,100364,184,100019,184,100379,100,100011,100,100458,100,100010,16,100539,100,99979,100,100722,100,99970,100,101023,100,99963,100,101255,100,99922,100
2019-06-28 09:52:45.435396461,100193,184,100162,100,100203,184,100092,200,100360,184,100078,184,100364,184,100062,184,100379,100,100019,184,100458,100,100011,100,100539,100,100010,16,100722,100,99979,100,101023,100,99970,100,101255,100,99963,100
2019-06-28 09:52:45.598367102,100193,84,100162,100,100203,184,100092,200,100360,184,100078,184,100364,184,100062,184,100379,100,100019,184,100458,100,100011,100,100539,100,100010,16,100722,100,99979,100,101023,100,99970,100,101255,100,99963,100
2019-06-28 09:52:47.423135059,100193,84,100163,100,100203,184,100162,100,100360,184,100092,200,100364,184,100078,184,100379,100,100062,184,100458,100,100019,184,100539,100,100011,100,100722,100,100010,16,101023,100,99979,100,101255,100,99970,100
2019-06-28 09:52:50.000000000,100203,436,100163,436,100360,100,100162,100,100364,100,100092,116,100379,100,100078,100,100458,100,100062,100,100539,100,100019,100,100722,100,100011,100,101023,100,100010,16,101255,100,99979,100,101422,100,99970,100
2019-06-28 09:53:00.000000000,100203,268,100163,268,100360,268,100162,268,100364,100,100092,116,100379,100,100078,100,100458,100,100062,100,100539,100,100019,100,100722,100,100011,100,101023,100,100010,16,101255,100,99979,100,101422,100,99970,100
2019-06-28 09:53:10.000000000,100203,214,100163,214,100360,211,100162,211,100364,211,100092,227,100379,100,100078,100,100458,100,100062,100,100539,100,100019,100,100722,100,100011,100,101023,100,100010,16,101255,100,99979,100,101422,100,99970,100
2019-06-28 09:53:20.000000000,100203,167,100163,167,100360,167,100162,167,100364,167,100092,183,100379,167,100078,167,100458,167,100062,167,100539,100,100019,100,100722,100,100011,100,101023,100,100010,16,101255,100,99979,100,101422,100,99970,100
2019-06-28 09:53:25.505236505,100203,67,100163,167,100360,167,100162,167,100364,167,100092,183,100379,167,100078,167,100458,167,100062,167,100539,100,100019,100,100722,100,100011,100,101023,100,100010,16,101255,100,99979,100,101422,100,99970,100
2019-06-28 09:53:30.000000000,100360,184,100163,184,100364,184,100162,184,100379,184,100092,200,100458,184,100078,184,100539,100,100062,100,100722,100,100019,100,101023,100,100011,100,101255,100,100010,16,101422,100,99979,100,,,99970,100
2019-06-28 09:53:40.000000000,100360,436,100163,436,100364,100,100162,100,100379,100,100092,116,100458,100,100078,100,100539,100,100062,100,100722,100,100019,100,101023,100,100011,100,101255,100,100010,16,101422,100,99979,100,,,99970,100
2019-06-28 09:53:50.000000000,100360,167,100163,167,100364,167,100162,167,100379,167,100092,183,100458,167,100078,167,100539,167,100062,167,100722,100,100019,100,101023,100,100011,100,101255,100,100010,16,101422,100,99979,100,,,99970,100
2019-06-28 09:54:00.000000000,100360,436,100163,436,100364,100,100162,100,100379,100,100092,116,100458,100,100078,100,100539,100,100062,100,100722,100,100019,100,101023,100,100011,100,101255,100,100010,16,101422,100,99979,100,,,99970,100
2019-06-28 09:54:00.916372087,100360,436,100193,100,100364,100,100163,436,100379,100,100162,100,100458,100,100092,116,100539,100,100078,100,100722,100,100062,100,101023,100,100019,100,101255,100,100010,16,101422,100,99979,100,,,99970,100
2019-06-28 09:54:07.906819793,100360,436,100193,100,100364,100,100163,436,100379,100,100162,100,100412,100,100092,116,100458,100,100078,100,100539,100,100062,100,100722,100,100019,100,101023,100,100010,16,101255,100,99979,100,101422,100,99970,100
2019-06-28 09:54:10.000000000,100360,167,100193,167,100364,167,100163,167,100379,167,100162,167,100412,167,100092,183,100458,167,100078,167,100539,100,100062,100,100722,100,100019,100,101023,100,100010,16,101255,100,99979,100,101422,100,99970,100
2019-06-28 09:54:10.465485636,100243,100,100193,167,100360,167,100163,167,100364,167,100162,167,100379,167,100092,183,100412,167,100078,167,100458,167,100062,100,100539,100,100019,100,100722,100,100010,16,101023,100,99979,100,101255,100,99970,100
2019-06-28 09:54:20.000000000,100243,436,100193,436,100360,100,100163,100,100364,100,100162,100,100379,100,100092,116,100412,100,100078,100,100458,100,100062,100,100539,100,100019,100,100722,100,100010,16,101023,100,99979,100,101255,100,99970,100
2019-06-28 09:54:30.000000000,100243,214,100193,214,100360,211,100163,211,100364,211,100162,211,100379,100,100092,116,100412,100,100078,100,100458,100,100062,100,100539,100,100019,100,100722,100,100010,16,101023,100,99979,100,101255,100,99970,100
2019-06-28 09:54:33.182086732,100243,214,100193,114,100360,211,100163,211,100364,211,100162,211,100379,100,100092,116,100412,100,100078,100,100458,100,100062,100,100539,100,100019,100,100722,100,100010,16,101023,100,99979,100,101255,100,99970,100
2019-06-28 09:54:40.000000000,100243,214,100163,214,100360,211,100162,211,100364,211,100092,227,100379,100,100078,100,100412,100,100062,100,100458,100,100019,100,100539,100,100010,16,100722,100,99979,100,101023,100,99970,100,101255,100,99963,100
2019-06-28 09:54:50.000000000,100243,184,100163,184,100360,184,100162,184,100364,184,100092,200,100379,184,100078,184,100412,100,100062,100,100458,100,100019,100,100539,100,100010,16,100722,100,99979,100,101023,100,99970,100,101255,100,99963,100
2019-06-28 09:55:00.000000000,100243,167,100163,167,100360,167,100162,167,100364,167,100092,183,100379,167,100078,167,100412,167,100062,167,100458,100,100019,100,100539,100,100010,16,100722,100,99979,100,101023,100,99970,100,101255,100,99963,100
2019-06-28 09:55:02.668328515,100243,167,100163,167,100360,167,100162,167,100364,167,100095,100,100379,167,100092,183,100412,167,100078,167,100458,100,100062,167,100539,100,100019,100,100722,100,100010,16,101023,100,99979,100,101255,100,99970,100
2019-06-28 09:55:10.000000000,100243,184,100163,184,100360,184,100162,184,100364,184,100095,184,100379,184,100092,200,100412,100,100078,100,100458,100,100062,100,100539,100,100019,100,100722,100,100010,16,101023,100,99979,100,101255,100,99970,100
2019-06-28 09:55:20.000000000,100243,214,100163,214,100360,211,100162,211,100364,211,100095,211,100379,100,100092,116,100412,100,100078,100,100458,100,100062,100,100539,100,100019,100,100722,100,100010,16,101023,100,99979,100,101255,100,99970,100
2019-06-28 09:55:29.368262146,100243,214,100194,100,100360,211,100163,114,100364,211,100162,211,100379,100,100095,211,100412,100,100092,116,100458,100,100078,100,100539,100,100062,100,100722,100,100019,100,101023,100,100010,16,101255,100,99979,100
2019-06-28 09:55:30.000000000,100243,167,100194,167,100360,167,100162,167,100364,167,100095,167,100379,167,100092,183,100412,167,100078,167,100458,100,100062,100,100539,100,100019,100,100722,100,100010,16,101023,100,99979,100,101255,100,99970,100
2019-06-28 09:55:35.941406069,100243,67,100194,167,100360,167,100162,167,100364,167,100095,167,100379,167,100092,183,100412,167,100078,167,100458,100,100062,100,100722,100,100019,100,101023,100,100010,16,101255,100,99979,100,101422,100,99970,100
2019-06-28 09:55:36.377422548,100243,67,100194,167,100360,167,100162,167,100364,167,100095,167,100379,167,100092,183,100412,167,100078,167,100455,100,100062,100,100458,100,100019,100,100722,100,100010,16,101023,100,99979,100,101255,100,99970,100
2019-06-28 09:55:40.000000000,100360,268,100194,268,100364,268,100162,268,100379,100,100095,100,100412,100,100092,116,100455,100,100078,100,100458,100,100062,100,100722,100,100019,100,101023,100,100010,16,101255,100,99979,100,101422,100,99970,100
2019-06-28 09:55:50.000000000,100360,184,100194,184,100364,184,100162,184,100379,184,100095,184,100412,184,100092,200,100455,100,100078,100,100458,100,100062,100,100722,100,100019,100,101023,100,100010,16,101255,100,99979,100,101422,100,99970,100
2019-06-28 09:56:00.000000000,100360,268,100194,268,100364,268,100162,268,100379,100,100095,100,100412,100,100092,116,100455,100,100078,100,100458,100,100062,100,100722,100,100019,100,101023,100,100010,16,101255,100,99979,100,101422,100,99970,100
2019-06-28 09:56:10.000000000,100360,214,100194,214,100364,211,100162,211,100379,211,100095,211,100412,100,100092,116,100455,100,100078,100,100458,100,100062,100,100722,100,100019,100,101023,100,100010,16,101255,100,99979,100,101422,100,99970,100
2019-06-28 09:56:20.000000000,100360,167,100194,167,100364,167,100162,167,100379,167,100095,167,100412,167,100092,183,100455,167,100078,167,100458,100,100062,100,100722,100,100019,100,101023,100,100010,16,101255,100,99979,100,101422,100,99970,100
2019-06-28 09:56:30.000000000,100360,436,100194,436,100364,100,100162,100,100379,100,100095,100,100412,100,100092,116,100455,100,100078,100,100458,100,100062,100,100722,100,100019,100,101023,100,100010,16,101255,100,99979,100,101422,100,99970,100
2019-06-28 09:56:30.071388592,100360,436,100195,100,100364,100,100194,336,100379,100,100162,100,100412,100,100095,100,100455,100,100092,116,100458,100,100078,100,100722,100,100062,100,101023,100,100019,100,101255,100,100010,16,101422,100,99979,100
2019-06-28 09:56:40.000000000,100360,214,100195,214,100364,211,100162,211,100379,211,100095,211,100412,100,100092,116,100455,100,100078,100,100458,100,100062,100,100722,100,100019,100,101023,100,100010,16,101255,100,99979,100,101422,100,99970,100
2019-06-28 09:56:50.000000000,100360,184,100195,184,100364,184,100162,184,100379,184,100095,184,100412,184,100092,200,100455,100,100078,100,100458,100,100062,100,100722,100,100019,100,101023,100,100010,16,101255,100,99979,100,101422,100,99970,100
2019-06-28 09:56:56.418782601,100360,84,100195,184,100364,184,100162,184,100379,184,100095,184,100412,184,100092,200,100455,100,100078,100,100458,100,100062,100,100722,100,100019,100,101023,100,100010,16,101255,100,99979,100,101422,100,99970,100
2019-06-28 09:56:57.422924107,100360,84,100243,100,100364,184,100195,184,100379,184,100162,184,100412,184,100095,184,100455,100,100092,200,100458,100,100078,100,100722,100,100062,100,101023,100,100019,100,101255,100,100010,16,101422,100,99979,100
2019-06-28 09:57:00.000000000,100364,167,100243,167,100379,167,100195,167,100412,167,100162,167,100455,167,100095,167,100458,167,100092,183,100722,100,100078,100,101023,100,100062,100,101255,100,100019,100,101422,100,100010,16,,,99979,100
2019-06-28 09:57:10.000000000,100364,436,100243,436,100379,100,100195,100,100412,100,100162,100,100455,100,100095,100,100458,100,100092,116,100722,100,100078,100,101023,100,100062,100,101255,100,100019,100,101422,100,100010,16,,,99979,100
2019-06-28 09:57:20.000000000,100364,436,100243,436,100379,100,100195,100,100412,100,100162,100,100455,100,100095,100,100458,100,100092,116,100722,100,100078,100,101023,100,100062,100,101255,100,100019,100,101422,100,100010,16,,,99979,100
2019-06-28 09:57:30.000000000,100364,268,100243,268,100379,268,100195,268,100412,100,100162,100,100455,100,100095,100,100458,100,100092,116,100722,100,100078,100,101023,100,100062,100,101255,100,100019,100,101422,100,100010,16,,,99979,100
2019-06-28 09:57:40.000000000,100364,268,100243,268,100379,268,100195,268,100412,100,100162,100,100455,100,100095,100,100458,100,100092,116,100722,100,100078,100,101023,100,100062,100,101255,100,100019,100,101422,100,100010,16,,,99979,100
2019-06-28 09:57:47.517586387,100364,268,100243,168,100379,268,100195,268,100412,100,100162,100,100455,100,100095,100,100458,100,100092,116,100722,100,100078,100,101023,100,100062,100,101255,100,100019,100,101422,100,100010,16,,,99979,100
2019-06-28 09:57:49.437459455,100364,268,100243,68,100379,268,100195,268,100412,100,100162,100,100455,100,100095,100,100458,100,100092,116,100722,100,100078,100,101023,100,100062,100,101255,100,100019,100,101422,100,100010,16,,,99979,100
2019-06-28 09:57:49.882655102,100294,100,100243,68,100364,268,100195,268,100379,268,100162,100,100412,100,100095,100,100455,100,100092,116,100458,100,100078,100,100722,100,100062,100,101023,100,100019,100,101255,100,100010,16,101422,100,99979,100
2019-06-28 09:57:50.000000000,100294,268,100195,268,100364,268,100162,268,100379,100,100095,100,100412,100,100092,116,100455,100,100078,100,100458,100,100062,100,100722,100,100019,100,101023,100,100010,16,101255,100,99979,100,101422,100,99970,100
2019-06-28 09:58:00.000000000,100294,214,100195,214,100364,211,100162,211,100379,211,100095,211,100412,100,100092,116,100455,100,100078,100,100458,100,100062,100,100722,100,100019,100,101023,100,100010,16,101255,100,99979,100,101422,100,99970,100
2019-06-28 09:58:10.000000000,100294,184,100195,184,100364,184,100162,184,100379,184,100095,184,100412,184,100092,200,100455,100,100078,100,100458,100,100062,100,100722,100,100019,100,101023,100,100010,16,101255,100,99979,100,101422,100,99970,100
2019-06-28 09:58:10.843496902,100294,184,100195,184,100364,184,100162,184,100379,184,100095,184,100412,184,100092,200,100455,100,100078,100,100458,100,100062,100,100722,100,100019,200,101023,100,100010,16,101255,100,99979,100,101422,100,99970,100
2019-06-28 09:58:10.887939831,100294,184,100195,84,100364,184,100162,184,100379,184,100095,184,100412,84,100092,200,100455,100,100078,100,100458,100,100062,100,100722,100,100019,200,101023,100,100010,16,101255,100,99979,100,101422,100,99970,100
2019-06-28 09:58:20.000000000,100294,436,100162,436,100364,100,100095,100,100379,100,100092,116,100455,100,100078,100,100458,100,100062,100,100722,100,100019,200,101023,100,100010,16,101255,100,99979,100,101422,100,99970,100,,,99963,100
2019-06-28 09:58:21.678184116,100243,100,100162,436,100294,436,100095,100,100364,100,100092,116,100379,100,100078,100,100455,100,100062,100,100458,100,100019,200,100722,100,100010,16,101023,100,99979,100,101255,100,99970,100,101422,100,99963,100
2019-06-28 09:58:29.433923360,100243,100,100162,336,100294,436,100095,100,100364,100,100092,116,100379,100,100078,100,100455,100,100062,100,100458,100,100019,200,100722,100,100010,16,101023,100,99979,100,101255,100,99970,100,101422,100,99963,100
2019-06-28 09:58:30.000000000,100243,184,100095,184,100294,184,100092,200,100364,184,100078,184,100379,184,100062,184,100455,100,100019,200,100458,100,100010,16,100722,100,99979,100,101023,100,99970,100,101255,100,99963,100,101422,100,99899,100
2019-06-28 09:58:38.707602205,100195,100,100095,184,100243,184,100092,200,100294,184,100078,184,100364,184,100062,184,100379,184,100019,200,100455,100,100010,16,100458,100,99979,100,100722,100,99970,100,101023,100,99963,100,101255,100,99899,100
2019-06-28 09:58:40.000000000,100195,214,100095,214,100243,211,100092,227,100294,211,100078,211,100364,100,100062,100,100379,100,100019,200,100455,100,100010,16,100458,100,99979,100,100722,100,99970,100,101023,100,99963,100,101255,100,99899,100
2019-06-28 09:58:40.909885225,100195,214,100095,114,100243,211,100092,227,100294,211,100078,211,100364,100,100062,100,100379,100,100019,200,100455,100,100010,16,100458,100,99979,100,100722,100,99970,100,101023,100,99963,100,101255,100,99899,100
2019-06-28 09:58:50.000000000,100195,268,100092,284,100243,268,100078,268,100294,100,100062,100,100364,100,100019,200,100379,100,100010,16,100455,100,99979,100,100458,100,99970,100,100722,100,99963,100,101023,100,99899,100,101255,100,99866,100
2019-06-28 09:59:00.000000000,100195,436,100092,452,100243,100,100078,100,100294,100,100062,100,100364,100,100019,200,100379,100,100010,16,100455,100,99979,100,100458,100,99970,100,100722,100,99963,100,101023,100,99899,100,101255,100,99866,100
2019-06-28 09:59:10.000000000,100195,268,100092,284,100243,268,100078,268,100294,100,100062,100,100364,100,100019,200,100379,100,100010,16,100455,100,99979,100,100458,100,99970,100,100722,100,99963,100,101023,100,99899,100,101255,100,99866,100
2019-06-28 09:59:13.404579498,100195,268,100092,284,100243,268,100078,268,100294,100,100062,100,100364,100,100019,200,100379,100,100010,16,100455,100,99979,100,100458,100,99970,100,100722,100,99963,100,101023,100,99899,100,101255,100,99866,100
2019-06-28 09:59:15.409028284,100162,100,100092,268,100195,268,100078,268,100243,268,100062,100,100294,100,100019,200,100364,100,100010,16,100379,100,99979,100,100455,100,99970,100,100458,100,99963,100,100722,100,99899,100,101023,100,99866,100
2019-06-28 09:59:20.000000000,100162,268,100092,268,100195,268,100078,268,100243,100,100062,100,100294,100,100019,200,100364,100,100010,16,100379,100,99979,100,100455,100,99970,100,100458,100,99963,100,100722,100,99899,100,101023,100,99866,100
2019-06-28 09:59:29.637335646,100162,368,100092,268,100195,268,100078,268,100243,100,100062,100,100294,100,100019,100,100364,100,100010,16,100379,100,99979,100,100455,100,99970,100,100458,100,99963,100,100722,100,99899,100,101023,100,99866,100
2019-06-28 09:59:30.000000000,100162,284,100092,184,100195,184,100078,184,100243,184,100062,184,100294,184,100019,184,100364,100,100010,16,100379,100,99979,100,100455,100,99970,100,100458,100,99963,100,100722,100,99899,100,101023,100,99866,100
2019-06-28 09:59:40.000000000,100162,284,100092,184,100195,184,100078,184,100243,184,100062,184,100294,184,100019,184,100364,100,100010,16,100379,100,99979,100,100455,100,99970,100,100458,100,99963,100,100722,100,99899,100,101023,100,99866,100
2019-06-28 09:59:50.000000000,100162,314,100092,214,100195,211,100078,211,100243,211,100062,211,100294,100,100019,100,100364,100,100010,16,100379,100,99979,100,100455,100,99970,100,100458,100,99963,100,100722,100,99899,100,101023,100,99866,100
2019-06-28 10:00:00.000000000,100162,314,100092,214,100195,211,100078,211,100243,211,100062,211,100294,100,100019,100,100364,100,100010,16,100379,100,99979,100,100455,100,99970,100,100458,100,99963,100,100722,100,99899,100,101023,100,99866,100
2019-06-28 10:00:01.041950537,100162,314,100096,100,100195,211,100092,214,100243,211,100078,211,100294,100,100062,211,100364,100,100019,100,100379,100,100010,16,100455,100,99979,100,100458,100,99970,100,100722,100,99963,100,101023,100,99899,100
2019-06-28 10:00:01.666768506,100162,214,100096,100,100195,211,100092,214,100243,211,100078,211,100294,100,100062,211,100364,100,100019,100,100379,100,100010,16,100455,100,99979,100,100458,100,99970,100,101023,100,99963,100,101255,100,99899,100
2019-06-28 10:00:06.837486027,100162,214,100092,214,100195,211,100078,211,100243,211,100062,211,100294,100,100019,100,100364,100,100010,16,100379,100,99979,100,100455,100,99970,100,100458,100,99963,100,101023,100,99899,100,101255,100,99866,100
2019-06-28 10:00:10.000000000,100162,214,100092,214,100195,211,100078,211,100243,211,100062,211,100294,100,100019,100,100364,100,100010,16,100379,100,99979,100,100455,100,99970,100,100458,100,99963,100,101023,100,99899,100,101255,100,99866,100
2019-06-28 10:00:12.315941952,100162,214,100092,214,100195,211,100078,211,100243,211,100062,211,100294,100,100019,100,100364,100,100010,16,100379,100,99979,100,100455,100,99970,100,100458,100,99963,100,101255,100,99899,100,101422,100,99889,100
2019-06-28 10:00:20.000000000,100162,436,100092,436,100195,100,100078,100,100243,100,100062,100,100294,100,100019,100,100364,100,100010,16,100379,100,99979,100,100455,100,99970,100,100458,100,99963,100,101255,100,99899,100,101422,100,99889,100
2019-06-28 10:00:20.999028905,100160,100,100092,436,100162,436,100078,100,100195,100,100062,100,100243,100,100019,100,100294,100,100010,16,100364,100,99979,100,100379,100,99970,100,100455,100,99963,100,100458,100,99899,100,101255,100,99866,100
2019-06-28 10:00:30.000000000,100160,214,100092,214,100162,211,100078,211,100195,211,100062,211,100243,100,100019,100,100294,100,100010,16,100364,100,99979,100,100379,100,99970,100,100455,100,99963,100,100458,100,99899,100,101255,100,99866,100
2019-06-28 10:00:39.033046595,100160,214,100092,214,100162,211,100078,211,100195,211,100062,211,100243,100,100057,100,100294,100,100019,100,100364,100,100010,16,100379,100,99979,100,100455,100,99970,100,100458,100,99963,100,101255,100,99899,100
2019-06-28 10:00:40.000000000,100160,167,100092,167,100162,167,100078,167,100195,167,100062,167,100243,167,100057,167,100294,167,100019,167,100364,100,100010,16,100379,100,99979,100,100455,100,99970,100,100458,100,99963,100,101255,100,99899,100
2019-06-28 10:00:50.000000000,100160,268,100092,268,100162,268,100078,268,100195,100,100062,100,100243,100,100057,100,100294,100,100019,100,100364,100,100010,16,100379,100,99979,100,100455,100,99970,100,100458,100,99963,100,101255,100,99899,100
2019-06-28 10:00:59.507207359,100160,168,100092,268,100162,268,100078,268,100195,100,100062,100,100243,100,100057,100,100294,100,100019,100,100364,100,100010,16,100379,100,99979,100,100455,100,99970,100,100458,100,99963,100,101255,100,99899,100
2019-06-28 10:01:00.000000000,100162,436,100092,436,100195,100,100078,100,100243,100,100062,100,100294,100,100057,100,100364,100,100019,100,100379,100,100010,16,100455,100,99979,100,100458,100,99970,100,101255,100,99963,100,101422,100,99899,100
2019-06-28 10:01:10.000000000,100162,436,100092,436,100195,100,100078,100,100243,100,100062,100,100294,100,100057,100,100364,100,100019,100,100379,100,100010,16,100455,100,99979,100,100458,100,99970,100,101255,100,99963,100,101422,100,99899,100
2019-06-28 10:01:20.000000000,100162,214,100092,214,100195,211,100078,211,100243,211,100062,211,100294,100,100057,100,100364,100,100019,100,100379,100,100010,16,100455,100,99979,100,100458,100,99970,100,101255,100,99963,100,101422,100,99899,100
2019-06-28 10:01:30.000000000,100162,167,100092,167,100195,167,100078,167,100243,167,100062,167,100294,167,100057,167,100364,167,100019,167,100379,100,100010,16,100455,100,99979,100,100458,100,99970,100,101255,100,99963,100,101422,100,99899,100
2019-06-28 10:01:40.000000000,100162,167,100092,167,100195,167,100078,167,100243,167,100062,167,100294,167,100057,167,100364,167,100019,167,100379,100,100010,16,100455,100,99979,100,100458,100,99970,100,101255,100,99963,100,101422,100,99899,100
2019-06-28 10:01:49.253729705,100162,167,100092,167,100195,167,100078,167,100243,167,100062,167,100294,167,100057,167,100364,167,100019,167,100379,100,100010,16,100455,100,99979,100,100458,100,99970,100,101255,100,99963,100,101422,100,99899,100
2019-06-28 10:01:50.000000000,100162,268,100092,268,100195,268,100078,268,100243,100,100062,100,100294,100,100057,100,100364,100,100019,100,100379,100,100010,16,100455,100,99979,100,100458,100,99970,100,101255,100,99963,100,101422,100,99899,100
2019-06-28 10:02:00.000000000,100162,167,100092,167,100195,167,100078,167,100243,167,100062,167,100294,167,100057,167,100364,167,100019,167,100379,100,100010,16,100455,100,99979,100,100458,100,99970,100,101255,100,99963,100,101422,100,99899,100
2019-06-28 10:02:10.000000000,100162,436,100092,436,100195,100,100078,100,100243,100,100062,100,100294,100,100057,100,100364,100,100019,100,100379,100,100010,16,100455,100,99979,100,100458,100,99970,100,101255,100,99963,100,101422,100,99899,100
2019-06-28 10:02:20.000000000,100162,436,100092,436,100195,100,100078,100,100243,100,100062,100,100294,100,100057,100,100364,100,100019,100,100379,100,100010,16,100455,100,99979,100,100458,100,99970,100,101255,100,99963,100,101422,100,99899,100
2019-06-28 10:02:30.000000000,100162,184,100092,184,100195,184,100078,184,100243,184,100062,184,100294,184,100057,184,100364,100,100019,100,100379,100,100010,16,100455,100,99979,100,100458,100,99970,100,101255,100,99963,100,101422,100,99899,100
2019-06-28 10:02:32.045713721,100159,100,100092,184,100162,184,100078,184,100195,184,100062,84,100243,184,100057,184,100294,184,100019,100,100364,100,100010,16,100379,100,99979,100,100455,100,99970,100,100458,100,99963,100,101255,100,99899,100
2019-06-28 10:02:35.044275137,100159,200,100092,184,100162,184,100078,184,100195,184,100062,84,100243,184,100057,184,100294,184,100019,100,100364,100,100010,16,100379,100,99979,100,100455,100,99970,100,100458,100,99963,100,101255,100,99899,100
2019-06-28 10:02:36.050204526,100159,300,100092,184,100162,184,100078,184,100195,184,100062,84,100243,184,100057,184,100294,184,100019,100,100364,100,100010,16,100379,100,99979,100,100455,100,99970,100,100458,100,99963,100,101255,100,99899,100
2019-06-28 10:02:40.000000000,100159,468,100092,268,100162,268,100078,268,100195,100,100057,100,100243,100,100019,100,100294,100,100010,16,100364,100,99979,100,100379,100,99970,100,100455,100,99963,100,100458,100,99899,100,101255,100,99866,100
2019-06-28 10:02:46.778060285,100159,468,100092,168,100162,268,100078,268,100195,100,100057,100,100243,100,100019,100,100294,100,100010,16,100364,100,99979,100,100379,100,99970,100,100455,100,99963,100,100458,100,99899,100,101255,100,99866,100
2019-06-28 10:02:50.000000000,100159,636,100078,436,100162,100,100057,100,100195,100,100019,100,100243,100,100010,16,100294,100,99979,100,100364,100,99970,100,100379,100,99963,100,100455,100,99899,100,100458,100,99866,100,101255,100,99862,100
2019-06-28 10:03:00.000000000,100159,414,100078,214,100162,211,100057,211,100195,211,100019,211,100243,100,100010,16,100294,100,99979,100,100364,100,99970,100,100379,100,99963,100,100455,100,99899,100,100458,100,99866,100,101255,100,99862,100
2019-06-28 10:03:08.340378219,100159,414,100078,214,100162,211,100057,211,100195,211,100019,211,100243,100,100010,16,100294,100,99979,100,100379,100,99970,100,100455,100,99963,100,100458,100,99899,100,101255,100,99866,100,101422,100,99862,100
2019-06-28 10:03:10.000000000,100159,384,100078,184,100162,184,100057,184,100195,184,100019,184,100243,184,100010,100,100294,100,99979,100,100379,100,99970,100,100455,100,99963,100,100458,100,99899,100,101255,100,99866,100,101422,100,99862,100
2019-06-28 10:03:17.602194252,100159,384,100078,184,100162,184,100057,184,100195,184,100019,184,100243,184,100010,100,100294,100,99979,100,100379,100,99970,100,100455,100,99963,100,100458,100,99899,100,101255,100,99866,100,101422,100,99862,100
2019-06-28 10:03:20.000000000,100159,414,100078,214,100162,211,100057,211,100195,211,100019,211,100243,100,100010,16,100294,100,99979,100,100379,100,99970,100,100455,100,99963,100,100458,100,99899,100,101255,100,99866,100,101422,100,99862,100
2019-06-28 10:03:30.000000000,100159,468,100078,268,100162,268,100057,268,100195,100,100019,100,100243,100,100010,16,100294,100,99979,100,100379,100,99970,100,100455,100,99963,100,100458,100,99899,100,101255,100,99866,100,101422,100,99862,100
2019-06-28 10:03:40.000000000,100159,414,100078,214,100162,211,100057,211,100195,211,100019,211,100243,100,100010,16,100294,100,99979,100,100379,100,99970,100,100455,100,99963,100,100458,100,99899,100,101255,100,99866,100,101422,100,99862,100
2019-06-28 10:03:50.000000000,100159,636,100078,436,100162,100,100057,100,100195,100,100019,100,100243,100,100010,16,100294,100,99979,100,100379,100,99970,100,100455,100,99963,100,100458,100,99899,100,101255,100,99866,100,101422,100,99862,100
2019-06-28 10:04:00.000000000,100159,414,100078,214,100162,211,100057,211,100195,211,100019,211,100243,100,100010,16,100294,100,99979,100,100379,100,99970,100,100455,100,99963,100,100458,100,99899,100,101255,100,99866,100,101422,100,99862,100
2019-06-28 10:04:10.000000000,100159,384,100078,184,100162,184,100057,184,100195,184,100019,184,100243,184,100010,100,100294,100,99979,100,100379,100,99970,100,100455,100,99963,100,100458,100,99899,100,101255,100,99866,100,101422,100,99862,100
2019-06-28 10:04:20.000000000,100159,636,100078,436,100162,100,100057,100,100195,100,100019,100,100243,100,100010,16,100294,100,99979,100,100379,100,99970,100,100455,100,99963,100,100458,100,99899,100,101255,100,99866,100,101422,100,99862,100
2019-06-28 10:04:23.321788297,100159,636,100078,436,100162,100,100057,100,100195,100,100019,100,100243,100,100010,16,100294,100,99979,100,100379,100,99970,100,100455,100,99963,100,100458,100,99866,100,101255,100,99862,100,101422,100,99739,100
2019-06-28 10:04:30.000000000,100159,414,100078,214,100162,211,100057,211,100195,211,100019,211,100243,100,100010,16,100294,100,99979,100,100379,100,99970,100,100455,100,99963,100,100458,100,99866,100,101255,100,99862,100,101422,100,99739,100
2019-06-28 10:04:37.627946237,100159,414,100078,114,100162,211,100057,211,100195,211,100019,211,100243,100,100010,16,100294,100,99979,100,100379,100,99970,100,100455,100,99963,100,100458,100,99866,100,101255,100,99862,100,101422,100,99739,100
2019-06-28 10:04:40.000000000,100159,367,100057,167,100162,167,100019,167,100195,167,100010,83,100243,167,99979,167,100294,167,99970,167,100379,100,99963,100,100455,100,99866,100,100458,100,99862,100,101255,100,99739,100,101422,100,99726,100
2019-06-28 10:04:50.000000000,100159,384,100057,184,100162,184,100019,184,100195,184,100010,100,100243,184,99979,184,100294,100,99970,100,100379,100,99963,100,100455,100,99866,100,100458,100,99862,100,101255,100,99739,100,101422,100,99726,100
2019-06-28 10:04:50.257007013,100159,384,100057,184,100162,184,100019,184,100195,184,100010,100,100243,184,99979,184,100294,100,99970,100,100379,100,99963,100,100455,100,99866,100,100458,100,99862,100,101255,100,99739,100,101422,100,99726,100
2019-06-28 10:04:52.728481783,100159,384,100057,184,100162,184,100019,184,100195,184,100010,100,100243,184,99979,184,100294,100,99970,100,100379,100,99963,100,100455,100,99866,100,100458,100,99862,100,101255,100,99739,100,101422,100,99726,100
2019-06-28 10:05:00.000000000,100159,384,100057,184,100162,184,100019,184,100195,184,100010,100,100243,184,99979,184,100294,100,99970,100,100379,100,99963,100,100455,100,99866,100,100458,100,99862,100,101255,100,99739,100,101422,100,99726,100
2019-06-28 10:05:10.000000000,100159,414,100057,214,100162,211,100019,211,100195,211,100010,127,100243,100,99979,100,100294,100,99970,100,100379,100,99963,100,100455,100,99866,100,100458,100,99862,100,101255,100,99739,100,101422,100,99726,100
2019-06-28 10:05:20.000000000,100159,636,100057,436,100162,100,100019,100,100195,100,100010,16,100243,100,99979,100,100294,100,99970,100,100379,100,99963,100,100455,100,99866,100,100458,100,99862,100,101255,100,99739,100,101422,100,99726,100
2019-06-28 10:05:23.046600401,100159,636,100057,336,100162,100,100019,100,100195,100,99979,100,100243,100,99970,100,100294,100,99963,100,100379,100,99866,100,100455,100,99862,100,100458,100,99739,100,101255,100,99726,100,101422,100,99660,100
2019-06-28 10:05:28.898481689,100159,636,100057,336,100162,100,100019,100,100195,100,99979,100,100243,100,99970,100,100294,100,99866,100,100379,100,99862,100,100455,100,99739,100,100458,100,99726,100,101255,100,99660,100,101422,100,99048,100
2019-06-28 10:05:30.000000000,100159,414,100019,214,100162,211,99979,211,100195,211,99970,211,100243,100,99866,100,100294,100,99862,100,100379,100,99739,100,100455,100,99726,100,100458,100,99660,100,101255,100,99048,100,101422,100,98559,100
2019-06-28 10:05:32.794075950,100159,414,100019,114,100162,211,99979,211,100195,211,99970,211,100243,100,99866,100,100294,100,99862,100,100455,100,99739,100,100458,100,99726,100,101255,100,99660,100,101422,100,99048,100,,,98559,100
2019-06-28 10:05:32.929695406,100159,414,100019,114,100162,211,99979,211,100195,211,99970,211,100243,100,99866,100,100294,100,99862,100,100455,100,99739,100,100458,100,99726,100,101255,100,99660,100,101422,100,99048,100,,,98562,100
2019-06-28 10:05:40.000000000,100159,636,99979,436,100162,100,99970,100,100195,100,99866,100,100243,100,99862,100,100294,100,99739,100,100455,100,99726,100,100458,100,99660,100,101255,100,99048,100,101422,100,98562,100,,,98559,100
2019-06-28 10:05:50.000000000,100159,367,99979,167,100162,167,99970,167,100195,167,99866,167,100243,167,99862,167,100294,167,99739,167,100455,100,99726,100,100458,100,99660,100,101255,100,99048,100,101422,100,98562,100,,,98559,100
2019-06-28 10:06:00.000000000,100159,414,99979,214,100162,211,99970,211,100195,211,99866,211,100243,100,99862,100,100294,100,99739,100,100455,100,99726,100,100458,100,99660,100,101255,100,99048,100,101422,100,98562,100,,,98559,100
2019-06-28 10:06:10.000000000,100159,414,99979,214,100162,211,99970,211,100195,211,99866,211,100243,100,99862,100,100294,100,99739,100,100455,100,99726,100,100458,100,99660,100,101255,100,99048,100,101422,100,98562,100,,,98559,100
2019-06-28 10:06:20.000000000,100159,414,99979,214,100162,211,99970,211,100195,211,99866,211,100243,100,99862,100,100294,100,99739,100,100455,100,99726,100,100458,100,99660,100,101255,100,99048,100,101422,100,98562,100,,,98559,100
2019-06-28 10:06:26.398352783,100159,414,99979,114,100162,211,99970,211,100195,211,99866,211,100243,100,99862,100,100294,100,99739,100,100455,100,99726,100,100458,100,99660,100,101255,100,99048,100,101422,100,98559,100,,,98548,100
2019-06-28 10:06:29.933957122,100019,100,99979,114,100159,414,99970,211,100162,211,99866,211,100195,211,99862,100,100243,100,99739,100,100294,100,99726,100,100455,100,99660,100,100458,100,99048,100,101255,100,98559,100,101422,100,98548,100
2019-06-28 10:06:30.000000000,100019,214,99970,214,100159,411,99866,211,100162,211,99862,211,100195,100,99739,100,100243,100,99726,100,100294,100,99660,100,100455,100,99048,100,100458,100,98559,100,101255,100,98548,100,101422,100,98446,100
2019-06-28 10:06:40.000000000,100019,214,99970,214,100159,411,99866,211,100162,211,99862,211,100195,100,99739,100,100243,100,99726,100,100294,100,99660,100,100455,100,99048,100,100458,100,98559,100,101255,100,98548,100,101422,100,98446,100
2019-06-28 10:06:50.000000000,100019,167,99970,167,100159,367,99866,167,100162,167,99862,167,100195,167,99739,167,100243,167,99726,167,100294,100,99660,100,100455,100,99048,100,100458,100,98559,100,101255,100,98548,100,101422,100,98446,100
2019-06-28 10:06:54.913914986,100019,267,99970,67,100159,367,99866,167,100162,167,99862,167,100195,167,99739,167,100243,167,99726,167,100294,100,99660,100,100455,100,99048,100,100458,100,98559,100,101255,100,98548,100,101422,100,98446,100
2019-06-28 10:06:55.515070038,100019,267,99970,67,100159,367,99866,167,100162,167,99862,167,100195,167,99739,167,100243,167,99726,167,100294,100,99660,100,100455,100,99048,100,100458,100,98559,100,101255,100,98548,100,101422,100,98446,100
2019-06-28 10:07:00.000000000,100019,314,99866,214,100159,411,99862,211,100162,211,99739,211,100195,100,99726,100,100243,100,99660,100,100294,100,99048,100,100455,100,98559,100,100458,100,98548,100,101255,100,98446,100,101422,100,98441,100
2019-06-28 10:07:03.200401287,100019,414,99866,214,100159,411,99862,211,100162,211,99739,211,100195,100,99726,100,100243,100,99660,100,100294,100,99048,100,100455,100,98559,100,100458,100,98548,100,101255,100,98446,100,101422,100,98441,100
2019-06-28 10:07:10.000000000,100019,414,99866,214,100159,411,99862,211,100162,211,99739,211,100195,100,99726,100,100243,100,99660,100,100294,100,99048,100,100455,100,98559,100,100458,100,98548,100,101255,100,98446,100,101422,100,98441,100
2019-06-28 10:07:20.000000000,100019,367,99866,167,100159,367,99862,167,100162,167,99739,167,100195,167,99726,167,100243,167,99660,167,100294,100,99048,100,100455,100,98559,100,100458,100,98548,100,101255,100,98446,100,101422,100,98441,100
2019-06-28 10:07:20.103190128,100019,467,99866,167,100159,367,99862,167,100162,167,99739,167,100195,167,99726,167,100243,167,99660,167,100294,100,99048,100,100455,100,98559,100,100458,100,98548,100,101255,100,98446,100,101422,100,98441,100
2019-06-28 10:07:30.000000000,100019,514,99866,214,100159,411,99862,211,100162,211,99739,211,100195,100,99726,100,100243,100,99660,100,100294,100,99048,100,100455,100,98559,100,100458,100,98548,100,101255,100,98446,100,101422,100,98441,100
2019-06-28 10:07:40.000000000,100019,568,99866,268,100159,468,99862,268,100162,100,99739,100,100195,100,99726,100,100243,100,99660,100,100294,100,99048,100,100455,100,98559,100,100458,100,98548,100,101255,100,98446,100,101422,100,98441,100
2019-06-28 10:07:47.927109135,100019,568,99866,168,100159,468,99862,268,100162,100,99739,100,100195,100,99726,100,100243,100,99660,100,100294,100,99048,100,100455,100,98559,100,101255,100,98548,100,101422,100,98446,100,,,98441,100
2019-06-28 10:07:50.000000000,100019,514,99862,214,100159,411,99739,211,100162,211,99726,211,100195,100,99660,100,100243,100,99048,100,100294,100,98559,100,100455,100,98548,100,101255,100,98446,100,101422,100,98441,100,,,98417,100
2019-06-28 10:07:52.043307300,100019,514,99862,214,100159,411,99739,211,100162,211,99726,211,100195,100,99660,100,100243,100,99048,100,100294,100,98559,100,100455,100,98548,100,101255,100,98526,100,101422,100,98446,100,,,98441,100
2019-06-28 10:08:00.000000000,100019,484,99862,184,100159,384,99739,184,100162,184,99726,184,100195,184,99660,184,100243,100,99048,100,100294,100,98559,100,100455,100,98548,100,101255,100,98526,100,101422,100,98446,100,,,98441,100
2019-06-28 10:08:10.000000000,100019,736,99862,436,100159,300,99739,100,100162,100,99726,100,100195,100,99660,100,100243,100,99048,100,100294,100,98559,100,100455,100,98548,100,101255,100,98526,100,101422,100,98446,100,,,98441,100
2019-06-28 10:08:20.000000000,100019,484,99862,184,100159,384,99739,184,100162,184,99726,184,100195,184,99660,184,100243,100,99048,100,100294,100,98559,100,100455,100,98548,100,101255,100,98526,100,101422,100,98446,100,,,98441,100
2019-06-28 10:08:26.869098343,99979,100,99862,184,100019,484,99739,184,100159,384,99726,184,100162,184,99660,184,100195,184,99048,100,100294,100,98559,100,100455,100,98548,100,101255,100,98526,100,101422,100,98446,100,,,98441,100
2019-06-28 10:08:30.000000000,99979,436,99862,436,100019,400,99739,100,100159,300,99726,100,100162,100,99660,100,100195,100,99048,100,100294,100,98559,100,100455,100,98548,100,101255,100,98526,100,101422,100,98446,100,,,98441,100
2019-06-28 10:08:35.566180737,99979,436,99862,436,100019,400,99739,100,100159,300,99726,100,100162,100,99660,100,100195,100,99313,100,100294,100,99048,100,100455,100,98559,100,101255,100,98548,100,101422,100,98526,100,,,98446,100
2019-06-28 10:08:40.000000000,99979,436,99862,436,100019,400,99739,100,100159,300,99726,100,100162,100,99660,100,100195,100,99313,100,100294,100,99048,100,100455,100,98559,100,101255,100,98548,100,101422,100,98526,100,,,98446,100
2019-06-28 10:08:44.603904827,99979,436,99862,436,100019,400,99739,100,100159,300,99726,100,100162,100,99660,100,100195,100,99313,100,100294,100,99182,100,100455,100,99048,100,101255,100,98559,100,101422,100,98548,100,,,98526,100
2019-06-28 10:08:48.196965053,99979,436,99862,336,100019,400,99739,100,100159,300,99726,100,100162,100,99660,100,100195,100,99313,100,100294,100,99182,100,100455,100,99048,100,101255,100,98559,100,101422,100,98548,100,,,98526,100
2019-06-28 10:08:50.000000000,99979,268,99739,268,100019,568,99726,268,100159,300,99660,100,100162,100,99313,100,100195,100,99182,100,100294,100,99048,100,100455,100,98559,100,101255,100,98548,100,101422,100,98526,100,,,98446,100
