,ask_price_1,ask_size_1,bid_price_1,bid_size_1,ask_price_2,ask_size_2,bid_price_2,bid_size_2,ask_price_3,ask_size_3,bid_price_3,bid_size_3,ask_price_4,ask_size_4,bid_price_4,bid_size_4,ask_price_5,ask_size_5,bid_price_5,bid_size_5,ask_price_6,ask_size_6,bid_price_6,bid_size_6,ask_price_7,ask_size_7,bid_price_7,bid_size_7,ask_price_8,ask_size_8,bid_price_8,bid_size_8,ask_price_9,ask_size_9,bid_price_9,bid_size_9,ask_price_10,ask_size_10,bid_price_10,bid_size_10
2019-06-28 09:30:00.000000001,,,99922,100,,,,,,,,,,,,,,,,,,,,,,,,,,,,,,,,,,,,
2019-06-28 09:30:00.000000002,,,100095,100,,,99922,100,,,,,,,,,,,,,,,,,,,,,,,,,,,,,,,,
2019-06-28 09:30:00.000000005,100125,100,100095,100,,,99922,100,,,99832,100,,,,,,,,,,,,,,,,,,,,,,,,,,,,
2019-06-28 09:30:00.000000007,100125,100,100095,100,,,99991,100,,,99922,100,,,99903,100,,,99832,100,,,,,,,,,,,,,,,,,,,,
2019-06-28 09:30:00.000000008,100125,100,100095,100,,,100053,100,,,99991,100,,,99922,100,,,99903,100,,,99832,100,,,99790,100,,,,,,,,,,,,
2019-06-28 09:30:00.000000012,100125,200,100095,100,,,100053,100,,,99991,100,,,99922,100,,,99903,100,,,99832,100,,,99790,100,,,,,,,,,,,,
2019-06-28 09:30:00.000000013,100125,200,100053,100,,,99991,100,,,99922,100,,,99903,100,,,99832,100,,,99790,100,,,,,,,,,,,,,,,,
2019-06-28 09:30:00.000000014,100125,200,99991,100,,,99922,100,,,99903,100,,,99832,100,,,99790,100,,,,,,,,,,,,,,,,,,,,
2019-06-28 09:30:00.000000016,100125,200,99991,100,,,99924,100,,,99922,100,,,99903,100,,,99832,100,,,99790,100,,,,,,,,,,,,,,,,
2019-06-28 09:30:00.000000019,100095,100,100053,100,100125,200,99991,100,,,99944,100,,,99924,100,,,99922,100,,,99903,100,,,99832,100,,,99790,100,,,,,,,,
2019-06-28 09:30:00.000000020,100095,100,100053,100,100125,200,100012,100,,,99991,100,,,99944,100,,,99924,100,,,99922,100,,,99919,100,,,99903,100,,,99832,100,,,99790,100
2019-06-28 09:30:00.000000021,100095,100,100012,100,100125,200,99991,100,,,99950,100,,,99944,100,,,99924,100,,,99922,100,,,99919,100,,,99903,100,,,99832,100,,,99790,100
2019-06-28 09:30:00.000000022,100060,100,100012,100,100095,100,99991,100,100125,200,99950,100,,,99944,100,,,99924,100,,,99922,100,,,99919,100,,,99903,100,,,99832,100,,,99790,100
2019-06-28 09:30:00.000000023,100053,100,100012,100,100060,100,99991,100,100094,100,99950,100,100095,100,99944,100,100125,200,99924,100,,,99922,100,,,99919,100,,,99903,100,,,99832,100,,,99790,100
2019-06-28 09:30:00.000000025,100053,100,100012,100,100060,100,99991,100,100094,100,99958,100,100095,100,99950,100,100125,200,99944,100,,,99924,100,,,99922,100,,,99919,100,,,99903,100,,,99832,100
2019-06-28 09:30:00.000000026,100031,100,100012,100,100053,100,99991,100,100060,100,99958,100,100094,100,99950,100,100095,100,99944,100,100125,200,99924,100,,,99922,100,,,99919,100,,,99903,100,,,99832,100
2019-06-28 09:30:00.000000027,100016,100,100012,100,100031,100,99991,100,100053,100,99958,100,100060,100,99950,100,100094,100,99944,100,100095,100,99924,100,100125,200,99922,100,,,99919,100,,,99903,100,,,99832,100
2019-06-28 09:30:00.000000030,100016,100,100012,100,100031,100,99991,100,100053,100,99958,100,100060,100,99950,100,100086,100,99944,100,100094,100,99924,100,100095,100,99922,100,100125,200,99919,100,100160,100,99903,100,,,99832,100
2019-06-28 09:30:00.000000031,100016,100,100012,100,100031,100,100006,100,100053,100,99991,100,100060,100,99958,100,100086,100,99950,100,100094,100,99944,100,100095,100,99924,100,100125,200,99922,100,100160,100,99919,100,,,99903,100
2019-06-28 09:30:00.000000035,100016,100,100012,100,100031,100,100006,100,100053,100,99991,100,100060,100,99958,100,100086,100,99950,100,100094,100,99944,100,100095,100,99924,100,100125,200,99922,100,100160,100,99919,100,,,99903,100
2019-06-28 09:30:00.000000037,100016,100,100012,100,100031,100,100006,100,100042,100,99991,100,100053,100,99958,100,100060,100,99950,100,100086,100,99944,100,100094,100,99924,100,100095,100,99922,100,100125,200,99919,100,100160,100,99903,100
2019-06-28 09:30:00.000000039,100031,100,100012,100,100042,100,100006,100,100043,100,99991,100,100053,100,99958,100,100060,100,99950,100,100086,100,99944,100,100094,100,99924,100,100095,100,99922,100,100125,200,99919,100,100160,100,99903,100
2019-06-28 09:30:00.000000040,100031,100,100012,100,100042,100,100006,100,100043,100,99992,100,100053,100,99991,100,100060,100,99958,100,100086,100,99950,100,100094,100,99944,100,100095,100,99924,100,100125,200,99922,100,100160,100,99919,100
2019-06-28 09:30:00.000000041,100031,100,100012,100,100042,100,100006,100,100043,100,99992,100,100053,100,99991,100,100060,100,99958,100,100086,100,99950,100,100094,100,99944,100,100095,100,99924,100,100125,200,99922,100,100160,100,99919,100
2019-06-28 09:30:00.000000053,100031,100,100012,100,100042,100,100006,100,100043,100,99992,100,100053,100,99991,100,100060,100,99958,100,100086,100,99950,100,100094,100,99944,100,100095,100,99924,100,100125,200,99922,100,100160,100,99919,100
2019-06-28 09:30:00.000000054,100031,100,100012,100,100042,100,100006,100,100043,100,99992,100,100053,100,99991,100,100060,100,99958,100,100086,100,99954,100,100094,100,99950,100,100095,100,99944,100,100125,200,99924,100,100160,100,99922,100
2019-06-28 09:30:00.000000055,100031,100,100006,100,100042,100,99992,100,100043,100,99991,100,100053,100,99958,100,100060,100,99954,100,100086,100,99950,100,100094,100,99944,100,100095,100,99924,100,100125,200,99922,100,100160,100,99919,100
2019-06-28 09:30:00.000000058,100031,100,100006,100,100042,100,99992,100,100043,100,99991,100,100049,100,99958,100,100053,100,99954,100,100060,100,99950,100,100086,100,99944,100,100094,100,99924,100,100095,100,99922,100,100125,200,99919,100
2019-06-28 09:30:00.000000059,100031,100,100006,100,100035,100,99992,100,100042,100,99991,100,100043,100,99958,100,100049,100,99957,100,100053,100,99954,100,100060,100,99950,100,100072,100,99944,100,100086,100,99924,100,100094,100,99922,100
2019-06-28 09:30:00.000000061,100031,100,100006,100,100035,100,99992,100,100042,100,99991,100,100043,100,99958,100,100049,100,99957,100,100052,100,99954,100,100053,100,99950,100,100060,100,99944,100,100072,100,99924,100,100086,100,99922,100
2019-06-28 09:30:00.000000064,100030,100,100006,100,100031,100,99992,100,100035,100,99991,100,100042,100,99958,100,100043,100,99957,100,100049,100,99954,100,100052,100,99950,100,100053,100,99944,100,100060,100,99924,100,100072,100,99922,100
2019-06-28 09:30:00.000000070,100030,100,100019,100,100031,100,100006,100,100035,100,99992,100,100042,100,99991,100,100043,100,99958,100,100049,100,99957,100,100052,100,99954,100,100053,100,99950,100,100060,100,99944,100,100072,100,99924,100
2019-06-28 09:30:00.000000071,100030,100,100019,100,100031,100,100006,100,100035,100,99992,100,100042,100,99991,100,100043,100,99958,100,100049,100,99957,100,100052,100,99954,100,100053,100,99950,100,100060,100,99944,100,100072,100,99924,100
2019-06-28 09:30:00.000000074,100030,300,100019,100,100031,100,100006,100,100035,100,99992,100,100042,100,99991,100,100043,100,99958,100,100049,100,99957,100,100052,100,99954,100,100053,100,99950,100,100060,100,99944,100,100072,100,99924,100
2019-06-28 09:30:00.000000075,100030,400,100019,100,100031,100,100006,100,100035,100,99992,100,100042,100,99991,100,100043,100,99958,100,100049,100,99957,100,100052,100,99954,100,100053,100,99950,100,100060,100,99944,100,100072,100,99924,100
2019-06-28 09:30:00.000000078,100030,400,100019,100,100031,100,100006,100,100035,100,99992,100,100042,100,99991,100,100043,100,99958,100,100049,100,99957,100,100052,100,99954,100,100053,100,99950,100,100060,100,99946,100,100072,100,99944,100
2019-06-28 09:30:00.000000079,100030,400,100019,100,100031,100,100006,100,100035,100,99992,100,100042,100,99991,100,100043,100,99986,100,100049,100,99958,100,100052,100,99957,100,100053,100,99954,100,100059,100,99950,100,100060,100,99946,100
2019-06-28 09:30:00.000000081,100030,400,100019,100,100031,100,100006,100,100035,100,99992,100,100042,100,99991,100,100043,100,99986,100,100049,100,99958,100,100052,100,99957,100,100053,100,99954,100,100059,100,99950,100,100060,100,99946,100
2019-06-28 09:30:00.000000083,100030,500,100019,100,100031,100,100006,100,100035,100,99992,100,100042,100,99991,100,100043,100,99986,100,100049,100,99958,100,100052,100,99957,100,100053,100,99954,100,100059,100,99950,100,100060,100,99946,100
2019-06-28 09:30:00.000000084,100030,500,100019,100,100031,100,100006,100,100035,100,99992,100,100042,100,99991,100,100043,100,99986,100,100049,100,99958,100,100052,100,99957,100,100053,200,99954,100,100059,100,99950,100,100060,100,99946,100
2019-06-28 09:30:00.000000087,100030,600,100019,100,100031,100,100006,100,100035,100,99992,100,100042,100,99991,100,100043,100,99986,100,100049,100,99958,100,100052,100,99957,100,100053,200,99954,100,100059,100,99950,100,100060,100,99946,100
2019-06-28 09:30:00.000000088,100030,600,100019,100,100031,100,100006,100,100035,100,99992,100,100042,100,99991,100,100043,100,99986,100,100049,100,99958,100,100052,100,99957,100,100053,200,99954,100,100059,100,99950,100,100060,100,99946,100
2019-06-28 09:30:00.000000090,100030,700,100019,100,100031,100,100006,100,100035,100,99992,100,100042,100,99991,100,100043,100,99986,100,100049,100,99958,100,100052,100,99957,100,100053,200,99954,100,100059,100,99950,100,100060,100,99946,100
2019-06-28 09:30:00.000000094,100030,700,100025,100,100031,100,100019,100,100035,100,100006,100,100042,100,99992,100,100043,100,99991,100,100049,100,99986,100,100052,100,99958,100,100053,200,99957,100,100059,100,99954,100,100060,100,99950,100
2019-06-28 09:30:00.000000095,100030,700,100025,100,100031,100,100019,100,100035,100,100006,100,100042,100,99992,100,100043,100,99991,100,100049,100,99986,100,100052,100,99958,100,100053,200,99957,100,100059,100,99954,100,100060,100,99950,100
2019-06-28 09:30:00.000000096,100030,700,100025,100,100031,100,100019,100,100035,100,100006,100,100042,100,99992,100,100043,100,99991,100,100049,100,99986,100,100052,100,99958,100,100053,200,99957,100,100059,100,99954,100,100060,100,99950,100
2019-06-28 09:30:00.000000099,100030,800,100025,100,100031,100,100019,100,100035,100,100006,100,100042,100,99992,100,100043,100,99991,100,100049,100,99986,100,100052,100,99958,100,100053,200,99957,100,100059,100,99954,100,100060,100,99950,100
2019-06-28 09:30:10.000000000,100030,1217,100025,517,100031,100,100019,100,100035,100,100006,100,100042,100,99992,100,100043,100,99991,100,100049,100,99986,100,100052,100,99958,100,100053,200,99957,100,100059,100,99954,100,100060,100,99950,100
2019-06-28 09:30:15.119305846,100030,1117,100025,517,100031,100,100019,100,100035,100,100006,100,100042,100,99992,100,100043,100,99991,100,100049,100,99986,100,100052,100,99958,100,100053,200,99957,100,100059,100,99954,100,100060,100,99950,100
2019-06-28 09:30:20.000000000,100030,783,100025,183,100031,183,100019,183,100035,183,100006,183,100042,183,99992,183,100043,183,99991,183,100049,100,99986,100,100052,100,99958,100,100053,200,99957,100,100059,100,99954,100,100060,100,99950,100
2019-06-28 09:30:30.000000000,100030,1117,100025,517,100031,100,100019,100,100035,100,100006,100,100042,100,99992,100,100043,100,99991,100,100049,100,99986,100,100052,100,99958,100,100053,200,99957,100,100059,100,99954,100,100060,100,99950,100
2019-06-28 09:30:31.226465641,100030,1017,100025,517,100031,100,100019,100,100035,100,100006,100,100042,100,99992,100,100043,100,99991,100,100049,100,99986,100,100052,100,99958,100,100053,200,99957,100,100059,100,99954,100,100060,100,99950,100
2019-06-28 09:30:40.000000000,100030,742,100025,242,100031,238,100019,238,100035,238,100006,238,100042,100,99992,100,100043,100,99991,100,100049,100,99986,100,100052,100,99958,100,100053,200,99957,100,100059,100,99954,100,100060,100,99950,100
2019-06-28 09:30:50.000000000,100030,1017,100025,517,100031,100,100019,100,100035,100,100006,100,100042,100,99992,100,100043,100,99991,100,100049,100,99986,100,100052,100,99958,100,100053,200,99957,100,100059,100,99954,100,100060,100,99950,100
2019-06-28 09:31:00.000000000,100030,704,100025,204,100031,204,100019,204,100035,204,100006,204,100042,204,99992,204,100043,100,99991,100,100049,100,99986,100,100052,100,99958,100,100053,200,99957,100,100059,100,99954,100,100060,100,99950,100
2019-06-28 09:31:10.000000000,100030,683,100025,183,100031,183,100019,183,100035,183,100006,183,100042,183,99992,183,100043,183,99991,183,100049,100,99986,100,100052,100,99958,100,100053,200,99957,100,100059,100,99954,100,100060,100,99950,100
2019-06-28 09:31:20.000000000,100030,704,100025,204,100031,204,100019,204,100035,204,100006,204,100042,204,99992,204,100043,100,99991,100,100049,100,99986,100,100052,100,99958,100,100053,200,99957,100,100059,100,99954,100,100060,100,99950,100
2019-06-28 09:31:30.000000000,100030,704,100025,204,100031,204,100019,204,100035,204,100006,204,100042,204,99992,204,100043,100,99991,100,100049,100,99986,100,100052,100,99958,100,100053,200,99957,100,100059,100,99954,100,100060,100,99950,100
2019-06-28 09:31:32.866038747,100030,704,100025,204,100031,204,100019,204,100035,204,100006,204,100042,204,99992,204,100043,100,99991,100,100049,100,99986,100,100052,100,99958,100,100053,200,99957,100,100059,100,99954,100,100060,100,99950,100
2019-06-28 09:31:40.000000000,100030,683,100025,183,100031,183,100019,183,100035,183,100006,183,100042,183,99992,183,100043,183,99991,183,100049,100,99986,100,100052,100,99958,100,100053,200,99957,100,100059,100,99954,100,100060,100,99950,100
2019-06-28 09:31:50.000000000,100030,704,100025,204,100031,204,100019,204,100035,204,100006,204,100042,204,99992,204,100043,100,99991,100,100049,100,99986,100,100052,100,99958,100,100053,200,99957,100,100059,100,99954,100,100060,100,99950,100
2019-06-28 09:31:55.868506462,100030,704,100025,204,100031,204,100019,204,100035,204,100006,204,100042,204,99992,204,100043,100,99991,100,100049,100,99986,100,100052,100,99958,100,100053,200,99957,100,100059,100,99954,100,100060,100,99950,100
2019-06-28 09:32:00.000000000,100030,704,100025,204,100031,204,100019,204,100035,204,100006,204,100042,204,99992,204,100043,100,99991,100,100049,100,99986,100,100052,100,99958,100,100053,200,99957,100,100059,100,99954,100,100060,100,99950,100
2019-06-28 09:32:08.089174876,100030,604,100025,204,100031,204,100019,204,100035,204,100006,204,100042,204,99992,204,100043,100,99991,100,100049,100,99958,100,100052,100,99957,100,100053,200,99954,100,100059,100,99950,100,100060,100,99946,100
2019-06-28 09:32:10.000000000,100030,604,100025,204,100031,204,100019,204,100035,204,100006,204,100042,204,99992,204,100043,100,99991,100,100049,100,99958,100,100052,100,99957,100,100053,200,99954,100,100059,100,99950,100,100060,100,99946,100
2019-06-28 09:32:10.981881542,100030,504,100025,204,100031,204,100019,204,100035,204,100006,204,100042,204,99992,204,100043,100,99991,100,100049,100,99958,100,100053,200,99957,100,100059,100,99954,100,100060,100,99950,100,100065,100,99946,100
2019-06-28 09:32:20.000000000,100030,483,100025,183,100031,183,100019,183,100035,183,100006,183,100042,183,99992,183,100043,183,99991,183,100049,100,99958,100,100053,200,99957,100,100059,100,99954,100,100060,100,99950,100,100065,100,99946,100
2019-06-28 09:32:21.093467998,100030,483,100025,183,100031,183,100019,183,100035,183,100006,183,100042,183,99992,183,100043,183,99991,183,100049,100,99958,100,100053,200,99957,100,100059,100,99950,100,100060,100,99946,100,100065,100,99944,100
2019-06-28 09:32:30.000000000,100030,483,100025,183,100031,183,100019,183,100035,183,100006,183,100042,183,99992,183,100043,183,99991,183,100049,100,99958,100,100053,200,99957,100,100059,100,99950,100,100060,100,99946,100,100065,100,99944,100
2019-06-28 09:32:31.604372287,100030,483,100025,183,100031,183,100019,183,100035,183,100006,183,100042,183,99992,183,100043,183,99991,183,100049,100,99958,100,100053,200,99957,100,100059,100,99950,100,100060,100,99946,100,100065,100,99944,100
2019-06-28 09:32:35.699565503,100030,383,100025,183,100031,183,100019,183,100035,183,100006,183,100042,183,99992,183,100043,183,99991,183,100049,100,99958,100,100053,200,99957,100,100059,100,99950,100,100060,100,99946,100,100065,100,99944,100
2019-06-28 09:32:37.711925563,100030,283,100025,183,100031,183,100019,183,100035,183,100006,183,100042,183,99992,183,100043,183,99991,183,100049,100,99958,100,100053,200,99957,100,100059,100,99950,100,100060,100,99946,100,100065,100,99944,100
2019-06-28 09:32:40.000000000,100030,304,100025,204,100031,204,100019,204,100035,204,100006,204,100042,204,99992,204,100043,100,99991,100,100049,100,99958,100,100053,200,99957,100,100059,100,99950,100,100060,100,99946,100,100065,100,99944,100
2019-06-28 09:32:49.268417872,100030,304,100025,204,100031,204,100019,204,100035,204,100006,204,100042,204,99992,204,100043,100,99958,100,100049,100,99957,100,100053,200,99950,100,100059,100,99946,100,100060,100,99944,100,100065,100,99926,100
2019-06-28 09:32:50.000000000,100030,304,100025,204,100031,204,100019,204,100035,204,100006,204,100042,204,99992,204,100043,100,99958,100,100049,100,99957,100,100053,200,99950,100,100059,100,99946,100,100060,100,99944,100,100065,100,99926,100
2019-06-28 09:33:00.000000000,100030,304,100025,204,100031,204,100019,204,100035,204,100006,204,100042,204,99992,204,100043,100,99958,100,100049,100,99957,100,100053,200,99950,100,100059,100,99946,100,100060,100,99944,100,100065,100,99926,100
2019-06-28 09:33:10.000000000,100030,617,100025,517,100031,100,100019,100,100035,100,100006,100,100042,100,99992,100,100043,100,99958,100,100049,100,99957,100,100053,200,99950,100,100059,100,99946,100,100060,100,99944,100,100065,100,99926,100
2019-06-28 09:33:20.000000000,100030,304,100025,204,100031,204,100019,204,100035,204,100006,204,100042,204,99992,204,100043,100,99958,100,100049,100,99957,100,100053,200,99950,100,100059,100,99946,100,100060,100,99944,100,100065,100,99926,100
2019-06-28 09:33:30.000000000,100030,304,100025,204,100031,204,100019,204,100035,204,100006,204,100042,204,99992,204,100043,100,99958,100,100049,100,99957,100,100053,200,99950,100,100059,100,99946,100,100060,100,99944,100,100065,100,99926,100
2019-06-28 09:33:40.000000000,100030,304,100025,204,100031,204,100019,204,100035,204,100006,204,100042,204,99992,204,100043,100,99958,100,100049,100,99957,100,100053,200,99950,100,100059,100,99946,100,100060,100,99944,100,100065,100,99926,100
2019-06-28 09:33:50.000000000,100030,342,100025,242,100031,238,100019,238,100035,238,100006,238,100042,100,99992,100,100043,100,99958,100,100049,100,99957,100,100053,200,99950,100,100059,100,99946,100,100060,100,99944,100,100065,100,99926,100
2019-06-28 09:34:00.000000000,100030,283,100025,183,100031,183,100019,183,100035,183,100006,183,100042,183,99992,183,100043,183,99958,183,100049,100,99957,100,100053,200,99950,100,100059,100,99946,100,100060,100,99944,100,100065,100,99926,100
2019-06-28 09:34:08.509748749,100030,283,100025,183,100031,183,100019,183,100035,183,100006,83,100042,183,99992,183,100043,183,99958,183,100049,100,99957,100,100053,200,99950,100,100059,100,99946,100,100060,100,99944,100,100065,100,99926,100
2019-06-28 09:34:10.000000000,100030,304,100025,204,100031,204,100019,204,100035,204,99992,204,100042,204,99958,204,100043,100,99957,100,100049,100,99950,100,100053,200,99946,100,100059,100,99944,100,100060,100,99926,100,100065,100,99924,100
2019-06-28 09:34:14.651346272,100030,204,100025,204,100031,204,100019,204,100035,204,99992,204,100042,204,99958,204,100043,100,99957,100,100049,100,99950,100,100053,200,99946,100,100059,100,99944,100,100060,100,99926,100,100065,100,99924,100
2019-06-28 09:34:14.662648723,100030,104,100025,204,100031,204,100019,204,100035,204,99992,204,100042,204,99958,204,100043,100,99957,100,100049,100,99950,100,100053,200,99946,100,100059,100,99944,100,100060,100,99926,100,100065,100,99924,100
2019-06-28 09:34:15.304316971,100030,4,100025,204,100031,204,100019,204,100035,204,99992,204,100042,204,99958,204,100043,100,99957,100,100049,100,99950,100,100053,200,99946,100,100059,100,99944,100,100060,100,99926,100,100065,100,99924,100
2019-06-28 09:34:20.000000000,100031,204,100025,204,100035,204,100019,204,100042,204,99992,204,100043,204,99958,204,100049,100,99957,100,100053,200,99950,100,100059,100,99946,100,100060,100,99944,100,100065,100,99926,100,100072,100,99924,100
2019-06-28 09:34:26.617061131,100031,104,100025,204,100035,204,100019,204,100042,204,99992,204,100043,204,99958,204,100049,100,99957,100,100053,200,99950,100,100059,100,99946,100,100060,100,99944,100,100065,100,99926,100,100072,100,99924,100
2019-06-28 09:34:30.000000000,100035,204,100025,204,100042,204,100019,204,100043,204,99992,204,100049,204,99958,204,100053,200,99957,100,100059,100,99950,100,100060,100,99946,100,100065,100,99944,100,100072,100,99926,100,100077,100,99924,100
2019-06-28 09:34:40.000000000,100035,204,100025,204,100042,204,100019,204,100043,204,99992,204,100049,204,99958,204,100053,200,99957,100,100059,100,99950,100,100060,100,99946,100,100065,100,99944,100,100072,100,99926,100,100077,100,99924,100
2019-06-28 09:34:44.903469250,100035,204,100025,204,100042,204,100019,204,100043,204,99992,204,100049,204,99958,204,100053,200,99957,100,100059,100,99950,100,100060,100,99946,100,100065,100,99944,100,100072,100,99926,100,100077,100,99924,100
2019-06-28 09:34:50.000000000,100035,183,100025,183,100042,183,100019,183,100043,183,99992,183,100049,183,99958,183,100053,283,99957,183,100059,100,99950,100,100060,100,99946,100,100065,100,99944,100,100072,100,99926,100,100077,100,99924,100
2019-06-28 09:35:00.000000000,100035,308,100025,308,100042,308,100019,308,100043,100,99992,100,100049,100,99958,100,100053,200,99957,100,100059,100,99950,100,100060,100,99946,100,100065,100,99944,100,100072,100,99926,100,100077,100,99924,100
2019-06-28 09:35:10.000000000,100035,242,100025,242,100042,238,100019,238,100043,238,99992,238,100049,100,99958,100,100053,200,99957,100,100059,100,99950,100,100060,100,99946,100,100065,100,99944,100,100072,100,99926,100,100077,100,99924,100
2019-06-28 09:35:20.000000000,100035,183,100025,183,100042,183,100019,183,100043,183,99992,183,100049,183,99958,183,100053,283,99957,183,100059,100,99950,100,100060,100,99946,100,100065,100,99944,100,100072,100,99926,100,100077,100,99924,100
2019-06-28 09:35:21.111219189,100035,183,100025,83,100042,183,100019,183,100043,183,99992,183,100049,183,99958,183,100053,283,99957,183,100059,100,99950,100,100060,100,99946,100,100065,100,99944,100,100072,100,99926,100,100077,100,99924,100
2019-06-28 09:35:30.000000000,100035,308,100019,308,100042,308,99992,308,100043,100,99958,100,100049,100,99957,100,100053,200,99950,100,100059,100,99946,100,100060,100,99944,100,100065,100,99926,100,100072,100,99924,100,100077,100,99919,100
2019-06-28 09:35:40.000000000,100035,242,100019,242,100042,238,99992,238,100043,238,99958,238,100049,100,99957,100,100053,200,99950,100,100059,100,99946,100,100060,100,99944,100,100065,100,99926,100,100072,100,99924,100,100077,100,99919,100
2019-06-28 09:35:50.000000000,100035,183,100019,183,100042,183,99992,183,100043,183,99958,183,100049,183,99957,183,100053,283,99950,183,100059,100,99946,100,100060,100,99944,100,100065,100,99926,100,100072,100,99924,100,100077,100,99919,100
2019-06-28 09:36:00.000000000,100035,204,100019,204,100042,204,99992,204,100043,204,99958,204,100049,204,99957,204,100053,200,99950,100,100059,100,99946,100,100060,100,99944,100,100065,100,99926,100,100072,100,99924,100,100077,100,99919,100
2019-06-28 09:36:10.000000000,100035,517,100019,517,100042,100,99992,100,100043,100,99958,100,100049,100,99957,100,100053,200,99950,100,100059,100,99946,100,100060,100,99944,100,100065,100,99926,100,100072,100,99924,100,100077,100,99919,100
2019-06-28 09:36:20.000000000,100035,204,100019,204,100042,204,99992,204,100043,204,99958,204,100049,204,99957,204,100053,200,99950,100,100059,100,99946,100,100060,100,99944,100,100065,100,99926,100,100072,100,99924,100,100077,100,99919,100
2019-06-28 09:36:20.507116430,100030,100,100019,204,100035,204,99992,204,100042,204,99958,204,100043,204,99957,204,100049,204,99950,100,100053,200,99946,100,100059,100,99944,100,100060,100,99926,100,100065,100,99924,100,100072,100,99919,100
2019-06-28 09:36:20.888574472,100030,100,100019,204,100035,204,99992,204,100042,204,99958,204,100043,204,99957,204,100049,204,99950,100,100053,200,99946,100,100059,100,99944,100,100060,100,99926,100,100065,100,99924,100,100072,100,99919,100
2019-06-28 09:36:30.000000000,100030,308,100019,308,100035,308,99992,308,100042,100,99958,100,100043,100,99957,100,100049,100,99950,100,100053,200,99946,100,100059,100,99944,100,100060,100,99926,100,100065,100,99924,100,100072,100,99919,100
2019-06-28 09:36:38.043039040,100030,308,100019,208,100035,308,99992,308,100042,100,99958,100,100043,100,99957,100,100049,100,99950,100,100053,200,99946,100,100059,100,99944,100,100060,100,99926,100,100065,100,99924,100,100072,100,99919,100
2019-06-28 09:36:40.000000000,100030,517,99992,517,100035,100,99958,100,100042,100,99957,100,100043,100,99950,100,100049,100,99946,100,100053,200,99944,100,100059,100,99926,100,100060,100,99924,100,100065,100,99919,100,100072,100,99905,100
2019-06-28 09:36:50.000000000,100030,308,99992,308,100035,308,99958,308,100042,100,99957,100,100043,100,99950,100,100049,100,99946,100,100053,200,99944,100,100059,100,99926,100,100060,100,99924,100,100065,100,99919,100,100072,100,99905,100
2019-06-28 09:36:55.568500843,100030,308,99992,308,100035,308,99958,308,100042,100,99957,100,100043,100,99950,100,100049,100,99946,100,100053,200,99944,100,100059,100,99926,100,100060,100,99924,100,100065,100,99919,100,100072,100,99905,100
2019-06-28 09:37:00.000000000,100030,242,99992,242,100035,238,99958,238,100042,238,99957,238,100043,100,99950,100,100049,100,99946,100,100053,200,99944,100,100059,100,99926,100,100060,100,99924,100,100065,100,99919,100,100072,100,99905,100
2019-06-28 09:37:00.076074485,100030,242,99992,142,100035,138,99958,238,100042,238,99957,238,100043,100,99950,100,100049,100,99946,100,100053,200,99944,100,100059,100,99926,100,100060,100,99924,100,100065,100,99919,100,100072,100,99905,100
2019-06-28 09:37:10.000000000,100030,242,99958,242,100042,238,99957,238,100043,238,99950,238,100049,100,99946,100,100053,200,99944,100,100059,100,99926,100,100060,100,99924,100,100065,100,99919,100,100072,100,99905,100,100077,100,99883,100
2019-06-28 09:37:19.793263904,100030,242,99958,142,100042,238,99957,238,100043,238,99950,238,100049,100,99946,100,100053,200,99944,100,100059,100,99926,100,100060,100,99924,100,100065,100,99919,100,100072,100,99905,100,100077,100,99883,100
2019-06-28 09:37:20.000000000,100030,308,99957,308,100042,308,99950,308,100043,100,99946,100,100049,100,99944,100,100053,200,99926,100,100059,100,99924,100,100060,100,99919,100,100065,100,99905,100,100072,100,99883,100,100077,100,99875,100
2019-06-28 09:37:26.210542661,100030,308,99957,308,100042,308,99950,308,100043,100,99946,100,100049,100,99944,100,100053,200,99926,100,100059,100,99924,100,100060,100,99919,100,100065,100,99905,100,100072,100,99883,100,100077,100,99875,100
2019-06-28 09:37:30.000000000,100030,204,99957,204,100042,204,99950,204,100043,204,99946,204,100049,204,99944,204,100053,200,99926,100,100059,100,99924,100,100060,100,99919,100,100065,100,99905,100,100072,100,99883,100,100077,100,99875,100
2019-06-28 09:37:33.196358207,99992,100,99957,204,100030,204,99950,204,100042,204,99946,204,100043,204,99944,204,100049,204,99926,100,100053,200,99924,100,100059,100,99919,100,100060,100,99905,100,100065,100,99883,100,100072,100,99875,100
2019-06-28 09:37:37.132981843,99992,100,99957,104,100030,204,99950,204,100042,204,99946,204,100043,204,99944,204,100049,204,99926,100,100053,200,99924,100,100059,100,99919,100,100060,100,99905,100,100065,100,99883,100,100072,100,99875,100
2019-06-28 09:37:40.000000000,99992,204,99950,204,100030,204,99946,204,100042,204,99944,204,100043,204,99926,204,100049,100,99924,100,100053,200,99919,100,100059,100,99905,100,100060,100,99883,100,100065,100,99875,100,100072,100,99838,100
2019-06-28 09:37:50.000000000,99992,517,99950,517,100030,100,99946,100,100042,100,99944,100,100043,100,99926,100,100049,100,99924,100,100053,200,99919,100,100059,100,99905,100,100060,100,99883,100,100065,100,99875,100,100072,100,99838,100
2019-06-28 09:38:00.000000000,99992,204,99950,204,100030,204,99946,204,100042,204,99944,204,100043,204,99926,204,100049,100,99924,100,100053,200,99919,100,100059,100,99905,100,100060,100,99883,100,100065,100,99875,100,100072,100,99838,100
2019-06-28 09:38:02.851572006,99992,204,99950,104,100030,204,99946,204,100042,204,99944,204,100043,204,99926,204,100049,100,99924,100,100053,200,99919,100,100059,100,99905,100,100060,100,99883,100,100065,100,99875,100,100072,100,99838,100
2019-06-28 09:38:03.353030225,99957,100,99950,104,99992,204,99946,204,100030,204,99944,204,100042,204,99926,204,100043,204,99924,100,100049,100,99919,100,100053,200,99905,100,100059,100,99883,100,100060,100,99875,100,100065,100,99838,100
2019-06-28 09:38:03.484193686,99957,100,99950,104,99992,204,99946,204,100030,204,99944,204,100042,204,99926,204,100043,204,99924,100,100049,100,99919,100,100053,200,99905,100,100059,100,99883,100,100060,100,99875,100,100065,100,99838,100
2019-06-28 09:38:08.032027280,99957,100,99950,4,99992,204,99946,204,100030,204,99944,204,100042,204,99926,204,100043,204,99924,100,100049,100,99919,100,100053,200,99905,100,100059,100,99883,100,100060,100,99875,100,100072,100,99838,100
2019-06-28 09:38:10.000000000,99957,183,99946,183,99992,183,99944,183,100030,183,99926,183,100042,183,99924,183,100043,183,99919,183,100049,100,99905,100,100053,200,99883,100,100059,100,99875,100,100060,100,99838,100,100072,100,99832,100
2019-06-28 09:38:13.418925509,99957,183,99946,83,99992,183,99944,183,100030,183,99926,183,100042,183,99924,183,100043,183,99919,183,100053,200,99905,100,100059,100,99883,100,100060,100,99875,100,100072,100,99838,100,100077,100,99832,100
2019-06-28 09:38:15.873710658,99946,17,99944,183,99957,183,99926,183,99992,183,99924,183,100030,183,99919,183,100042,183,99905,100,100043,183,99875,100,100053,200,99838,100,100059,100,99832,100,100060,100,99790,100,100072,100,99473,100
2019-06-28 09:38:20.000000000,99946,121,99944,204,99957,204,99926,204,99992,204,99924,204,100030,204,99919,204,100042,100,99905,100,100043,100,99875,100,100053,200,99838,100,100059,100,99832,100,100060,100,99790,100,100072,100,99473,100
2019-06-28 09:38:30.000000000,99946,100,99944,183,99957,183,99926,183,99992,183,99924,183,100030,183,99919,183,100042,183,99905,183,100043,100,99875,100,100053,200,99838,100,100059,100,99832,100,100060,100,99790,100,100072,100,99473,100
2019-06-28 09:38:40.000000000,99946,121,99944,204,99957,204,99926,204,99992,204,99924,204,100030,204,99919,204,100042,100,99905,100,100043,100,99875,100,100053,200,99838,100,100059,100,99832,100,100060,100,99790,100,100072,100,99473,100
2019-06-28 09:38:50.000000000,99946,225,99944,308,99957,308,99926,308,99992,100,99924,100,100030,100,99919,100,100042,100,99905,100,100043,100,99875,100,100053,200,99838,100,100059,100,99832,100,100060,100,99790,100,100072,100,99473,100
2019-06-28 09:39:00.000000000,99946,159,99944,242,99957,238,99926,238,99992,238,99924,238,100030,100,99919,100,100042,100,99905,100,100043,100,99875,100,100053,200,99838,100,100059,100,99832,100,100060,100,99790,100,100072,100,99473,100
2019-06-28 09:39:10.000000000,99946,100,99944,183,99957,183,99926,183,99992,183,99924,183,100030,183,99919,183,100042,183,99905,183,100043,100,99875,100,100053,200,99838,100,100059,100,99832,100,100060,100,99790,100,100072,100,99473,100
2019-06-28 09:39:20.000000000,99946,225,99944,308,99957,308,99926,308,99992,100,99924,100,100030,100,99919,100,100042,100,99905,100,100043,100,99875,100,100053,200,99838,100,100059,100,99832,100,100060,100,99790,100,100072,100,99473,100
2019-06-28 09:39:30.000000000,99946,225,99944,308,99957,308,99926,308,99992,100,99924,100,100030,100,99919,100,100042,100,99905,100,100043,100,99875,100,100053,200,99838,100,100059,100,99832,100,100060,100,99790,100,100072,100,99473,100
2019-06-28 09:39:39.119914244,99946,225,99944,208,99957,308,99926,308,99992,100,99924,100,100030,100,99919,100,100042,100,99905,100,100043,100,99875,100,100053,200,99838,100,100059,100,99832,100,100060,100,99790,100,100072,100,99473,100
2019-06-28 09:39:40.000000000,99946,159,99926,242,99957,238,99924,238,99992,238,99919,238,100030,100,99905,100,100042,100,99875,100,100043,100,99838,100,100053,200,99832,100,100059,100,99790,100,100060,100,99473,100,100072,100,99041,100
2019-06-28 09:39:50.000000000,99946,100,99926,183,99957,183,99924,183,99992,183,99919,183,100030,183,99905,183,100042,183,99875,183,100043,100,99838,100,100053,200,99832,100,100059,100,99790,100,100060,100,99473,100,100072,100,99041,100
2019-06-28 09:39:52.998834123,99946,100,99926,83,99957,183,99924,183,99992,183,99919,183,100030,183,99905,183,100042,183,99875,183,100043,100,99838,100,100053,200,99832,100,100059,100,99790,100,100060,100,99473,100,100072,100,99041,100
2019-06-28 09:39:54.133148214,99946,100,99926,83,99957,183,99924,183,99992,183,99919,183,100030,183,99905,183,100042,183,99875,183,100043,100,99838,100,100053,200,99832,100,100059,100,99790,100,100060,100,99473,100,100072,100,99420,100
2019-06-28 09:40:00.000000000,99946,225,99924,308,99957,308,99919,308,99992,100,99905,100,100030,100,99875,100,100042,100,99838,100,100043,100,99832,100,100053,200,99790,100,100059,100,99473,100,100060,100,99420,100,100072,100,99041,100
2019-06-28 09:40:06.191457522,99946,225,99924,208,99957,308,99919,308,99992,100,99905,100,100030,100,99875,100,100042,100,99838,100,100043,100,99832,100,100053,200,99790,100,100059,100,99473,100,100060,100,99420,100,100072,100,99041,100
2019-06-28 09:40:10.000000000,99946,434,99919,517,99957,100,99905,100,99992,100,99875,100,100030,100,99838,100,100042,100,99832,100,100043,100,99790,100,100053,200,99473,100,100059,100,99420,100,100060,100,99041,100,100072,100,,
2019-06-28 09:40:14.209929785,99946,434,99919,517,99957,100,99905,100,99992,100,99875,100,100030,100,99838,100,100042,100,99832,100,100043,100,99790,100,100053,200,99473,100,100059,100,99420,100,100060,100,99041,100,100072,100,,
2019-06-28 09:40:20.000000000,99946,100,99919,183,99957,183,99905,183,99992,183,99875,183,100030,183,99838,183,100042,183,99832,183,100043,100,99790,100,100053,200,99473,100,100059,100,99420,100,100060,100,99041,100,100072,100,,
2019-06-28 09:40:20.715454830,99946,100,99919,83,99957,183,99905,183,99992,183,99875,183,100030,183,99838,183,100042,183,99832,83,100043,100,99790,100,100053,200,99473,100,100059,100,99420,100,100060,100,99041,100,100072,100,,
2019-06-28 09:40:30.000000000,99946,159,99905,242,99957,238,99875,238,99992,238,99838,238,100030,100,99790,100,100042,100,99473,100,100043,100,99420,100,100053,200,99041,100,100059,100,,,100060,100,,,100072,100,,
2019-06-28 09:40:40.000000000,99946,159,99905,242,99957,238,99875,238,99992,238,99838,238,100030,100,99790,100,100042,100,99473,100,100043,100,99420,100,100053,200,99041,100,100059,100,,,100060,100,,,100072,100,,
2019-06-28 09:40:50.000000000,99946,121,99905,204,99957,204,99875,204,99992,204,99838,204,100030,204,99790,204,100042,100,99473,100,100043,100,99420,100,100053,200,99041,100,100059,100,,,100060,100,,,100072,100,,
2019-06-28 09:41:00.000000000,99946,225,99905,308,99957,308,99875,308,99992,100,99838,100,100030,100,99790,100,100042,100,99473,100,100043,100,99420,100,100053,200,99041,100,100059,100,,,100060,100,,,100072,100,,
2019-06-28 09:41:10.000000000,99946,159,99905,242,99957,238,99875,238,99992,238,99838,238,100030,100,99790,100,100042,100,99473,100,100043,100,99420,100,100053,200,99041,100,100059,100,,,100060,100,,,100072,100,,
2019-06-28 09:41:20.000000000,99946,159,99905,242,99957,238,99875,238,99992,238,99838,238,100030,100,99790,100,100042,100,99473,100,100043,100,99420,100,100053,200,99041,100,100059,100,,,100060,100,,,100072,100,,
2019-06-28 09:41:29.090106886,99946,159,99905,242,99957,238,99875,238,99992,238,99838,238,100030,100,99473,100,100042,100,99420,100,100043,100,99041,100,100053,200,98936,100,100059,100,,,100060,100,,,100072,100,,
2019-06-28 09:41:30.000000000,99946,434,99905,517,99957,100,99875,100,99992,100,99838,100,100030,100,99473,100,100042,100,99420,100,100043,100,99041,100,100053,200,98936,100,100059,100,,,100060,100,,,100072,100,,
2019-06-28 09:41:40.000000000,99946,100,99905,183,99957,183,99875,183,99992,183,99838,183,100030,183,99473,183,100042,183,99420,183,100043,100,99041,100,100053,200,98936,100,100059,100,,,100060,100,,,100072,100,,
2019-06-28 09:41:47.503265949,99946,100,99905,183,99957,183,99875,183,99992,183,99838,183,100030,183,99473,183,100042,183,99420,183,100043,100,99323,100,100053,200,99041,100,100059,100,98936,100,100060,100,,,100072,100,,
2019-06-28 09:41:50.000000000,99946,159,99905,242,99957,238,99875,238,99992,238,99838,238,100030,100,99473,100,100042,100,99420,100,100043,100,99323,100,100053,200,99041,100,100059,100,98936,100,100060,100,,,100072,100,,
2019-06-28 09:42:00.000000000,99946,159,99905,242,99957,238,99875,238,99992,238,99838,238,100030,100,99473,100,100042,100,99420,100,100043,100,99323,100,100053,200,99041,100,100059,100,98936,100,100060,100,,,100072,100,,
2019-06-28 09:42:10.000000000,99946,100,99905,183,99957,183,99875,183,99992,183,99838,183,100030,183,99473,183,100042,183,99420,183,100043,100,99323,100,100053,200,99041,100,100059,100,98936,100,100060,100,,,100072,100,,
2019-06-28 09:42:10.349314221,99946,100,99905,83,99957,183,99875,183,99992,183,99838,183,100030,183,99473,183,100042,183,99420,183,100043,100,99323,100,100053,200,99041,100,100059,100,98936,100,100060,100,,,100072,100,,
2019-06-28 09:42:20.000000000,99946,225,99875,308,99957,308,99838,308,99992,100,99473,100,100030,100,99420,100,100042,100,99323,100,100043,100,99041,100,100053,200,98936,100,100059,100,,,100060,100,,,100072,100,,
2019-06-28 09:42:30.000000000,99946,434,99875,517,99957,100,99838,100,99992,100,99473,100,100030,100,99420,100,100042,100,99323,100,100043,100,99041,100,100053,200,98936,100,100059,100,,,100060,100,,,100072,100,,
2019-06-28 09:42:30.988738560,99946,434,99875,417,99957,100,99838,100,99992,100,99473,100,100030,100,99420,100,100042,100,99323,100,100043,100,99041,100,100053,200,98936,100,100060,100,,,100072,100,,,100086,100,,
2019-06-28 09:42:40.000000000,99946,121,99838,204,99957,204,99473,204,99992,204,99420,204,100030,204,99323,204,100042,100,99041,100,100043,100,98936,100,100053,200,,,100060,100,,,100072,100,,,100086,100,,
2019-06-28 09:42:50.000000000,99946,121,99838,204,99957,204,99473,204,99992,204,99420,204,100030,204,99323,204,100042,100,99041,100,100043,100,98936,100,100053,200,,,100060,100,,,100072,100,,,100086,100,,
2019-06-28 09:43:00.000000000,99946,100,99838,183,99957,183,99473,183,99992,183,99420,183,100030,183,99323,183,100042,183,99041,183,100043,100,98936,100,100053,200,,,100060,100,,,100072,100,,,100086,100,,
2019-06-28 09:43:08.829543085,99946,100,99838,183,99957,183,99473,183,99992,183,99420,183,100030,183,99323,183,100042,183,99122,100,100043,100,99041,183,100053,200,98936,100,100060,100,,,100072,100,,,100086,100,,
2019-06-28 09:43:10.000000000,99946,121,99838,204,99957,204,99473,204,99992,204,99420,204,100030,204,99323,204,100042,100,99122,100,100043,100,99041,100,100053,200,98936,100,100060,100,,,100072,100,,,100086,100,,
2019-06-28 09:43:16.089678342,99946,121,99838,104,99957,204,99473,204,99992,204,99420,204,100030,204,99323,204,100042,100,99122,100,100043,100,99041,100,100053,200,98936,100,100060,100,,,100072,100,,,100086,100,,
2019-06-28 09:43:20.000000000,99946,121,99473,204,99957,204,99420,204,99992,204,99323,204,100030,204,99122,204,100042,100,99041,100,100043,100,98936,100,100053,200,,,100060,100,,,100072,100,,,100086,100,,
2019-06-28 09:43:20.481502453,99946,121,99473,104,99957,204,99420,204,99992,204,99323,204,100030,204,99122,204,100042,100,99041,100,100043,100,98936,100,100053,200,,,100060,100,,,100072,100,,,100086,100,,
2019-06-28 09:43:27.167435771,99946,121,99473,104,99957,204,99420,204,99992,204,99323,204,100030,204,99261,100,100042,100,99122,204,100043,100,99041,100,100053,200,98936,100,100060,100,,,100072,100,,,100086,100,,
2019-06-28 09:43:30.000000000,99946,121,99420,204,99957,204,99323,204,99992,204,99261,204,100030,204,99122,204,100042,100,99041,100,100043,100,98936,100,100053,200,,,100060,100,,,100072,100,,,100086,100,,
2019-06-28 09:43:34.000932712,99946,121,99420,204,99957,204,99323,204,99992,204,99261,204,100030,204,99233,100,100042,100,99122,204,100043,100,99041,100,100053,200,98936,100,100060,100,,,100072,100,,,100086,100,,
2019-06-28 09:43:39.592615164,99838,100,99420,204,99946,121,99323,204,99957,204,99261,204,99992,204,99233,100,100030,204,99122,204,100042,100,99041,100,100043,100,98936,100,100053,200,,,100060,100,,,100072,100,,
2019-06-28 09:43:40.000000000,99838,308,99420,308,99946,225,99323,308,99957,100,99261,100,99992,100,99233,100,100030,100,99122,100,100042,100,99041,100,100043,100,98936,100,100053,200,,,100060,100,,,100072,100,,
2019-06-28 09:43:50.000000000,99838,517,99420,517,99946,17,99323,100,99957,100,99261,100,99992,100,99233,100,100030,100,99122,100,100042,100,99041,100,100043,100,98936,100,100053,200,,,100060,100,,,100072,100,,
2019-06-28 09:43:59.681206063,99838,517,99420,517,99946,17,99323,100,99957,100,99261,100,99992,100,99233,100,100030,100,99122,100,100042,100,99041,100,100043,100,98936,100,100053,200,98686,100,100060,100,,,100072,100,,
2019-06-28 09:44:00.000000000,99838,308,99420,308,99946,225,99323,308,99957,100,99261,100,99992,100,99233,100,100030,100,99122,100,100042,100,99041,100,100043,100,98936,100,100053,200,98686,100,100060,100,,,100072,100,,
2019-06-28 09:44:01.639283130,99838,408,99420,308,99946,225,99323,308,99957,100,99261,100,99992,100,99233,100,100030,100,99122,100,100042,100,99041,100,100043,100,98936,100,100053,200,98686,100,100060,100,,,100072,100,,
2019-06-28 09:44:10.000000000,99838,408,99420,308,99946,225,99323,308,99957,100,99261,100,99992,100,99233,100,100030,100,99122,100,100042,100,99041,100,100043,100,98936,100,100053,200,98686,100,100060,100,,,100072,100,,
2019-06-28 09:44:20.000000000,99838,304,99420,204,99946,121,99323,204,99957,204,99261,204,99992,204,99233,204,100030,100,99122,100,100042,100,99041,100,100043,100,98936,100,100053,200,98686,100,100060,100,,,100072,100,,
2019-06-28 09:44:25.842174299,99838,304,99420,204,99946,121,99323,204,99957,204,99261,204,99992,204,99233,204,100030,100,99122,100,100042,100,98936,100,100043,100,98892,100,100053,200,98686,100,100060,100,,,100072,100,,
2019-06-28 09:44:30.000000000,99838,304,99420,204,99946,121,99323,204,99957,204,99261,204,99992,204,99233,204,100030,100,99122,100,100042,100,98936,100,100043,100,98892,100,100053,200,98686,100,100060,100,,,100072,100,,
2019-06-28 09:44:40.000000000,99838,408,99420,308,99946,225,99323,308,99957,100,99261,100,99992,100,99233,100,100030,100,99122,100,100042,100,98936,100,100043,100,98892,100,100053,200,98686,100,100060,100,,,100072,100,,
2019-06-28 09:44:50.000000000,99838,408,99420,308,99946,225,99323,308,99957,100,99261,100,99992,100,99233,100,100030,100,99122,100,100042,100,98936,100,100043,100,98892,100,100053,200,98686,100,100060,100,,,100072,100,,
2019-06-28 09:45:00.000000000,99838,617,99420,517,99946,17,99323,100,99957,100,99261,100,99992,100,99233,100,100030,100,99122,100,100042,100,98936,100,100043,100,98892,100,100053,200,98686,100,100060,100,,,100072,100,,
2019-06-28 09:45:07.088266697,99838,617,99420,417,99946,17,99323,100,99957,100,99261,100,99992,100,99233,100,100030,100,99122,100,100042,100,98936,100,100043,100,98892,100,100053,200,98686,100,100060,100,,,100072,100,,
2019-06-28 09:45:10.000000000,99838,408,99323,308,99946,225,99261,308,99957,100,99233,100,99992,100,99122,100,100030,100,98936,100,100042,100,98892,100,100043,100,98686,100,100053,200,,,100060,100,,,100072,100,,
2019-06-28 09:45:20.000000000,99838,304,99323,204,99946,121,99261,204,99957,204,99233,204,99992,204,99122,204,100030,100,98936,100,100042,100,98892,100,100043,100,98686,100,100053,200,,,100060,100,,,100072,100,,
2019-06-28 09:45:30.000000000,99838,304,99323,204,99946,121,99261,204,99957,204,99233,204,99992,204,99122,204,100030,100,98936,100,100042,100,98892,100,100043,100,98686,100,100053,200,,,100060,100,,,100072,100,,
2019-06-28 09:45:40.000000000,99838,408,99323,308,99946,225,99261,308,99957,100,99233,100,99992,100,99122,100,100030,100,98936,100,100042,100,98892,100,100043,100,98686,100,100053,200,,,100060,100,,,100072,100,,
2019-06-28 09:45:50.000000000,99838,408,99323,308,99946,225,99261,308,99957,100,99233,100,99992,100,99122,100,100030,100,98936,100,100042,100,98892,100,100043,100,98686,100,100053,200,,,100060,100,,,100072,100,,
2019-06-28 09:46:00.000000000,99838,617,99323,517,99946,17,99261,100,99957,100,99233,100,99992,100,99122,100,100030,100,98936,100,100042,100,98892,100,100043,100,98686,100,100053,200,,,100060,100,,,100072,100,,
2019-06-28 09:46:10.000000000,99838,617,99323,517,99946,17,99261,100,99957,100,99233,100,99992,100,99122,100,100030,100,98936,100,100042,100,98892,100,100043,100,98686,100,100053,200,,,100060,100,,,100072,100,,
2019-06-28 09:46:13.468289320,99473,100,99323,517,99838,617,99261,100,99946,17,99233,100,99957,100,99122,100,99992,100,98936,100,100030,100,98892,100,100042,100,98686,100,100043,100,,,100053,200,,,100060,100,,
2019-06-28 09:46:13.634446760,99473,100,99323,417,99838,617,99261,100,99946,17,99233,100,99957,100,99122,100,99992,100,98936,100,100030,100,98892,100,100042,100,98686,100,100043,100,,,100053,200,,,100060,100,,
2019-06-28 09:46:20.000000000,99473,204,99261,204,99838,304,99233,204,99946,121,99122,204,99957,204,98936,204,99992,100,98892,100,100030,100,98686,100,100042,100,,,100043,100,,,100053,200,,,100060,100,,
2019-06-28 09:46:27.186176406,99473,204,99261,204,99838,304,99233,204,99946,121,99122,204,99957,204,98936,204,99992,100,98892,100,100030,100,98686,100,100042,100,98526,100,100043,100,,,100053,200,,,100060,100,,
2019-06-28 09:46:30.000000000,99473,308,99261,308,99838,408,99233,308,99946,17,99122,100,99957,100,98936,100,99992,100,98892,100,100030,100,98686,100,100042,100,98526,100,100043,100,,,100053,200,,,100060,100,,
2019-06-28 09:46:33.423269835,99473,308,99261,308,99838,408,99233,308,99946,17,99122,100,99957,100,98936,100,99992,100,98892,100,100030,100,98686,100,100042,100,98635,100,100043,100,98526,100,100053,200,,,100060,100,,
2019-06-28 09:46:34.317128450,99473,308,99261,208,99838,408,99233,308,99946,17,99122,100,99957,100,98936,100,99992,100,98892,100,100030,100,98686,100,100042,100,98635,100,100043,100,98526,100,100053,200,,,100060,100,,
2019-06-28 09:46:40.000000000,99473,517,99233,517,99838,200,99122,100,99946,17,98936,100,99957,100,98892,100,99992,100,98686,100,100030,100,98635,100,100042,100,98526,100,100043,100,,,100053,200,,,100060,100,,
2019-06-28 09:46:50.000000000,99473,242,99233,242,99838,338,99122,238,99946,155,98936,238,99957,100,98892,100,99992,100,98686,100,100030,100,98635,100,100042,100,98526,100,100043,100,,,100053,200,,,100060,100,,
2019-06-28 09:47:00.000000000,99473,242,99233,242,99838,338,99122,238,99946,155,98936,238,99957,100,98892,100,99992,100,98686,100,100030,100,98635,100,100042,100,98526,100,100043,100,,,100053,200,,,100060,100,,
2019-06-28 09:47:00.057138863,99323,100,99233,242,99473,242,99122,238,99838,338,98936,238,99946,155,98892,100,99957,100,98686,100,99992,100,98635,100,100030,100,98526,100,100042,100,,,100043,100,,,100053,200,,
2019-06-28 09:47:10.000000000,99323,242,99233,242,99473,238,99122,238,99838,338,98936,238,99946,17,98892,100,99957,100,98686,100,99992,100,98635,100,100030,100,98526,100,100042,100,,,100043,100,,,100053,200,,
2019-06-28 09:47:13.290094173,99323,242,99233,242,99473,238,99122,238,99838,338,98936,238,99946,17,98892,100,99957,100,98731,100,99992,100,98686,100,100030,100,98526,100,100042,100,,,100043,100,,,100053,200,,
2019-06-28 09:47:15.139014207,99323,242,99233,142,99473,238,99122,138,99838,338,98936,238,99946,17,98892,100,99957,100,98731,100,99992,100,98686,100,100030,100,98526,100,100042,100,,,100043,100,,,100053,200,,
2019-06-28 09:47:20.000000000,99323,308,98936,308,99473,308,98892,308,99838,200,98731,100,99946,17,98686,100,99957,100,98526,100,99992,100,,,100030,100,,,100042,100,,,100043,100,,,100053,200,,
2019-06-28 09:47:22.859770253,99323,308,98936,308,99473,308,98892,308,99838,200,98848,100,99946,17,98731,100,99957,100,98686,100,99992,100,98526,100,100030,100,,,100042,100,,,100043,100,,,100053,200,,
2019-06-28 09:47:30.000000000,99323,204,98936,204,99473,204,98892,204,99838,304,98848,204,99946,121,98731,204,99957,100,98686,100,99992,100,98526,100,100030,100,,,100042,100,,,100043,100,,,100053,200,,
2019-06-28 09:47:40.000000000,99323,517,98936,517,99473,100,98892,100,99838,200,98848,100,99946,17,98731,100,99957,100,98686,100,99992,100,98526,100,100030,100,,,100042,100,,,100043,100,,,100053,200,,
2019-06-28 09:47:50.000000000,99323,204,98936,204,99473,204,98892,204,99838,304,98848,204,99946,121,98731,204,99957,100,98686,100,99992,100,98526,100,100030,100,,,100042,100,,,100043,100,,,100053,200,,
2019-06-28 09:48:00.000000000,99323,517,98936,517,99473,100,98892,100,99838,200,98848,100,99946,17,98731,100,99957,100,98686,100,99992,100,98526,100,100030,100,,,100042,100,,,100043,100,,,100053,200,,
2019-06-28 09:48:10.000000000,99323,183,98936,183,99473,183,98892,183,99838,283,98848,183,99946,100,98731,183,99957,183,98686,183,99992,100,98526,100,100030,100,,,100042,100,,,100043,100,,,100053,200,,
2019-06-28 09:48:18.541400098,99323,183,98936,183,99473,183,98892,183,99838,283,98854,100,99946,100,98848,183,99957,183,98731,183,99992,100,98686,183,100030,100,98526,100,100042,100,,,100043,100,,,100053,200,,
2019-06-28 09:48:20.000000000,99323,204,98936,204,99473,204,98892,204,99838,304,98854,204,99946,121,98848,204,99957,100,98731,100,99992,100,98686,100,100030,100,98526,100,100042,100,,,100043,100,,,100053,200,,
2019-06-28 09:48:30.000000000,99323,308,98936,308,99473,308,98892,308,99838,200,98854,100,99946,17,98848,100,99957,100,98731,100,99992,100,98686,100,100030,100,98526,100,100042,100,,,100043,100,,,100053,200,,
2019-06-28 09:48:32.840082671,99261,100,98936,308,99323,308,98892,308,99473,308,98854,100,99838,200,98848,100,99946,17,98731,100,99957,100,98686,100,99992,100,98526,100,100030,100,,,100042,100,,,100043,100,,
2019-06-28 09:48:36.543675069,99261,100,98936,308,99323,308,98892,308,99473,308,98854,100,99838,200,98848,100,99946,17,98731,100,99957,100,98686,100,99992,100,98526,100,100042,100,,,100043,100,,,100053,200,,
2019-06-28 09:48:40.000000000,99261,242,98936,242,99323,238,98892,238,99473,238,98854,238,99838,200,98848,100,99946,17,98731,100,99957,100,98686,100,99992,100,98526,100,100042,100,,,100043,100,,,100053,200,,
2019-06-28 09:48:46.313576196,99261,342,98936,242,99323,238,98892,238,99473,238,98854,238,99838,200,98848,100,99946,17,98731,100,99957,100,98686,100,99992,100,98526,100,100042,100,,,100043,100,,,100053,200,,
2019-06-28 09:48:49.200324446,99261,342,98981,100,99323,238,98936,242,99473,238,98892,238,99838,200,98854,238,99946,17,98848,100,99957,100,98731,100,99992,100,98686,100,100042,100,98526,100,100043,100,,,100053,200,,
2019-06-28 09:48:50.000000000,99261,342,98981,242,99323,238,98936,238,99473,238,98892,238,99838,200,98854,100,99946,17,98848,100,99957,100,98731,100,99992,100,98686,100,100042,100,98526,100,100043,100,,,100053,200,,
2019-06-28 09:49:00.000000000,99261,283,98981,183,99323,183,98936,183,99473,183,98892,183,99838,283,98854,183,99946,100,98848,183,99957,100,98731,100,99992,100,98686,100,100042,100,98526,100,100043,100,,,100053,200,,
2019-06-28 09:49:10.000000000,99261,617,98981,517,99323,100,98936,100,99473,100,98892,100,99838,200,98854,100,99946,17,98848,100,99957,100,98731,100,99992,100,98686,100,100042,100,98526,100,100043,100,,,100053,200,,
2019-06-28 09:49:19.712536807,99261,517,98981,517,99323,100,98936,100,99473,100,98892,100,99838,200,98854,100,99946,17,98848,100,99957,100,98731,100,99992,100,98686,100,100042,100,98526,100,100043,100,,,100053,200,,
2019-06-28 09:49:20.000000000,99261,517,98981,517,99323,100,98936,100,99473,100,98892,100,99838,200,98854,100,99946,17,98848,100,99957,100,98731,100,99992,100,98686,100,100042,100,98526,100,100043,100,,,100053,200,,
2019-06-28 09:49:30.000000000,99261,242,98981,242,99323,238,98936,238,99473,238,98892,238,99838,200,98854,100,99946,17,98848,100,99957,100,98731,100,99992,100,98686,100,100042,100,98526,100,100043,100,,,100053,200,,
2019-06-28 09:49:30.629086980,99261,242,98981,242,99323,238,98936,238,99400,100,98892,238,99473,238,98854,100,99838,200,98848,100,99946,17,98731,100,99957,100,98686,100,99992,100,98526,100,100042,100,,,100043,100,,
2019-06-28 09:49:40.000000000,99261,204,98981,204,99323,204,98936,204,99400,204,98892,204,99473,204,98854,204,99838,200,98848,100,99946,17,98731,100,99957,100,98686,100,99992,100,98526,100,100042,100,,,100043,100,,
2019-06-28 09:49:50.000000000,99261,242,98981,242,99323,238,98936,238,99400,238,98892,238,99473,100,98854,100,99838,200,98848,100,99946,17,98731,100,99957,100,98686,100,99992,100,98526,100,100042,100,,,100043,100,,
2019-06-28 09:50:00.000000000,99261,183,98981,183,99323,183,98936,183,99400,183,98892,183,99473,183,98854,183,99838,283,98848,183,99946,17,98731,100,99957,100,98686,100,99992,100,98526,100,100042,100,,,100043,100,,
2019-06-28 09:50:10.000000000,99261,308,98981,308,99323,308,98936,308,99400,100,98892,100,99473,100,98854,100,99838,200,98848,100,99946,17,98731,100,99957,100,98686,100,99992,100,98526,100,100042,100,,,100043,100,,
2019-06-28 09:50:13.168470997,99261,308,99234,100,99323,308,98981,308,99400,100,98936,308,99473,100,98892,100,99838,200,98854,100,99946,17,98848,100,99957,100,98731,100,99992,100,98686,100,100042,100,98526,100,100043,100,,
2019-06-28 09:50:20.000000000,99261,183,99234,183,99323,183,98981,183,99400,183,98936,183,99473,183,98892,183,99838,283,98854,183,99946,17,98848,100,99957,100,98731,100,99992,100,98686,100,100042,100,98526,100,100043,100,,
2019-06-28 09:50:22.956168705,99261,183,99234,283,99323,183,98981,183,99400,183,98936,183,99473,183,98892,183,99838,283,98854,183,99946,17,98848,100,99957,100,98731,100,99992,100,98686,100,100042,100,98526,100,100043,100,,
2019-06-28 09:50:30.000000000,99261,517,99234,617,99323,100,98981,100,99400,100,98936,100,99473,100,98892,100,99838,200,98854,100,99946,17,98848,100,99957,100,98731,100,99992,100,98686,100,100042,100,98526,100,100043,100,,
2019-06-28 09:50:40.000000000,99261,308,99234,408,99323,308,98981,308,99400,100,98936,100,99473,100,98892,100,99838,200,98854,100,99946,17,98848,100,99957,100,98731,100,99992,100,98686,100,100042,100,98526,100,100043,100,,
2019-06-28 09:50:42.953087083,99261,208,99234,408,99323,308,98981,308,99400,100,98936,100,99473,100,98892,100,99838,200,98854,100,99946,17,98848,100,99957,100,98731,100,99992,100,98686,100,100042,100,98526,100,100043,100,,
2019-06-28 09:50:50.000000000,99323,308,99234,408,99400,308,98981,308,99473,100,98936,100,99838,200,98892,100,99946,17,98854,100,99957,100,98848,100,99992,100,98731,100,100042,100,98686,100,100043,100,98526,100,100053,200,,
2019-06-28 09:50:52.739882237,99323,208,99234,408,99400,308,98981,308,99473,100,98936,100,99838,200,98892,100,99946,17,98854,100,99957,100,98848,100,99992,100,98731,100,100042,100,98686,100,100043,100,98526,100,100053,200,,
2019-06-28 09:51:00.000000000,99400,242,99234,342,99473,238,98981,238,99838,338,98936,238,99946,17,98892,100,99957,100,98854,100,99992,100,98848,100,100042,100,98731,100,100043,100,98686,100,100053,200,98526,100,100060,100,,
2019-06-28 09:51:10.000000000,99400,308,99234,408,99473,308,98981,308,99838,200,98936,100,99946,17,98892,100,99957,100,98854,100,99992,100,98848,100,100042,100,98731,100,100043,100,98686,100,100053,200,98526,100,100060,100,,
2019-06-28 09:51:14.628967492,99400,308,99261,100,99473,308,99234,408,99838,200,98981,308,99946,17,98936,100,99957,100,98892,100,99992,100,98854,100,100042,100,98848,100,100043,100,98731,100,100053,200,98686,100,100060,100,98526,100
2019-06-28 09:51:20.000000000,99400,242,99261,242,99473,238,99234,338,99838,338,98981,238,99946,17,98936,100,99957,100,98892,100,99992,100,98854,100,100042,100,98848,100,100043,100,98731,100,100053,200,98686,100,100060,100,98526,100
2019-06-28 09:51:27.325864076,99400,142,99261,242,99473,238,99234,338,99838,338,98981,238,99946,17,98936,100,99957,100,98892,100,99992,100,98854,100,100042,100,98848,100,100043,100,98731,100,100053,200,98686,100,100060,100,98526,100
2019-06-28 09:51:29.254965857,99400,42,99261,242,99473,238,99234,338,99838,338,98981,238,99946,17,98936,100,99957,100,98892,100,99992,100,98854,100,100042,100,98848,100,100043,100,98731,100,100053,200,98686,100,100060,100,98526,100
2019-06-28 09:51:30.000000000,99473,308,99261,308,99838,408,99234,408,99946,17,98981,100,99957,100,98936,100,99992,100,98892,100,100042,100,98854,100,100043,100,98848,100,100053,200,98731,100,100060,100,98686,100,100072,100,98526,100
2019-06-28 09:51:35.462867902,99473,308,99261,308,99838,408,99234,408,99946,17,98981,100,99957,100,98936,100,99992,100,98892,100,100042,100,98854,100,100053,200,98848,100,100060,100,98731,100,100072,100,98686,100,100108,100,98526,100
2019-06-28 09:51:40.000000000,99473,308,99261,308,99838,408,99234,408,99946,17,98981,100,99957,100,98936,100,99992,100,98892,100,100042,100,98854,100,100053,200,98848,100,100060,100,98731,100,100072,100,98686,100,100108,100,98526,100
2019-06-28 09:51:50.000000000,99473,204,99261,204,99838,304,99234,304,99946,121,98981,204,99957,204,98936,204,99992,100,98892,100,100042,100,98854,100,100053,200,98848,100,100060,100,98731,100,100072,100,98686,100,100108,100,98526,100
2019-06-28 09:51:59.214988832,99473,104,99261,204,99838,304,99234,304,99946,121,98981,204,99957,204,98936,204,99992,100,98892,100,100042,100,98854,100,100053,200,98848,100,100060,100,98731,100,100108,100,98686,100,100125,100,98526,100
2019-06-28 09:52:00.000000000,99838,408,99261,308,99946,225,99234,408,99957,100,98981,100,99992,100,98936,100,100042,100,98892,100,100053,200,98854,100,100060,100,98848,100,100108,100,98731,100,100125,100,98686,100,100129,100,98526,100
2019-06-28 09:52:08.498523435,99838,408,99261,308,99946,225,99234,408,99957,100,98981,100,99992,100,98936,100,100042,100,98892,100,100053,200,98854,100,100060,100,98848,100,100108,100,98731,100,100125,100,98686,100,100153,100,98526,100
2019-06-28 09:52:10.000000000,99838,304,99261,204,99946,121,99234,304,99957,204,98981,204,99992,204,98936,204,100042,100,98892,100,100053,200,98854,100,100060,100,98848,100,100108,100,98731,100,100125,100,98686,100,100153,100,98526,100
2019-06-28 09:52:14.628248711,99838,304,99261,204,99946,121,99234,304,99957,204,98981,204,99992,204,98936,204,100042,100,98892,100,100053,200,98854,100,100060,100,98848,100,100108,100,98731,100,100125,100,98686,100,100153,100,98526,100
2019-06-28 09:52:20.000000000,99838,283,99261,183,99946,100,99234,283,99957,183,98981,183,99992,183,98936,183,100042,183,98892,183,100053,200,98854,100,100060,100,98848,100,100108,100,98731,100,100125,100,98686,100,100153,100,98526,100
2019-06-28 09:52:21.282186354,99838,283,99261,183,99946,100,99234,283,99957,183,98981,183,99992,183,98936,183,100042,183,98892,183,100053,200,98854,100,100060,100,98848,100,100108,100,98731,100,100125,100,98686,100,100153,100,98526,100
2019-06-28 09:52:30.000000000,99838,342,99261,242,99946,155,99234,338,99957,238,98981,238,99992,100,98936,100,100042,100,98892,100,100053,200,98854,100,100060,100,98848,100,100108,100,98731,100,100125,100,98686,100,100153,100,98526,100
2019-06-28 09:52:40.000000000,99838,342,99261,242,99946,155,99234,338,99957,238,98981,238,99992,100,98936,100,100042,100,98892,100,100053,200,98854,100,100060,100,98848,100,100108,100,98731,100,100125,100,98686,100,100153,100,98526,100
2019-06-28 09:52:47.425478163,99838,342,99400,100,99946,155,99261,242,99957,238,99234,338,99992,100,98981,238,100042,100,98936,100,100053,200,98892,100,100060,100,98854,100,100108,100,98848,100,100125,100,98731,100,100153,100,98686,100
2019-06-28 09:52:50.000000000,99838,408,99400,308,99946,225,99261,308,99957,100,99234,200,99992,100,98981,100,100042,100,98936,100,100053,200,98892,100,100060,100,98854,100,100108,100,98848,100,100125,100,98731,100,100153,100,98686,100
2019-06-28 09:53:00.000000000,99838,342,99400,242,99946,155,99261,238,99957,238,99234,338,99992,100,98981,100,100042,100,98936,100,100053,200,98892,100,100060,100,98854,100,100108,100,98848,100,100125,100,98731,100,100153,100,98686,100
2019-06-28 09:53:01.876601101,99838,342,99400,342,99946,155,99261,238,99957,238,99234,338,99992,100,98981,100,100042,100,98936,100,100053,200,98892,100,100060,100,98854,100,100108,100,98848,100,100125,100,98731,100,100153,100,98686,100
2019-06-28 09:53:10.000000000,99838,617,99400,617,99946,17,99261,100,99957,100,99234,200,99992,100,98981,100,100042,100,98936,100,100053,200,98892,100,100060,100,98854,100,100108,100,98848,100,100125,100,98731,100,100153,100,98686,100
2019-06-28 09:53:20.000000000,99838,304,99400,304,99946,121,99261,204,99957,204,99234,304,99992,204,98981,204,100042,100,98936,100,100053,200,98892,100,100060,100,98854,100,100108,100,98848,100,100125,100,98731,100,100153,100,98686,100
2019-06-28 09:53:30.000000000,99838,283,99400,283,99946,100,99261,183,99957,183,99234,283,99992,183,98981,183,100042,183,98936,183,100053,200,98892,100,100060,100,98854,100,100108,100,98848,100,100125,100,98731,100,100153,100,98686,100
2019-06-28 09:53:40.000000000,99838,283,99400,283,99946,100,99261,183,99957,183,99234,283,99992,183,98981,183,100042,183,98936,183,100053,200,98892,100,100060,100,98854,100,100108,100,98848,100,100125,100,98731,100,100153,100,98686,100
2019-06-28 09:53:50.000000000,99838,408,99400,408,99946,225,99261,308,99957,100,99234,200,99992,100,98981,100,100042,100,98936,100,100053,200,98892,100,100060,100,98854,100,100108,100,98848,100,100125,100,98731,100,100153,100,98686,100
2019-06-28 09:54:00.000000000,99838,408,99400,408,99946,225,99261,308,99957,100,99234,200,99992,100,98981,100,100042,100,98936,100,100053,200,98892,100,100060,100,98854,100,100108,100,98848,100,100125,100,98731,100,100153,100,98686,100
2019-06-28 09:54:02.320052397,99838,308,99400,408,99946,225,99261,308,99957,100,99234,200,99992,100,98981,100,100042,100,98936,100,100053,200,98892,100,100060,100,98848,100,100108,100,98731,100,100125,100,98686,100,100153,100,98526,100
2019-06-28 09:54:06.555426205,99838,208,99400,408,99946,225,99261,308,99957,100,99234,200,99992,100,98981,100,100042,100,98936,100,100053,200,98892,100,100060,100,98848,100,100108,100,98731,100,100125,100,98686,100,100153,100,98526,100
2019-06-28 09:54:10.000000000,99946,159,99400,342,99957,238,99261,238,99992,238,99234,338,100042,100,98981,100,100053,200,98936,100,100060,100,98892,100,100108,100,98848,100,100125,100,98731,100,100153,100,98686,100,100349,100,98526,100
2019-06-28 09:54:16.070632070,99946,159,99400,342,99957,238,99261,238,99992,238,99234,338,100042,100,98981,100,100053,200,98936,100,100060,100,98892,100,100108,100,98848,100,100125,100,98731,100,100153,100,98686,100,100252,100,98526,100
2019-06-28 09:54:20.000000000,99946,100,99400,283,99957,183,99261,183,99992,183,99234,283,100042,183,98981,183,100053,283,98936,183,100060,100,98892,100,100108,100,98848,100,100125,100,98731,100,100153,100,98686,100,100252,100,98526,100
2019-06-28 09:54:24.851928338,99946,100,99838,100,99957,183,99400,183,99992,183,99261,183,100042,183,99234,283,100053,283,98981,183,100060,100,98936,183,100108,100,98892,100,100125,100,98848,100,100153,100,98731,100,100252,100,98686,100
2019-06-28 09:54:30.000000000,99946,159,99838,242,99957,238,99400,238,99992,238,99261,238,100042,100,99234,200,100053,200,98981,100,100060,100,98936,100,100108,100,98892,100,100125,100,98848,100,100153,100,98731,100,100252,100,98686,100
2019-06-28 09:54:30.109495847,99946,159,99838,242,99957,238,99400,238,99992,238,99261,238,100042,100,99234,200,100053,200,98981,100,100108,100,98936,100,100125,100,98892,100,100153,100,98848,100,100252,100,98731,100,100322,100,98686,100
2019-06-28 09:54:32.702519124,99946,59,99838,242,99957,238,99400,238,99992,238,99261,238,100042,100,99234,200,100053,200,98981,100,100108,100,98936,100,100125,100,98892,100,100153,100,98848,100,100252,100,98731,100,100322,100,98686,100
2019-06-28 09:54:40.000000000,99957,204,99838,204,99992,204,99400,204,100042,204,99261,204,100053,304,99234,304,100108,100,98981,100,100125,100,98936,100,100153,100,98892,100,100252,100,98848,100,100322,100,98731,100,100349,100,98686,100
2019-06-28 09:54:46.612589825,99957,104,99838,204,99992,204,99400,204,100042,204,99261,204,100053,304,99234,304,100108,100,98981,100,100125,100,98936,100,100153,100,98892,100,100252,100,98848,100,100322,100,98731,100,100349,100,98686,100
2019-06-28 09:54:50.000000000,99992,517,99838,517,100042,100,99400,100,100053,200,99261,100,100108,100,99234,200,100125,100,98981,100,100153,100,98936,100,100252,100,98892,100,100322,100,98848,100,100349,100,98731,100,100393,100,98686,100
2019-06-28 09:54:55.740187372,99992,517,99946,100,100042,100,99838,517,100053,200,99400,100,100108,100,99261,100,100125,100,99234,200,100153,100,98981,100,100252,100,98936,100,100322,100,98892,100,100349,100,98848,100,100393,100,98731,100
2019-06-28 09:55:00.000000000,99992,517,99946,517,100042,100,99838,100,100053,200,99400,100,100108,100,99261,100,100125,100,99234,200,100153,100,98981,100,100252,100,98936,100,100322,100,98892,100,100349,100,98848,100,100393,100,98731,100
2019-06-28 09:55:10.000000000,99992,308,99946,308,100042,308,99838,308,100053,200,99400,100,100108,100,99261,100,100125,100,99234,200,100153,100,98981,100,100252,100,98936,100,100322,100,98892,100,100349,100,98848,100,100393,100,98731,100
2019-06-28 09:55:20.000000000,99992,183,99946,183,100042,183,99838,183,100053,283,99400,183,100108,183,99261,183,100125,183,99234,283,100153,100,98981,100,100252,100,98936,100,100322,100,98892,100,100349,100,98848,100,100393,100,98731,100
2019-06-28 09:55:26.704468975,99992,183,99946,183,100042,183,99838,183,100053,283,99400,183,100108,183,99261,183,100125,183,99234,283,100153,100,98981,100,100252,100,98936,100,100322,100,98892,100,100349,100,98848,100,100393,100,98731,100
2019-06-28 09:55:30.000000000,99992,242,99946,242,100042,238,99838,238,100053,338,99400,238,100108,100,99261,100,100125,100,99234,200,100153,100,98981,100,100252,100,98936,100,100322,100,98892,100,100349,100,98848,100,100393,100,98731,100
2019-06-28 09:55:34.521848036,99992,142,99946,242,100042,238,99838,238,100053,338,99400,238,100108,100,99261,100,100125,100,99234,200,100153,100,98981,100,100252,100,98936,100,100322,100,98892,100,100349,100,98848,100,100393,100,98731,100
2019-06-28 09:55:38.780067865,99992,42,99946,242,100042,238,99838,238,100053,338,99400,238,100108,100,99261,100,100125,100,99234,200,100153,100,98981,100,100252,100,98936,100,100322,100,98892,100,100349,100,98848,100,100393,100,98731,100
2019-06-28 09:55:40.000000000,100042,517,99946,517,100053,200,99838,100,100108,100,99400,100,100125,100,99261,100,100153,100,99234,200,100252,100,98981,100,100322,100,98936,100,100349,100,98892,100,100393,100,98848,100,100394,100,98731,100
2019-06-28 09:55:50.000000000,100042,308,99946,308,100053,408,99838,308,100108,100,99400,100,100125,100,99261,100,100153,100,99234,200,100252,100,98981,100,100322,100,98936,100,100349,100,98892,100,100393,100,98848,100,100394,100,98731,100
2019-06-28 09:55:55.729222963,100042,308,99946,308,100053,408,99838,308,100108,100,99400,100,100125,100,99261,100,100153,100,99234,200,100252,100,98981,100,100322,100,98936,100,100349,100,98892,100,100393,100,98848,100,100394,100,98731,100
2019-06-28 09:56:00.000000000,100042,517,99946,517,100053,200,99838,100,100108,100,99400,100,100125,100,99261,100,100153,100,99234,200,100252,100,98981,100,100322,100,98936,100,100349,100,98892,100,100393,100,98848,100,100394,100,98731,100
2019-06-28 09:56:10.000000000,100042,242,99946,242,100053,338,99838,238,100108,238,99400,238,100125,100,99261,100,100153,100,99234,200,100252,100,98981,100,100322,100,98936,100,100349,100,98892,100,100393,100,98848,100,100394,100,98731,100
2019-06-28 09:56:17.403297166,100042,142,99946,242,100053,338,99838,238,100108,238,99400,238,100125,100,99261,100,100153,100,99234,200,100252,100,98936,100,100322,100,98892,100,100349,100,98848,100,100393,100,98731,100,100394,100,98686,100
2019-06-28 09:56:20.000000000,100053,617,99946,517,100108,100,99838,100,100125,100,99400,100,100153,100,99261,100,100252,100,99234,200,100322,100,98936,100,100349,100,98892,100,100393,100,98848,100,100394,100,98731,100,100480,100,98686,100
2019-06-28 09:56:30.000000000,100053,304,99946,204,100108,204,99838,204,100125,204,99400,204,100153,204,99261,204,100252,100,99234,200,100322,100,98936,100,100349,100,98892,100,100393,100,98848,100,100394,100,98731,100,100480,100,98686,100
2019-06-28 09:56:36.103584058,100053,204,99946,204,100108,204,99838,204,100125,204,99400,204,100153,204,99261,204,100252,100,99234,200,100322,100,98936,100,100349,100,98892,100,100393,100,98848,100,100394,100,98731,100,100480,100,98686,100
2019-06-28 09:56:40.000000000,100053,183,99946,183,100108,183,99838,183,100125,183,99400,183,100153,183,99261,183,100252,183,99234,283,100322,100,98936,100,100349,100,98892,100,100393,100,98848,100,100394,100,98731,100,100480,100,98686,100
2019-06-28 09:56:48.075243170,100053,83,99946,183,100108,183,99838,183,100125,183,99400,183,100153,183,99261,183,100252,183,99234,283,100322,100,98936,100,100349,100,98892,100,100393,100,98848,100,100394,100,98731,100,100480,100,98686,100
2019-06-28 09:56:50.000000000,100108,517,99946,517,100125,100,99838,100,100153,100,99400,100,100252,100,99261,100,100322,100,99234,200,100349,100,98936,100,100393,100,98892,100,100394,100,98848,100,100480,100,98731,100,100700,100,98686,100
2019-06-28 09:56:59.157309544,100108,517,99946,517,100125,100,99838,100,100147,100,99400,100,100153,100,99261,100,100252,100,99234,200,100322,100,98936,100,100349,100,98892,100,100393,100,98848,100,100394,100,98731,100,100480,100,98686,100
2019-06-28 09:57:00.000000000,100108,308,99946,308,100125,308,99838,308,100147,100,99400,100,100153,100,99261,100,100252,100,99234,200,100322,100,98936,100,100349,100,98892,100,100393,100,98848,100,100394,100,98731,100,100480,100,98686,100
2019-06-28 09:57:10.000000000,100108,204,99946,204,100125,204,99838,204,100147,204,99400,204,100153,204,99261,204,100252,100,99234,200,100322,100,98936,100,100349,100,98892,100,100393,100,98848,100,100394,100,98731,100,100480,100,98686,100
2019-06-28 09:57:12.451772017,100108,204,99987,100,100125,204,99946,204,100147,204,99838,204,100153,204,99400,204,100252,100,99261,204,100322,100,99234,200,100349,100,98936,100,100393,100,98892,100,100394,100,98848,100,100480,100,98731,100
2019-06-28 09:57:20.000000000,100108,183,99987,183,100125,183,99946,183,100147,183,99838,183,100153,183,99400,183,100252,183,99261,183,100322,100,99234,200,100349,100,98936,100,100393,100,98892,100,100394,100,98848,100,100480,100,98731,100
2019-06-28 09:57:30.000000000,100108,308,99987,308,100125,308,99946,308,100147,100,99838,100,100153,100,99400,100,100252,100,99261,100,100322,100,99234,200,100349,100,98936,100,100393,100,98892,100,100394,100,98848,100,100480,100,98731,100
2019-06-28 09:57:38.904797574,100108,308,99987,208,100125,208,99946,308,100147,100,99838,100,100153,100,99400,100,100252,100,99261,100,100322,100,99234,200,100349,100,98936,100,100393,100,98892,100,100394,100,98848,100,100480,100,98731,100
2019-06-28 09:57:40.000000000,100108,517,99946,517,100147,100,99838,100,100153,100,99400,100,100252,100,99261,100,100322,100,99234,200,100349,100,98936,100,100393,100,98892,100,100394,100,98848,100,100480,100,98731,100,100700,100,98686,100
2019-06-28 09:57:42.487165444,100052,100,99946,517,100108,517,99838,100,100147,100,99400,100,100153,100,99261,100,100252,100,99234,200,100322,100,98936,100,100349,100,98892,100,100393,100,98848,100,100394,100,98731,100,100480,100,98686,100
2019-06-28 09:57:44.143027335,100052,100,99946,417,100108,417,99838,100,100147,100,99400,100,100153,100,99261,100,100252,100,99234,200,100322,100,98936,100,100349,100,98892,100,100393,100,98848,100,100394,100,98731,100,100480,100,98686,100
2019-06-28 09:57:50.000000000,100052,308,99838,308,100147,308,99400,308,100153,100,99261,100,100252,100,99234,200,100322,100,98936,100,100349,100,98892,100,100393,100,98848,100,100394,100,98731,100,100480,100,98686,100,100700,100,98526,100
2019-06-28 09:57:53.081671910,99987,100,99838,308,100052,308,99400,308,100147,308,99261,100,100153,100,99234,200,100252,100,98936,100,100322,100,98892,100,100349,100,98848,100,100393,100,98731,100,100394,100,98686,100,100480,100,98526,100
2019-06-28 09:58:00.000000000,99987,204,99838,204,100052,204,99400,204,100147,204,99261,204,100153,204,99234,304,100252,100,98936,100,100322,100,98892,100,100349,100,98848,100,100393,100,98731,100,100394,100,98686,100,100480,100,98526,100
2019-06-28 09:58:10.000000000,99987,517,99838,517,100052,100,99400,100,100147,100,99261,100,100153,100,99234,200,100252,100,98936,100,100322,100,98892,100,100349,100,98848,100,100393,100,98731,100,100394,100,98686,100,100480,100,98526,100
2019-06-28 09:58:15.691706517,99987,617,99838,517,100052,100,99400,100,100147,100,99261,100,100153,100,99234,200,100252,100,98936,100,100322,100,98892,100,100349,100,98848,100,100393,100,98731,100,100394,100,98686,100,100480,100,98526,100
2019-06-28 09:58:20.000000000,99987,283,99838,183,100052,183,99400,183,100147,183,99261,183,100153,183,99234,283,100252,183,98936,183,100322,100,98892,100,100349,100,98848,100,100393,100,98731,100,100394,100,98686,100,100480,100,98526,100
2019-06-28 09:58:20.632657629,99987,283,99838,183,100052,183,99400,183,100147,183,99341,100,100153,183,99261,183,100252,183,99234,283,100322,100,98936,183,100349,100,98892,100,100393,100,98848,100,100394,100,98731,100,100480,100,98686,100
2019-06-28 09:58:28.850930929,99987,283,99838,183,100052,183,99400,183,100147,183,99341,100,100153,183,99261,183,100252,183,99234,283,100322,100,98936,183,100349,100,98892,100,100393,100,98848,100,100394,100,98731,100,100480,100,98686,100
2019-06-28 09:58:30.000000000,99987,617,99838,517,100052,100,99400,100,100147,100,99341,100,100153,100,99261,100,100252,100,99234,200,100322,100,98936,100,100349,100,98892,100,100393,100,98848,100,100394,100,98731,100,100480,100,98686,100
2019-06-28 09:58:35.991078789,99987,717,99838,517,100052,100,99400,100,100147,100,99341,100,100153,100,99261,100,100252,100,99234,200,100322,100,98936,100,100349,100,98892,100,100393,100,98848,100,100394,100,98731,100,100480,100,98686,100
2019-06-28 09:58:40.000000000,99987,717,99838,517,100052,100,99400,100,100147,100,99341,100,100153,100,99261,100,100252,100,99234,200,100322,100,98936,100,100349,100,98892,100,100393,100,98848,100,100394,100,98731,100,100480,100,98686,100
2019-06-28 09:58:50.000000000,99987,442,99838,242,100052,238,99400,238,100147,238,99341,238,100153,100,99261,100,100252,100,99234,200,100322,100,98936,100,100349,100,98892,100,100393,100,98848,100,100394,100,98731,100,100480,100,98686,100
2019-06-28 09:59:00.000000000,99987,508,99838,308,100052,308,99400,308,100147,100,99341,100,100153,100,99261,100,100252,100,99234,200,100322,100,98936,100,100349,100,98892,100,100393,100,98848,100,100394,100,98731,100,100480,100,98686,100
2019-06-28 09:59:08.625459154,99987,508,99838,308,100052,308,99400,308,100140,100,99341,100,100147,100,99261,100,100153,100,99234,200,100252,100,98936,100,100322,100,98892,100,100349,100,98848,100,100393,100,98731,100,100394,100,98686,100
2019-06-28 09:59:10.000000000,99987,508,99838,308,100052,308,99400,308,100140,100,99341,100,100147,100,99261,100,100153,100,99234,200,100252,100,98936,100,100322,100,98892,100,100349,100,98848,100,100393,100,98731,100,100394,100,98686,100
2019-06-28 09:59:20.000000000,99987,442,99838,242,100052,238,99400,238,100140,238,99341,238,100147,100,99261,100,100153,100,99234,200,100252,100,98936,100,100322,100,98892,100,100349,100,98848,100,100393,100,98731,100,100394,100,98686,100
2019-06-28 09:59:23.175826859,99987,442,99838,242,100052,238,99400,238,100140,238,99341,238,100147,100,99261,100,100153,100,99234,200,100252,100,98936,100,100322,100,98892,100,100349,100,98848,100,100393,100,98731,100,100394,100,98686,100
2019-06-28 09:59:30.000000000,99987,442,99838,242,100052,238,99400,238,100140,238,99341,238,100147,100,99261,100,100153,100,99234,200,100252,100,98936,100,100322,100,98892,100,100349,100,98848,100,100393,100,98731,100,100394,100,98686,100
2019-06-28 09:59:40.000000000,99987,442,99838,242,100052,238,99400,238,100140,238,99341,238,100147,100,99261,100,100153,100,99234,200,100252,100,98936,100,100322,100,98892,100,100349,100,98848,100,100393,100,98731,100,100394,100,98686,100
2019-06-28 09:59:50.000000000,99987,717,99838,517,100052,100,99400,100,100140,100,99341,100,100147,100,99261,100,100153,100,99234,200,100252,100,98936,100,100322,100,98892,100,100349,100,98848,100,100393,100,98731,100,100394,100,98686,100
2019-06-28 10:00:00.000000000,99987,404,99838,204,100052,204,99400,204,100140,204,99341,204,100147,204,99261,204,100153,100,99234,200,100252,100,98936,100,100322,100,98892,100,100349,100,98848,100,100393,100,98731,100,100394,100,98686,100
2019-06-28 10:00:10.000000000,99987,508,99838,308,100052,308,99400,308,100140,100,99341,100,100147,100,99261,100,100153,100,99234,200,100252,100,98936,100,100322,100,98892,100,100349,100,98848,100,100393,100,98731,100,100394,100,98686,100
2019-06-28 10:00:20.000000000,99987,404,99838,204,100052,204,99400,204,100140,204,99341,204,100147,204,99261,204,100153,100,99234,200,100252,100,98936,100,100322,100,98892,100,100349,100,98848,100,100393,100,98731,100,100394,100,98686,100
2019-06-28 10:00:29.677577303,99987,304,99838,204,100052,204,99400,204,100140,204,99341,204,100147,204,99261,204,100153,100,99234,200,100252,100,98936,100,100322,100,98892,100,100349,100,98848,100,100393,100,98731,100,100394,100,98686,100
2019-06-28 10:00:30.000000000,99987,304,99838,204,100052,204,99400,204,100140,204,99341,204,100147,204,99261,204,100153,100,99234,200,100252,100,98936,100,100322,100,98892,100,100349,100,98848,100,100393,100,98731,100,100394,100,98686,100
2019-06-28 10:00:40.000000000,99987,408,99838,308,100052,308,99400,308,100140,100,99341,100,100147,100,99261,100,100153,100,99234,200,100252,100,98936,100,100322,100,98892,100,100349,100,98848,100,100393,100,98731,100,100394,100,98686,100
2019-06-28 10:00:40.420423315,99987,308,99838,308,100052,308,99400,308,100140,100,99341,100,100147,100,99261,100,100153,100,99234,200,100252,100,98936,100,100322,100,98892,100,100349,100,98848,100,100393,100,98731,100,100394,100,98686,100
2019-06-28 10:00:50.000000000,99987,308,99838,308,100052,308,99400,308,100140,100,99341,100,100147,100,99261,100,100153,100,99234,200,100252,100,98936,100,100322,100,98892,100,100349,100,98848,100,100393,100,98731,100,100394,100,98686,100
2019-06-28 10:00:53.412173186,99987,208,99838,308,100052,308,99400,308,100140,100,99341,100,100147,100,99261,100,100153,100,99234,200,100252,100,98936,100,100322,100,98892,100,100349,100,98848,100,100393,100,98731,100,100394,100,98686,100
2019-06-28 10:00:58.537080227,99987,108,99838,308,100052,308,99400,308,100140,100,99341,100,100147,100,99261,100,100153,100,99234,200,100252,100,98936,100,100322,100,98892,100,100349,100,98848,100,100393,100,98731,100,100394,100,98686,100
2019-06-28 10:01:00.000000000,100052,242,99838,242,100140,238,99400,238,100147,238,99341,238,100153,100,99261,100,100252,100,99234,200,100322,100,98936,100,100349,100,98892,100,100393,100,98848,100,100394,100,98731,100,100480,100,98686,100
2019-06-28 10:01:07.348032942,100052,242,99838,242,100140,238,99400,138,100147,238,99341,238,100153,100,99261,100,100252,100,99234,200,100322,100,98936,100,100349,100,98892,100,100393,100,98848,100,100394,100,98731,100,100480,100,98686,100
2019-06-28 10:01:10.000000000,100052,183,99838,183,100140,183,99341,183,100147,183,99261,183,100153,183,99234,283,100252,183,98936,183,100322,100,98892,100,100349,100,98848,100,100393,100,98731,100,100394,100,98686,100,100480,100,98526,100
2019-06-28 10:01:13.572153615,100052,83,99838,183,100140,183,99341,183,100147,183,99261,183,100153,183,99234,283,100252,183,98936,183,100322,100,98892,100,100349,100,98848,100,100393,100,98731,100,100394,100,98686,100,100480,100,98526,100
2019-06-28 10:01:18.193828430,100140,183,100052,17,100147,183,99838,183,100153,183,99341,183,100252,183,99261,183,100322,100,99234,283,100349,100,98936,183,100393,100,98892,100,100394,100,98848,100,100480,100,98731,100,100716,100,98686,100
2019-06-28 10:01:20.000000000,100140,204,100052,121,100147,204,99838,204,100153,204,99341,204,100252,204,99261,204,100322,100,99234,200,100349,100,98936,100,100393,100,98892,100,100394,100,98848,100,100480,100,98731,100,100716,100,98686,100
2019-06-28 10:01:30.000000000,100140,517,100052,434,100147,100,99838,100,100153,100,99341,100,100252,100,99261,100,100322,100,99234,200,100349,100,98936,100,100393,100,98892,100,100394,100,98848,100,100480,100,98731,100,100716,100,98686,100
2019-06-28 10:01:32.912877467,100140,417,100052,434,100147,100,99838,100,100153,100,99341,100,100252,100,99261,100,100322,100,99234,200,100349,100,98936,100,100393,100,98892,100,100480,100,98848,100,100716,100,98731,100,101098,100,98686,100
2019-06-28 10:01:40.000000000,100147,242,100052,159,100153,238,99838,238,100252,238,99341,238,100322,100,99261,100,100349,100,99234,200,100393,100,98936,100,100480,100,98892,100,100716,100,98848,100,101098,100,98731,100,,,98686,100
2019-06-28 10:01:50.000000000,100147,204,100052,121,100153,204,99838,204,100252,204,99341,204,100322,204,99261,204,100349,100,99234,200,100393,100,98936,100,100480,100,98892,100,100716,100,98848,100,101098,100,98731,100,,,98686,100
2019-06-28 10:02:00.000000000,100147,308,100052,225,100153,308,99838,308,100252,100,99341,100,100322,100,99261,100,100349,100,99234,200,100393,100,98936,100,100480,100,98892,100,100716,100,98848,100,101098,100,98731,100,,,98686,100
2019-06-28 10:02:10.000000000,100147,517,100052,434,100153,100,99838,100,100252,100,99341,100,100322,100,99261,100,100349,100,99234,200,100393,100,98936,100,100480,100,98892,100,100716,100,98848,100,101098,100,98731,100,,,98686,100
2019-06-28 10:02:20.000000000,100147,308,100052,225,100153,308,99838,308,100252,100,99341,100,100322,100,99261,100,100349,100,99234,200,100393,100,98936,100,100480,100,98892,100,100716,100,98848,100,101098,100,98731,100,,,98686,100
2019-06-28 10:02:21.572002660,100147,308,100053,100,100153,308,100052,225,100252,100,99838,308,100322,100,99341,100,100349,100,99261,100,100393,100,99234,200,100480,100,98936,100,100716,100,98892,100,101098,100,98848,100,,,98731,100
2019-06-28 10:02:28.205502450,100147,208,100053,100,100153,308,100052,225,100252,100,99838,308,100322,100,99341,100,100349,100,99261,100,100393,100,99234,200,100480,100,98936,100,100716,100,98892,100,101098,100,98848,100,,,98731,100
2019-06-28 10:02:28.915628165,100147,108,100053,100,100153,308,100052,225,100252,100,99838,308,100322,100,99341,100,100349,100,99261,100,100393,100,99234,200,100480,100,98936,100,100716,100,98892,100,,,98848,100,,,98731,100
2019-06-28 10:02:30.000000000,100153,183,100053,183,100252,183,100052,100,100322,183,99838,183,100349,183,99341,183,100393,183,99261,183,100480,100,99234,200,100716,100,98936,100,,,98892,100,,,98848,100,,,98731,100
2019-06-28 10:02:40.000000000,100153,242,100053,242,100252,238,100052,155,100322,238,99838,238,100349,100,99341,100,100393,100,99261,100,100480,100,99234,200,100716,100,98936,100,,,98892,100,,,98848,100,,,98731,100
2019-06-28 10:02:47.198115725,100153,242,100053,242,100252,238,100052,155,100322,138,99838,238,100349,100,99341,100,100393,100,99261,100,100425,100,99234,200,100480,100,98936,100,100716,100,98892,100,,,98848,100,,,98731,100
2019-06-28 10:02:50.000000000,100153,242,100053,242,100252,238,100052,155,100349,238,99838,238,100393,100,99341,100,100425,100,99261,100,100480,100,99234,200,100716,100,98936,100,,,98892,100,,,98848,100,,,98731,100
2019-06-28 10:03:00.000000000,100153,183,100053,183,100252,183,100052,100,100349,183,99838,183,100393,183,99341,183,100425,183,99261,183,100480,100,99234,200,100716,100,98936,100,,,98892,100,,,98848,100,,,98731,100
2019-06-28 10:03:10.000000000,100153,308,100053,308,100252,308,100052,225,100349,100,99838,100,100393,100,99341,100,100425,100,99261,100,100480,100,99234,200,100716,100,98936,100,,,98892,100,,,98848,100,,,98731,100
2019-06-28 10:03:20.000000000,100153,308,100053,308,100252,308,100052,225,100349,100,99838,100,100393,100,99341,100,100425,100,99261,100,100480,100,99234,200,100716,100,98936,100,,,98892,100,,,98848,100,,,98731,100
2019-06-28 10:03:30.000000000,100153,242,100053,242,100252,238,100052,155,100349,238,99838,238,100393,100,99341,100,100425,100,99261,100,100480,100,99234,200,100716,100,98936,100,,,98892,100,,,98848,100,,,98731,100
2019-06-28 10:03:33.883317958,100153,142,100053,242,100252,238,100052,155,100349,238,99838,238,100393,100,99341,100,100425,100,99261,100,100480,100,99234,200,100716,100,98936,100,,,98892,100,,,98848,100,,,98731,100
2019-06-28 10:03:40.000000000,100252,242,100053,242,100349,238,100052,155,100393,238,99838,238,100425,100,99341,100,100480,100,99261,100,100716,100,99234,200,,,98936,100,,,98892,100,,,98848,100,,,98731,100
2019-06-28 10:03:50.000000000,100252,183,100053,183,100349,183,100052,100,100393,183,99838,183,100425,183,99341,183,100480,183,99261,183,100716,100,99234,200,,,98936,100,,,98892,100,,,98848,100,,,98731,100
2019-06-28 10:04:00.000000000,100252,242,100053,242,100349,238,100052,155,100393,238,99838,238,100425,100,99341,100,100480,100,99261,100,100716,100,99234,200,,,98936,100,,,98892,100,,,98848,100,,,98731,100
2019-06-28 10:04:00.538022868,100252,142,100053,242,100349,238,100052,155,100393,238,99838,238,100425,100,99341,100,100480,100,99261,100,100716,100,99234,200,,,98936,100,,,98892,100,,,98848,100,,,98731,100
2019-06-28 10:04:01.563913565,100252,42,100053,242,100349,238,100052,155,100393,238,99838,238,100425,100,99341,100,100480,100,99261,100,100716,100,99234,200,,,98936,100,,,98892,100,,,98848,100,,,98731,100
2019-06-28 10:04:06.631500264,100349,238,100252,58,100393,238,100053,242,100425,100,100052,155,100716,100,99838,238,,,99341,100,,,99261,100,,,99234,200,,,98936,100,,,98892,100,,,98848,100
2019-06-28 10:04:10.000000000,100349,242,100252,200,100393,238,100053,238,100425,238,100052,155,100716,100,99838,100,,,99341,100,,,99261,100,,,99234,200,,,98936,100,,,98892,100,,,98848,100
2019-06-28 10:04:20.000000000,100349,204,100252,162,100393,204,100053,204,100425,204,100052,121,100716,204,99838,204,,,99341,100,,,99261,100,,,99234,200,,,98936,100,,,98892,100,,,98848,100
2019-06-28 10:04:30.000000000,100349,204,100252,162,100393,204,100053,204,100425,204,100052,121,100716,204,99838,204,,,99341,100,,,99261,100,,,99234,200,,,98936,100,,,98892,100,,,98848,100
2019-06-28 10:04:40.000000000,100349,242,100252,200,100393,238,100053,238,100425,238,100052,155,100716,100,99838,100,,,99341,100,,,99261,100,,,99234,200,,,98936,100,,,98892,100,,,98848,100
2019-06-28 10:04:50.000000000,100349,183,100252,141,100393,183,100053,183,100425,183,100052,100,100716,183,99838,183,100717,83,99341,183,,,99261,100,,,99234,200,,,98936,100,,,98892,100,,,98848,100
2019-06-28 10:04:58.181397106,100349,183,100348,100,100393,183,100252,141,100425,183,100053,183,100716,183,100052,100,100717,83,99838,183,,,99341,183,,,99261,100,,,99234,200,,,98936,100,,,98892,100
2019-06-28 10:05:00.000000000,100349,517,100348,517,100393,100,100252,58,100425,100,100053,100,100716,100,100052,17,,,99838,100,,,99341,100,,,99261,100,,,99234,200,,,98936,100,,,98892,100
2019-06-28 10:05:10.000000000,100349,242,100348,242,100393,238,100252,196,100425,238,100053,238,100716,100,100052,17,,,99838,100,,,99341,100,,,99261,100,,,99234,200,,,98936,100,,,98892,100
2019-06-28 10:05:17.049868375,100349,142,100348,242,100393,238,100304,100,100425,238,100252,196,100716,100,100053,238,,,100052,17,,,99838,100,,,99341,100,,,99261,100,,,99234,200,,,98936,100
2019-06-28 10:05:20.000000000,100393,204,100348,204,100425,204,100304,204,100716,204,100252,162,100717,104,100053,204,,,100052,17,,,99838,100,,,99341,100,,,99261,100,,,99234,200,,,98936,100
2019-06-28 10:05:21.109831780,100393,204,100348,104,100425,204,100304,204,100716,204,100252,162,100717,104,100053,204,,,100052,17,,,99838,100,,,99341,100,,,99261,100,,,99234,200,,,98936,100
2019-06-28 10:05:26.185728081,100393,204,100348,104,100425,204,100304,204,100716,204,100252,162,100717,104,100124,100,,,100053,204,,,100052,17,,,99838,100,,,99341,100,,,99261,100,,,99234,200
2019-06-28 10:05:29.065041329,100393,204,100348,104,100425,204,100304,204,100716,204,100260,100,100717,104,100252,162,,,100053,204,,,100052,17,,,99838,100,,,99341,100,,,99261,100,,,99234,200
2019-06-28 10:05:30.000000000,100393,308,100304,308,100425,308,100260,308,100716,100,100252,58,,,100053,100,,,100052,17,,,99838,100,,,99341,100,,,99261,100,,,99234,200,,,98936,100
2019-06-28 10:05:40.000000000,100393,308,100304,308,100425,308,100260,308,100716,100,100252,58,,,100053,100,,,100052,17,,,99838,100,,,99341,100,,,99261,100,,,99234,200,,,98936,100
2019-06-28 10:05:46.472644751,100393,308,100389,100,100425,308,100304,308,100716,100,100260,308,,,100252,58,,,100053,100,,,100052,17,,,99838,100,,,99341,100,,,99261,100,,,99234,200
2019-06-28 10:05:47.116747196,100393,208,100389,100,100425,308,100304,308,100716,100,100260,308,,,100252,58,,,100053,100,,,100052,17,,,99838,100,,,99341,100,,,99261,100,,,99234,200
2019-06-28 10:05:50.000000000,100425,517,100389,517,100716,100,100304,100,,,100260,100,,,100252,58,,,100053,100,,,100052,17,,,99838,100,,,99341,100,,,99261,100,,,99234,200
2019-06-28 10:05:56.878942518,100425,517,100389,417,100716,100,100304,100,,,100260,100,,,100252,58,,,100053,100,,,100052,17,,,99838,100,,,99341,100,,,99261,100,,,99234,200
2019-06-28 10:06:00.000000000,100425,204,100304,204,100716,204,100260,204,100717,104,100252,162,,,100053,204,,,100052,17,,,99838,100,,,99341,100,,,99261,100,,,99234,200,,,98936,100
2019-06-28 10:06:10.000000000,100425,517,100304,517,100716,100,100260,100,,,100252,58,,,100053,100,,,100052,17,,,99838,100,,,99341,100,,,99261,100,,,99234,200,,,98936,100
2019-06-28 10:06:19.200072922,100425,517,100304,517,100716,100,100260,100,,,100252,58,,,100053,100,,,100052,17,,,99838,100,,,99770,100,,,99341,100,,,99261,100,,,99234,200
2019-06-28 10:06:20.000000000,100425,204,100304,204,100716,204,100260,204,100717,104,100252,162,,,100053,204,,,100052,17,,,99838,100,,,99770,100,,,99341,100,,,99261,100,,,99234,200
2019-06-28 10:06:30.000000000,100425,183,100304,183,100716,183,100260,183,100717,83,100252,141,,,100053,183,,,100052,100,,,99838,100,,,99770,100,,,99341,100,,,99261,100,,,99234,200
2019-06-28 10:06:36.153389416,100425,183,100304,183,100716,183,100260,183,100717,83,100252,141,,,100110,100,,,100053,183,,,100052,100,,,99838,100,,,99770,100,,,99341,100,,,99261,100
2019-06-28 10:06:39.115869047,100425,183,100304,83,100716,183,100260,183,100717,83,100252,141,,,100110,100,,,100053,183,,,100052,83,,,99838,100,,,99770,100,,,99341,100,,,99261,100
2019-06-28 10:06:40.000000000,100425,242,100260,242,100716,238,100252,196,100717,138,100110,238,,,100053,100,,,99838,100,,,99770,100,,,99341,100,,,99261,100,,,99234,200,,,98936,100
2019-06-28 10:06:50.000000000,100425,242,100260,242,100716,238,100252,196,100717,138,100110,238,,,100053,100,,,99838,100,,,99770,100,,,99341,100,,,99261,100,,,99234,200,,,98936,100
2019-06-28 10:07:00.000000000,100425,204,100260,204,100716,204,100252,162,100717,104,100110,204,,,100053,204,,,99838,100,,,99770,100,,,99341,100,,,99261,100,,,99234,200,,,98936,100
2019-06-28 10:07:06.624660545,100425,104,100260,204,100716,204,100252,162,100717,104,100110,204,,,100053,204,,,99838,100,,,99770,100,,,99341,100,,,99261,100,,,99234,200,,,98936,100
2019-06-28 10:07:10.000000000,100716,308,100260,308,100717,208,100252,266,,,100110,100,,,100053,100,,,99838,100,,,99770,100,,,99341,100,,,99261,100,,,99234,200,,,98936,100
2019-06-28 10:07:18.394274157,100378,100,100260,308,100716,308,100252,266,100717,208,100110,100,,,100053,100,,,99838,100,,,99770,100,,,99341,100,,,99261,100,,,99234,200,,,98936,100
2019-06-28 10:07:20.000000000,100378,183,100260,183,100716,183,100252,141,100717,83,100110,183,,,100053,183,,,99838,183,,,99770,100,,,99341,100,,,99261,100,,,99234,200,,,98936,100
2019-06-28 10:07:30.000000000,100378,183,100260,183,100716,183,100252,141,100717,83,100110,183,,,100053,183,,,99838,183,,,99770,100,,,99341,100,,,99261,100,,,99234,200,,,98936,100
2019-06-28 10:07:40.000000000,100378,242,100260,242,100716,238,100252,196,100717,138,100110,238,,,100053,100,,,99838,100,,,99770,100,,,99341,100,,,99261,100,,,99234,200,,,98936,100
2019-06-28 10:07:45.400752103,100374,100,100260,242,100378,242,100252,196,100716,238,100110,238,100717,138,100053,100,,,99838,100,,,99770,100,,,99341,100,,,99261,100,,,99234,200,,,98936,100
2019-06-28 10:07:47.060921413,100374,100,100342,100,100378,242,100260,242,100716,238,100252,196,100717,138,100110,238,,,100053,100,,,99838,100,,,99770,100,,,99341,100,,,99261,100,,,99234,200
2019-06-28 10:07:50.000000000,100374,517,100342,517,100378,100,100260,100,100716,100,100252,58,,,100110,100,,,100053,100,,,99838,100,,,99770,100,,,99341,100,,,99261,100,,,99234,200
2019-06-28 10:08:00.000000000,100374,242,100342,242,100378,238,100260,238,100716,238,100252,196,,,100110,100,,,100053,100,,,99838,100,,,99770,100,,,99341,100,,,99261,100,,,99234,200
2019-06-28 10:08:10.000000000,100374,517,100342,517,100378,100,100260,100,100716,100,100252,58,,,100110,100,,,100053,100,,,99838,100,,,99770,100,,,99341,100,,,99261,100,,,99234,200
2019-06-28 10:08:20.000000000,100374,242,100342,242,100378,238,100260,238,100716,238,100252,196,,,100110,100,,,100053,100,,,99838,100,,,99770,100,,,99341,100,,,99261,100,,,99234,200
2019-06-28 10:08:30.000000000,100374,308,100342,308,100378,308,100260,308,100716,100,100252,58,,,100110,100,,,100053,100,,,99838,100,,,99770,100,,,99341,100,,,99261,100,,,99234,200
2019-06-28 10:08:31.383677175,100374,308,100342,308,100378,308,100274,100,100716,100,100260,308,,,100110,100,,,100053,100,,,99838,100,,,99770,100,,,99341,100,,,99261,100,,,99234,200
2019-06-28 10:08:40.000000000,100374,183,100342,183,100378,183,100274,183,100716,183,100260,183,100717,83,100110,183,,,100053,183,,,99838,100,,,99770,100,,,99341,100,,,99261,100,,,99234,200
2019-06-28 10:08:50.000000000,100374,183,100342,183,100378,183,100274,183,100716,183,100260,183,100717,83,100110,183,,,100053,183,,,99838,100,,,99770,100,,,99341,100,,,99261,100,,,99234,200
2019-06-28 10:09:00.000000000,100374,183,100342,183,100378,183,100274,183,100716,183,100260,183,100717,83,100110,183,,,100053,183,,,99838,100,,,99770,100,,,99341,100,,,99261,100,,,99234,200
2019-06-28 10:09:10.000000000,100374,308,100342,308,100378,308,100274,308,100716,100,100260,100,,,100110,100,,,100053,100,,,99838,100,,,99770,100,,,99341,100,,,99261,100,,,99234,200
2019-06-28 10:09:20.000000000,100374,204,100342,204,100378,204,100274,204,100716,204,100260,204,100717,104,100110,204,,,100053,100,,,99838,100,,,99770,100,,,99341,100,,,99261,100,,,99234,200
2019-06-28 10:09:24.720175486,100374,204,100342,104,100378,204,100274,204,100716,204,100260,204,100717,104,100110,204,,,100053,100,,,99838,100,,,99770,100,,,99341,100,,,99261,100,,,99234,200
2019-06-28 10:09:30.000000000,100374,204,100274,204,100378,204,100260,204,100716,204,100110,204,100717,104,100053,204,,,99838,100,,,99770,100,,,99341,100,,,99261,100,,,99234,200,,,98936,100
2019-06-28 10:09:40.000000000,100374,204,100274,204,100378,204,100260,204,100716,204,100110,204,100717,104,100053,204,,,99838,100,,,99770,100,,,99341,100,,,99261,100,,,99234,200,,,98936,100
2019-06-28 10:09:42.266706178,100374,204,100274,104,100378,204,100260,204,100716,204,100110,204,100717,104,100053,204,,,99838,100,,,99799,100,,,99770,100,,,99341,100,,,99261,100,,,99234,200
2019-06-28 10:09:50.000000000,100374,517,100260,517,100378,100,100110,100,100716,100,100053,100,,,99838,100,,,99799,100,,,99770,100,,,99341,100,,,99261,100,,,99234,200,,,98936,100
2019-06-28 10:10:00.000000000,100374,183,100260,183,100378,183,100110,183,100716,183,100053,183,100717,83,99838,183,,,99799,183,,,99770,100,,,99341,100,,,99261,100,,,99234,200,,,98936,100
2019-06-28 10:10:10.000000000,100374,183,100260,183,100378,183,100110,183,100716,183,100053,183,100717,83,99838,183,,,99799,183,,,99770,100,,,99341,100,,,99261,100,,,99234,200,,,98936,100
2019-06-28 10:10:20.000000000,100374,242,100260,242,100378,238,100110,238,100716,238,100053,238,,,99838,100,,,99799,100,,,99770,100,,,99341,100,,,99261,100,,,99234,200,,,98936,100
2019-06-28 10:10:28.093566211,100374,242,100260,142,100378,238,100110,238,100716,238,100053,238,,,99838,100,,,99799,100,,,99770,100,,,99341,100,,,99261,100,,,99234,200,,,98936,100
2019-06-28 10:10:30.000000000,100374,204,100110,204,100378,204,100053,204,100716,204,99838,204,100717,104,99799,204,,,99770,100,,,99341,100,,,99261,100,,,99234,200,,,98936,100,,,98848,100
2019-06-28 10:10:40.000000000,100374,517,100110,517,100378,100,100053,100,100716,100,99838,100,,,99799,100,,,99770,100,,,99341,100,,,99261,100,,,99234,200,,,98936,100,,,98848,100
2019-06-28 10:10:40.224792816,100342,100,100110,517,100374,517,100053,100,100378,100,99838,100,100716,100,99799,100,,,99770,100,,,99341,100,,,99261,100,,,99234,200,,,98936,100,,,98848,100
2019-06-28 10:10:50.000000000,100342,204,100110,204,100374,204,100053,204,100378,204,99838,204,100716,204,99799,204,,,99770,100,,,99341,100,,,99261,100,,,99234,200,,,98936,100,,,98848,100
2019-06-28 10:10:58.230141745,100342,304,100110,204,100374,204,100053,204,100378,204,99838,204,100716,204,99799,204,,,99770,100,,,99341,100,,,99261,100,,,99234,200,,,98936,100,,,98848,100
2019-06-28 10:11:00.000000000,100342,342,100110,242,100374,238,100053,238,100378,238,99838,238,100716,100,99799,100,,,99770,100,,,99341,100,,,99261,100,,,99234,200,,,98936,100,,,98848,100
2019-06-28 10:11:05.653494954,100342,342,100110,142,100374,238,100053,238,100378,238,99838,238,100716,100,99799,100,,,99770,100,,,99341,100,,,99261,100,,,99234,200,,,98936,100,,,98848,100
2019-06-28 10:11:10.000000000,100342,617,100053,517,100374,100,99838,100,100378,100,99799,100,100716,100,99770,100,,,99341,100,,,99261,100,,,99234,200,,,98936,100,,,98848,100,,,98731,100
2019-06-28 10:11:13.020144050,100342,617,100111,100,100374,100,100053,517,100378,100,99838,100,100716,100,99799,100,,,99770,100,,,99341,100,,,99261,100,,,99234,200,,,98936,100,,,98848,100
2019-06-28 10:11:20.000000000,100342,304,100111,204,100374,204,100053,204,100378,204,99838,204,100716,204,99799,204,,,99770,100,,,99341,100,,,99261,100,,,99234,200,,,98936,100,,,98848,100
2019-06-28 10:11:30.000000000,100342,304,100111,204,100374,204,100053,204,100378,204,99838,204,100716,204,99799,204,,,99770,100,,,99341,100,,,99261,100,,,99234,200,,,98936,100,,,98848,100
2019-06-28 10:11:40.000000000,100342,342,100111,242,100374,238,100053,238,100378,238,99838,238,100716,100,99799,100,,,99770,100,,,99341,100,,,99261,100,,,99234,200,,,98936,100,,,98848,100
2019-06-28 10:11:47.113721920,100342,242,100111,242,100374,238,100053,238,100378,238,99838,238,100716,100,99799,100,,,99770,100,,,99341,100,,,99261,100,,,99234,200,,,98936,100,,,98848,100
2019-06-28 10:11:50.000000000,100342,183,100111,183,100374,183,100053,183,100378,183,99838,183,100716,183,99799,183,100717,83,99770,183,,,99341,100,,,99261,100,,,99234,200,,,98936,100,,,98848,100
2019-06-28 10:11:50.366604264,100342,83,100111,183,100374,183,100053,183,100378,183,99838,183,100716,183,99799,183,100717,83,99770,183,,,99341,100,,,99261,100,,,99234,200,,,98936,100,,,98848,100
2019-06-28 10:11:52.269645098,100374,183,100342,17,100378,183,100111,183,100716,183,100053,183,100717,83,99838,183,,,99799,183,,,99770,183,,,99341,100,,,99261,100,,,99234,200,,,98936,100
2019-06-28 10:12:00.000000000,100374,183,100342,100,100378,183,100111,183,100716,183,100053,183,100717,83,99838,183,,,99799,183,,,99770,100,,,99341,100,,,99261,100,,,99234,200,,,98936,100
2019-06-28 10:12:10.000000000,100374,183,100342,100,100378,183,100111,183,100716,183,100053,183,100717,83,99838,183,,,99799,183,,,99770,100,,,99341,100,,,99261,100,,,99234,200,,,98936,100
