,ask_price_1,ask_size_1,bid_price_1,bid_size_1,ask_price_2,ask_size_2,bid_price_2,bid_size_2,ask_price_3,ask_size_3,bid_price_3,bid_size_3,ask_price_4,ask_size_4,bid_price_4,bid_size_4,ask_price_5,ask_size_5,bid_price_5,bid_size_5,ask_price_6,ask_size_6,bid_price_6,bid_size_6,ask_price_7,ask_size_7,bid_price_7,bid_size_7,ask_price_8,ask_size_8,bid_price_8,bid_size_8,ask_price_9,ask_size_9,bid_price_9,bid_size_9,ask_price_10,ask_size_10,bid_price_10,bid_size_10
2019-06-28 09:30:00.000000005,100028,100,,,,,,,,,,,,,,,,,,,,,,,,,,,,,,,,,,,,,,
2019-06-28 09:30:00.000000006,100028,100,,,100087,100,,,100128,100,,,,,,,,,,,,,,,,,,,,,,,,,,,,,,
2019-06-28 09:30:00.000000009,100028,100,99866,100,100087,100,,,100128,100,,,,,,,,,,,,,,,,,,,,,,,,,,,,,,
2019-06-28 09:30:00.000000013,100028,100,99939,100,100087,100,99866,100,100128,100,,,,,,,,,,,,,,,,,,,,,,,,,,,,,,
2019-06-28 09:30:00.000000014,100028,100,100010,100,100060,100,99939,100,100087,100,99866,100,100128,100,,,100143,100,,,,,,,,,,,,,,,,,,,,,,
2019-06-28 09:30:00.000000015,100028,100,100010,100,100060,100,99993,100,100087,100,99939,100,100128,100,99934,100,100143,100,99866,100,,,,,,,,,,,,,,,,,,,,
2019-06-28 09:30:00.000000016,100028,100,100010,100,100060,100,100007,100,100087,100,99993,100,100128,100,99939,100,100143,100,99934,100,,,99866,100,,,,,,,,,,,,,,,,
2019-06-28 09:30:00.000000018,100028,100,100010,100,100060,100,100007,100,100087,100,99993,100,100128,100,99953,100,100143,100,99939,100,,,99934,100,,,99866,100,,,,,,,,,,,,
2019-06-28 09:30:00.000000019,100028,100,100010,100,100060,100,100007,100,100087,100,99993,100,100111,100,99953,100,100128,100,99939,100,100143,100,99934,100,100164,100,99866,100,,,,,,,,,,,,
2019-06-28 09:30:00.000000020,100028,100,100010,100,100060,100,100007,100,100087,100,99993,100,100111,100,99964,100,100128,100,99953,100,100143,100,99939,100,100164,100,99934,100,,,99866,100,,,,,,,,
2019-06-28 09:30:00.000000022,100028,100,100010,100,100060,100,100007,100,100087,100,99993,100,100111,100,99964,100,100128,100,99953,100,100143,100,99939,100,100164,100,99934,100,,,99914,100,,,99866,100,,,,
2019-06-28 09:30:00.000000024,100028,100,100010,100,100060,100,100007,100,100087,100,99993,100,100111,100,99964,100,100128,100,99953,100,100143,100,99939,100,100164,100,99934,100,,,99914,100,,,99907,100,,,99866,100
2019-06-28 09:30:00.000000025,100060,100,100010,100,100087,100,100007,100,100111,100,99993,100,100128,100,99964,100,100143,100,99953,100,100164,100,99939,100,,,99934,100,,,99914,100,,,99907,100,,,99866,100
2019-06-28 09:30:00.000000028,100060,100,100010,100,100081,100,100007,100,100087,100,99993,100,100111,100,99964,100,100128,100,99953,100,100143,100,99939,100,100164,100,99934,100,,,99914,100,,,99907,100,,,99866,100
2019-06-28 09:30:00.000000029,100017,100,100010,100,100060,100,100007,100,100081,100,99993,100,100087,100,99964,100,100111,100,99953,100,100128,100,99939,100,100143,100,99934,100,100164,100,99914,100,,,99907,100,,,99866,100
2019-06-28 09:30:00.000000030,100017,100,100007,100,100060,100,99993,100,100081,100,99964,100,100087,100,99953,100,100111,100,99939,100,100128,100,99934,100,100143,100,99914,100,100164,100,99907,100,100179,100,99866,100,,,,
2019-06-28 09:30:00.000000032,100017,100,100007,100,100060,100,99993,100,100081,100,99967,100,100087,100,99964,100,100111,100,99953,100,100128,200,99943,100,100143,100,99939,100,100164,100,99934,100,100179,100,99914,100,,,99907,100
2019-06-28 09:30:00.000000033,100017,100,100007,100,100060,100,99993,100,100081,100,99967,100,100087,100,99964,100,100111,100,99953,100,100128,200,99943,100,100143,100,99940,100,100164,100,99939,100,100179,100,99934,100,,,99914,100
2019-06-28 09:30:00.000000034,100017,100,100007,100,100043,100,99993,100,100060,100,99967,100,100081,100,99964,100,100087,100,99953,100,100111,100,99943,100,100128,200,99940,100,100143,100,99939,100,100164,100,99934,100,100179,100,99914,100
2019-06-28 09:30:00.000000035,100043,100,100007,100,100060,100,99993,100,100081,100,99967,100,100087,100,99964,100,100111,100,99953,100,100128,200,99943,100,100143,100,99940,100,100164,100,99939,100,100179,100,99934,100,,,99914,100
2019-06-28 09:30:00.000000039,100043,100,100010,100,100060,100,100007,100,100081,100,99993,100,100087,100,99967,100,100111,100,99964,100,100128,200,99953,100,100143,100,99943,100,100164,100,99940,100,100179,100,99939,100,,,99934,100
2019-06-28 09:30:00.000000041,100043,100,100010,100,100060,100,100007,100,100081,100,99993,100,100087,100,99967,100,100111,100,99964,100,100128,200,99953,100,100143,100,99943,100,100164,100,99940,100,100179,100,99939,100,,,99934,100
2019-06-28 09:30:00.000000043,100043,100,100010,100,100060,100,100007,100,100081,100,99998,100,100087,100,99993,100,100111,100,99967,100,100128,200,99964,100,100143,100,99953,100,100164,100,99943,100,100179,100,99940,100,,,99939,100
2019-06-28 09:30:00.000000045,100021,100,100010,100,100043,100,100007,100,100060,100,99998,100,100081,100,99993,100,100087,100,99967,100,100111,100,99964,100,100128,200,99953,100,100143,100,99943,100,100164,100,99940,100,100179,100,99939,100
2019-06-28 09:30:00.000000048,100021,100,100010,100,100043,100,100007,100,100060,100,99998,100,100067,100,99993,100,100081,100,99967,100,100087,100,99964,100,100111,100,99953,100,100128,200,99943,100,100143,100,99940,100,100164,100,99939,100
2019-06-28 09:30:00.000000051,100021,100,100010,100,100043,100,100007,100,100057,100,99998,100,100060,100,99993,100,100067,100,99967,100,100081,100,99964,100,100087,100,99953,100,100111,100,99943,100,100128,200,99940,100,100143,100,99939,100
2019-06-28 09:30:00.000000052,100021,100,100010,200,100043,100,100007,100,100057,100,99998,100,100060,100,99993,100,100067,100,99967,100,100081,100,99964,100,100087,100,99953,100,100111,100,99943,100,100128,200,99940,100,100143,100,99939,100
2019-06-28 09:30:00.000000053,100021,100,100010,200,100043,100,100007,100,100057,100,99998,100,100060,100,99993,100,100067,100,99967,100,100081,100,99964,100,100087,100,99953,100,100091,100,99943,100,100111,100,99940,100,100115,100,99939,100
2019-06-28 09:30:00.000000056,100021,100,100010,300,100043,100,100007,100,100057,100,99998,100,100060,100,99993,100,100067,100,99967,100,100081,100,99964,100,100087,100,99953,100,100091,100,99943,100,100111,100,99940,100,100115,100,99939,100
2019-06-28 09:30:00.000000057,100021,100,100010,300,100043,100,100007,100,100057,100,99998,100,100060,100,99993,100,100067,100,99967,100,100081,100,99964,100,100087,100,99953,100,100091,100,99943,100,100111,100,99940,100,100115,100,99939,100
2019-06-28 09:30:00.000000059,100021,100,100010,300,100043,100,100007,100,100057,100,99998,100,100060,100,99993,100,100067,100,99967,100,100081,100,99964,100,100087,100,99953,100,100091,100,99943,100,100111,100,99940,100,100115,100,99939,100
2019-06-28 09:30:00.000000060,100021,100,100010,200,100043,100,100007,100,100057,100,99998,100,100060,100,99993,100,100067,100,99967,100,100081,100,99964,100,100087,100,99953,100,100091,100,99943,100,100111,100,99940,100,100115,100,99939,100
2019-06-28 09:30:00.000000061,100021,100,100010,200,100023,100,100007,100,100043,100,99998,100,100057,100,99993,100,100060,100,99967,100,100067,100,99964,100,100081,100,99953,100,100087,100,99943,100,100091,100,99940,100,100111,100,99939,100
2019-06-28 09:30:00.000000062,100021,100,100010,200,100023,100,100007,100,100043,100,99998,100,100057,100,99993,100,100060,100,99967,100,100067,100,99964,100,100081,100,99953,100,100087,100,99945,100,100091,100,99943,100,100111,100,99940,100
2019-06-28 09:30:00.000000065,100021,100,100010,200,100023,100,100007,100,100043,100,99998,100,100057,100,99993,100,100060,100,99967,100,100067,100,99964,100,100081,100,99953,100,100087,100,99945,100,100091,100,99943,100,100094,100,99940,100
2019-06-28 09:30:00.000000066,100017,100,100010,200,100021,100,100007,100,100023,100,99998,100,100043,100,99993,100,100057,100,99967,100,100060,100,99964,100,100067,100,99953,100,100081,100,99945,100,100087,100,99943,100,100091,100,99940,100
2019-06-28 09:30:00.000000067,100017,100,100010,200,100021,100,100007,100,100023,100,99998,100,100043,100,99993,100,100057,100,99967,100,100060,100,99964,100,100067,100,99953,100,100081,100,99945,100,100087,100,99943,100,100091,100,99940,100
2019-06-28 09:30:00.000000070,100017,100,100010,200,100021,100,100007,100,100023,100,99998,100,100043,100,99993,100,100057,100,99980,100,100060,100,99967,100,100067,100,99964,100,100081,100,99955,100,100087,100,99953,100,100091,100,99945,100
2019-06-28 09:30:00.000000072,100017,100,100010,200,100021,100,100007,100,100023,100,99998,100,100043,100,99993,100,100057,100,99980,100,100060,100,99967,100,100067,100,99964,100,100081,100,99956,100,100087,100,99955,100,100091,100,99953,100
2019-06-28 09:30:00.000000073,100017,100,100011,100,100021,100,100010,200,100023,100,100007,100,100043,100,99998,100,100057,100,99993,100,100060,100,99980,100,100067,100,99967,100,100081,100,99964,100,100087,100,99956,100,100091,100,99955,100
2019-06-28 09:30:00.000000074,100017,100,100011,100,100021,100,100010,200,100023,100,100007,100,100043,100,99998,100,100057,100,99995,100,100060,100,99993,100,100067,100,99980,100,100081,100,99967,100,100087,100,99964,100,100091,100,99956,100
2019-06-28 09:30:00.000000075,100017,100,100011,100,100021,100,100010,200,100023,100,100007,100,100043,100,99998,100,100057,100,99995,100,100060,100,99993,100,100067,100,99980,100,100081,100,99973,100,100087,100,99967,100,100091,100,99964,100
2019-06-28 09:30:00.000000077,100017,100,100010,200,100021,100,100007,100,100023,100,99998,100,100043,100,99995,100,100057,100,99993,100,100060,100,99980,100,100067,100,99973,100,100081,100,99967,100,100087,100,99964,100,100091,100,99956,100
2019-06-28 09:30:00.000000078,100017,100,100010,200,100021,100,100007,100,100023,100,99998,100,100043,100,99995,100,100057,100,99993,100,100060,100,99980,100,100067,100,99973,100,100081,100,99967,100,100087,100,99964,100,100091,100,99956,100
2019-06-28 09:30:00.000000080,100017,100,100010,200,100021,100,100007,100,100023,100,99998,100,100043,100,99995,100,100057,100,99993,100,100060,100,99980,100,100067,100,99977,100,100081,100,99973,100,100087,100,99967,100,100091,100,99964,100
2019-06-28 09:30:00.000000081,100017,100,100010,200,100021,100,100007,100,100023,100,99998,100,100043,100,99995,100,100057,100,99993,100,100060,100,99980,100,100067,100,99977,100,100081,100,99973,100,100087,100,99967,100,100091,100,99964,100
2019-06-28 09:30:00.000000082,100017,100,100010,200,100021,100,100007,100,100023,100,99998,100,100043,100,99996,100,100057,100,99995,100,100060,100,99993,100,100067,100,99980,100,100081,100,99977,100,100087,100,99973,100,100091,100,99967,100
2019-06-28 09:30:00.000000090,100017,100,100011,100,100021,100,100010,200,100023,100,100007,100,100043,100,99998,100,100057,100,99996,100,100060,100,99995,100,100067,100,99993,100,100081,100,99980,100,100087,100,99977,100,100091,100,99973,100
2019-06-28 09:30:00.000000093,100017,100,100011,100,100021,100,100010,200,100023,100,100007,100,100043,100,99998,100,100057,100,99996,100,100060,100,99995,100,100067,100,99993,100,100081,100,99980,100,100087,100,99977,100,100091,100,99973,100
2019-06-28 09:30:00.000000098,100017,100,100011,100,100021,100,100010,200,100023,100,100007,100,100043,100,99998,100,100045,100,99996,100,100057,100,99995,100,100060,100,99993,100,100067,100,99980,100,100081,100,99977,100,100087,100,99973,100
2019-06-28 09:30:10.000000000,100017,202,100011,202,100021,202,100010,302,100023,202,100007,202,100043,202,99998,202,100045,100,99996,100,100057,100,99995,100,100060,100,99993,100,100067,100,99980,100,100081,100,99977,100,100087,100,99973,100
2019-06-28 09:30:13.011446150,100017,202,100011,202,100021,202,100010,302,100023,202,100007,202,100043,202,99998,202,100045,100,99996,100,100057,100,99995,100,100060,100,99993,100,100067,100,99980,100,100081,100,99977,100,100087,100,99973,100
2019-06-28 09:30:20.000000000,100017,238,100011,238,100021,234,100010,334,100023,234,100007,234,100043,100,99998,100,100045,100,99996,100,100057,100,99995,100,100060,100,99993,100,100067,100,99980,100,100081,100,99977,100,100087,100,99973,100
2019-06-28 09:30:30.000000000,100017,506,100011,506,100021,100,100010,200,100023,100,100007,100,100043,100,99998,100,100045,100,99996,100,100057,100,99995,100,100060,100,99993,100,100067,100,99980,100,100081,100,99977,100,100087,100,99973,100
2019-06-28 09:30:32.273198291,100017,506,100011,406,100021,100,100010,200,100023,100,100007,100,100043,100,99998,100,100045,100,99996,100,100057,100,99995,100,100060,100,99993,100,100067,100,99980,100,100081,100,99977,100,100087,100,99973,100
2019-06-28 09:30:34.760503092,100017,406,100011,406,100021,100,100010,200,100023,100,100007,100,100043,100,99996,100,100045,100,99995,100,100057,100,99993,100,100060,100,99980,100,100067,100,99977,100,100081,100,99973,100,100087,100,99967,100
2019-06-28 09:30:40.000000000,100021,303,100010,403,100023,303,100007,303,100043,100,99996,100,100045,100,99995,100,100057,100,99993,100,100060,100,99980,100,100067,100,99977,100,100081,100,99973,100,100087,100,99967,100,100094,100,99964,100
2019-06-28 09:30:40.444705368,100021,203,100010,403,100023,303,100007,303,100043,100,99996,100,100045,100,99995,100,100057,100,99993,100,100067,100,99980,100,100081,100,99977,100,100087,100,99973,100,100094,100,99967,100,100111,100,99964,100
2019-06-28 09:30:50.000000000,100023,202,100010,302,100043,202,100007,202,100045,202,99996,202,100057,202,99995,202,100067,100,99993,100,100081,100,99980,100,100087,100,99977,100,100094,100,99973,100,100111,100,99967,100,100115,100,99964,100
2019-06-28 09:31:00.000000000,100023,303,100010,403,100043,303,100007,303,100045,100,99996,100,100057,100,99995,100,100067,100,99993,100,100081,100,99980,100,100087,100,99977,100,100094,100,99973,100,100111,100,99967,100,100115,100,99964,100
2019-06-28 09:31:06.071587201,100023,303,100017,100,100043,303,100010,403,100045,100,100007,303,100057,100,99996,100,100067,100,99995,100,100081,100,99993,100,100087,100,99980,100,100094,100,99977,100,100111,100,99973,100,100115,100,99967,100
2019-06-28 09:31:10.000000000,100023,202,100017,202,100043,202,100010,302,100045,202,100007,202,100057,202,99996,202,100067,100,99995,100,100081,100,99993,100,100087,100,99980,100,100094,100,99977,100,100111,100,99973,100,100115,100,99967,100
2019-06-28 09:31:20.000000000,100023,303,100017,303,100043,303,100010,403,100045,100,100007,100,100057,100,99996,100,100067,100,99995,100,100081,100,99993,100,100087,100,99980,100,100094,100,99977,100,100111,100,99973,100,100115,100,99967,100
2019-06-28 09:31:30.000000000,100023,202,100017,202,100043,202,100010,302,100045,202,100007,202,100057,202,99996,202,100067,100,99995,100,100081,100,99993,100,100087,100,99980,100,100094,100,99977,100,100111,100,99973,100,100115,100,99967,100
2019-06-28 09:31:40.000000000,100023,181,100017,181,100043,181,100010,281,100045,181,100007,181,100057,181,99996,181,100067,181,99995,181,100081,100,99993,100,100087,100,99980,100,100094,100,99977,100,100111,100,99973,100,100115,100,99967,100
2019-06-28 09:31:44.215685134,100023,81,100017,181,100043,181,100010,281,100045,181,100007,181,100057,181,99996,181,100067,181,99995,181,100081,100,99993,100,100087,100,99980,100,100094,100,99977,100,100111,100,99973,100,100115,100,99967,100
2019-06-28 09:31:44.826989935,100043,181,100023,19,100045,181,100017,181,100057,181,100010,281,100067,181,100007,181,100081,100,99996,181,100087,100,99995,181,100094,100,99993,100,100111,100,99980,100,100115,100,99977,100,100120,100,99973,100
2019-06-28 09:31:50.000000000,100043,202,100023,121,100045,202,100017,202,100057,202,100010,302,100067,202,100007,202,100081,100,99996,100,100087,100,99995,100,100094,100,99993,100,100111,100,99980,100,100115,100,99977,100,100120,100,99973,100
2019-06-28 09:32:00.000000000,100043,181,100023,100,100045,181,100017,181,100057,181,100010,281,100067,181,100007,181,100081,181,99996,181,100087,100,99995,100,100094,100,99993,100,100111,100,99980,100,100115,100,99977,100,100120,100,99973,100
2019-06-28 09:32:02.214790492,100043,81,100023,100,100045,181,100017,181,100057,181,100010,281,100067,181,100007,181,100081,181,99996,181,100087,100,99995,100,100094,100,99993,100,100111,100,99980,100,100115,100,99977,100,100120,100,99973,100
2019-06-28 09:32:04.383342092,100045,181,100043,19,100057,181,100023,100,100067,181,100017,181,100081,181,100010,281,100087,100,100007,181,100094,100,99996,181,100111,100,99995,100,100115,100,99993,100,100120,100,99980,100,100128,200,99977,100
2019-06-28 09:32:10.000000000,100045,238,100043,157,100057,234,100023,153,100067,234,100017,234,100081,100,100010,200,100087,100,100007,100,100094,100,99996,100,100111,100,99995,100,100115,100,99993,100,100120,100,99980,100,100128,200,99977,100
2019-06-28 09:32:20.000000000,100045,238,100043,157,100057,234,100023,153,100067,234,100017,234,100081,100,100010,200,100087,100,100007,100,100094,100,99996,100,100111,100,99995,100,100115,100,99993,100,100120,100,99980,100,100128,200,99977,100
2019-06-28 09:32:30.000000000,100045,181,100043,100,100057,181,100023,100,100067,181,100017,181,100081,181,100010,281,100087,181,100007,181,100094,100,99996,100,100111,100,99995,100,100115,100,99993,100,100120,100,99980,100,100128,200,99977,100
2019-06-28 09:32:40.000000000,100045,506,100043,425,100057,100,100023,19,100067,100,100017,100,100081,100,100010,200,100087,100,100007,100,100094,100,99996,100,100111,100,99995,100,100115,100,99993,100,100120,100,99980,100,100128,200,99977,100
2019-06-28 09:32:50.000000000,100045,506,100043,425,100057,100,100023,19,100067,100,100017,100,100081,100,100010,200,100087,100,100007,100,100094,100,99996,100,100111,100,99995,100,100115,100,99993,100,100120,100,99980,100,100128,200,99977,100
2019-06-28 09:32:55.068226873,100045,406,100043,425,100057,100,100023,19,100067,100,100017,100,100081,100,100010,200,100087,100,100007,100,100094,100,99996,100,100111,100,99995,100,100115,100,99993,100,100120,100,99980,100,100128,200,99977,100
2019-06-28 09:32:59.947729887,100045,406,100043,425,100057,100,100023,19,100067,100,100017,100,100081,100,100010,200,100087,100,100007,100,100094,100,99996,100,100111,100,99995,100,100115,100,99993,100,100120,100,99980,100,100128,200,99977,100
2019-06-28 09:33:00.000000000,100057,238,100043,157,100067,234,100023,153,100081,234,100017,234,100087,100,100010,200,100094,100,100007,100,100111,100,99996,100,100115,100,99995,100,100120,100,99993,100,100128,200,99980,100,100143,100,99977,100
2019-06-28 09:33:10.000000000,100057,303,100043,222,100067,303,100023,222,100081,100,100017,100,100087,100,100010,200,100094,100,100007,100,100111,100,99996,100,100115,100,99995,100,100120,100,99993,100,100128,200,99980,100,100143,100,99977,100
2019-06-28 09:33:20.000000000,100057,303,100043,222,100067,303,100023,222,100081,100,100017,100,100087,100,100010,200,100094,100,100007,100,100111,100,99996,100,100115,100,99995,100,100120,100,99993,100,100128,200,99980,100,100143,100,99977,100
2019-06-28 09:33:24.297665914,100057,303,100044,100,100067,303,100043,222,100081,100,100023,222,100087,100,100017,100,100094,100,100010,200,100111,100,100007,100,100115,100,99996,100,100120,100,99995,100,100128,200,99993,100,100143,100,99980,100
2019-06-28 09:33:30.000000000,100057,303,100044,303,100067,303,100043,222,100081,100,100023,19,100087,100,100017,100,100094,100,100010,200,100111,100,100007,100,100115,100,99996,100,100120,100,99995,100,100128,200,99993,100,100143,100,99980,100
2019-06-28 09:33:33.266652679,100057,303,100044,303,100067,303,100043,222,100081,100,100023,19,100087,100,100017,100,100094,100,100010,200,100111,100,100007,100,100115,100,99996,100,100120,100,99995,100,100128,200,99993,100,100143,100,99980,100
2019-06-28 09:33:40.000000000,100057,303,100044,303,100067,303,100043,222,100081,100,100023,19,100087,100,100017,100,100094,100,100010,200,100111,100,100007,100,100115,100,99996,100,100120,100,99995,100,100128,200,99993,100,100143,100,99980,100
2019-06-28 09:33:50.000000000,100057,303,100044,303,100067,303,100043,222,100081,100,100023,19,100087,100,100017,100,100094,100,100010,200,100111,100,100007,100,100115,100,99996,100,100120,100,99995,100,100128,200,99993,100,100143,100,99980,100
2019-06-28 09:34:00.000000000,100057,202,100044,202,100067,202,100043,121,100081,202,100023,121,100087,202,100017,202,100094,100,100010,200,100111,100,100007,100,100115,100,99996,100,100120,100,99995,100,100128,200,99993,100,100143,100,99980,100
2019-06-28 09:34:05.870405010,100057,202,100044,102,100067,202,100043,121,100081,202,100023,121,100087,202,100017,202,100094,100,100010,200,100111,100,100007,100,100115,100,99996,100,100120,100,99995,100,100128,200,99993,100,100143,100,99980,100
2019-06-28 09:34:10.000000000,100057,303,100043,222,100067,303,100023,222,100081,100,100017,100,100087,100,100010,200,100094,100,100007,100,100111,100,99996,100,100115,100,99995,100,100120,100,99993,100,100128,200,99980,100,100143,100,99977,100
2019-06-28 09:34:20.000000000,100057,506,100043,425,100067,100,100023,19,100081,100,100017,100,100087,100,100010,200,100094,100,100007,100,100111,100,99996,100,100115,100,99995,100,100120,100,99993,100,100128,200,99980,100,100143,100,99977,100
2019-06-28 09:34:22.865043894,100057,506,100043,325,100067,100,100023,19,100081,100,100017,100,100087,100,100010,200,100111,100,100007,100,100115,100,99996,100,100120,100,99995,100,100128,200,99993,100,100143,100,99980,100,100164,100,99977,100
2019-06-28 09:34:30.000000000,100057,303,100023,222,100067,303,100017,303,100081,100,100010,200,100087,100,100007,100,100111,100,99996,100,100115,100,99995,100,100120,100,99993,100,100128,200,99980,100,100143,100,99977,100,100164,100,99973,100
2019-06-28 09:34:32.780782881,100057,303,100045,100,100067,303,100023,222,100081,100,100017,303,100087,100,100010,200,100111,100,100007,100,100115,100,99996,100,100120,100,99995,100,100128,200,99993,100,100143,100,99980,100,100179,100,99977,100
2019-06-28 09:34:38.885350077,100057,303,100023,222,100067,303,100017,303,100081,100,100010,200,100087,100,100007,100,100111,100,99996,100,100115,100,99995,100,100120,100,99993,100,100128,200,99980,100,100143,100,99977,100,100179,100,99973,100
2019-06-28 09:34:40.000000000,100057,303,100023,222,100067,303,100017,303,100081,100,100010,200,100087,100,100007,100,100111,100,99996,100,100115,100,99995,100,100120,100,99993,100,100128,200,99980,100,100143,100,99977,100,100179,100,99973,100
2019-06-28 09:34:50.000000000,100057,506,100023,425,100067,100,100017,100,100081,100,100010,200,100087,100,100007,100,100111,100,99996,100,100115,100,99995,100,100120,100,99993,100,100128,200,99980,100,100143,100,99977,100,100179,100,99973,100
2019-06-28 09:34:54.560742709,100057,506,100023,325,100067,100,100017,100,100081,100,100010,200,100087,100,100007,100,100111,100,99996,100,100115,100,99995,100,100120,100,99993,100,100128,200,99980,100,100143,100,99977,100,100179,100,99973,100
2019-06-28 09:34:57.333176895,100057,506,100023,225,100067,100,100017,100,100081,100,100010,200,100087,100,100007,100,100111,100,99996,100,100115,100,99995,100,100120,100,99993,100,100128,200,99980,100,100143,100,99977,100,100179,100,99973,100
2019-06-28 09:35:00.000000000,100057,303,100017,303,100067,303,100010,403,100081,100,100007,100,100087,100,99996,100,100111,100,99995,100,100115,100,99993,100,100120,100,99980,100,100128,200,99977,100,100143,100,99973,100,100179,100,99967,100
2019-06-28 09:35:00.566671192,100057,203,100017,203,100067,303,100010,403,100081,100,100007,100,100087,100,99996,100,100111,100,99995,100,100115,100,99993,100,100120,100,99980,100,100128,200,99977,100,100143,100,99973,100,100179,100,99967,100
2019-06-28 09:35:10.000000000,100067,202,100010,302,100081,202,100007,202,100087,202,99996,202,100111,202,99995,202,100115,100,99993,100,100120,100,99980,100,100128,200,99977,100,100143,100,99973,100,100179,100,99967,100,100236,100,99964,100
2019-06-28 09:35:11.691736244,100023,100,100010,302,100067,202,100007,202,100081,202,99996,202,100087,202,99995,202,100111,202,99993,100,100115,100,99980,100,100120,100,99977,100,100128,200,99973,100,100143,100,99967,100,100179,100,99964,100
2019-06-28 09:35:16.411993079,100023,200,100010,302,100067,202,100007,202,100081,202,99996,202,100087,202,99995,202,100111,202,99993,100,100115,100,99980,100,100120,100,99977,100,100128,200,99973,100,100143,100,99967,100,100179,100,99964,100
2019-06-28 09:35:19.036418314,100023,200,100010,302,100067,202,100007,202,100081,202,99996,202,100087,202,99995,202,100111,202,99993,100,100115,100,99977,100,100120,100,99973,100,100128,200,99967,100,100143,100,99964,100,100179,100,99956,100
2019-06-28 09:35:20.000000000,100023,281,100010,281,100067,181,100007,181,100081,181,99996,181,100087,181,99995,181,100111,181,99993,181,100115,100,99977,100,100120,100,99973,100,100128,200,99967,100,100143,100,99964,100,100179,100,99956,100
2019-06-28 09:35:26.863391039,100023,281,100010,281,100067,181,100007,181,100081,181,99996,181,100087,181,99995,181,100111,181,99993,181,100115,100,99977,100,100120,100,99973,100,100128,200,99967,100,100143,100,99964,100,100179,100,99956,100
2019-06-28 09:35:30.000000000,100023,302,100010,302,100067,202,100007,202,100081,202,99996,202,100087,202,99995,202,100111,100,99993,100,100115,100,99977,100,100120,100,99973,100,100128,200,99967,100,100143,100,99964,100,100179,100,99956,100
2019-06-28 09:35:40.000000000,100023,281,100010,281,100067,181,100007,181,100081,181,99996,181,100087,181,99995,181,100111,181,99993,181,100115,100,99977,100,100120,100,99973,100,100128,200,99967,100,100143,100,99964,100,100179,100,99956,100
2019-06-28 09:35:46.121078897,100023,281,100010,281,100067,181,100007,181,100081,181,99996,181,100087,181,99995,181,100111,181,99993,181,100115,100,99977,100,100120,100,99973,100,100128,200,99967,100,100143,100,99964,100,100179,100,99956,100
2019-06-28 09:35:47.866470424,100023,281,100010,281,100067,181,100007,181,100081,181,99996,181,100087,181,99995,181,100111,181,99993,181,100115,100,99977,100,100120,100,99973,100,100128,200,99967,100,100143,100,99964,100,100179,100,99956,100
2019-06-28 09:35:50.000000000,100023,302,100010,302,100067,202,100007,202,100081,202,99996,202,100087,202,99995,202,100111,100,99993,100,100115,100,99977,100,100120,100,99973,100,100128,200,99967,100,100143,100,99964,100,100179,100,99956,100
2019-06-28 09:36:00.000000000,100023,281,100010,281,100067,181,100007,181,100081,181,99996,181,100087,181,99995,181,100111,181,99993,181,100115,100,99977,100,100120,100,99973,100,100128,200,99967,100,100143,100,99964,100,100179,100,99956,100
2019-06-28 09:36:02.699710213,100023,281,100010,281,100067,181,100007,181,100081,181,99996,181,100087,181,99995,181,100111,181,99993,181,100115,100,99977,100,100120,100,99973,100,100128,200,99967,100,100143,100,99964,100,100179,100,99956,100
2019-06-28 09:36:10.000000000,100023,338,100010,338,100067,234,100007,234,100081,234,99996,234,100087,100,99995,100,100111,100,99993,100,100115,100,99977,100,100120,100,99973,100,100128,200,99967,100,100143,100,99964,100,100179,100,99956,100
2019-06-28 09:36:20.000000000,100023,281,100010,281,100067,181,100007,181,100081,181,99996,181,100087,181,99995,181,100111,181,99993,181,100115,100,99977,100,100120,100,99973,100,100128,200,99967,100,100143,100,99964,100,100179,100,99956,100
2019-06-28 09:36:30.000000000,100023,403,100010,403,100067,303,100007,303,100081,100,99996,100,100087,100,99995,100,100111,100,99993,100,100115,100,99977,100,100120,100,99973,100,100128,200,99967,100,100143,100,99964,100,100179,100,99956,100
2019-06-28 09:36:40.000000000,100023,338,100010,338,100067,234,100007,234,100081,234,99996,234,100087,100,99995,100,100111,100,99993,100,100115,100,99977,100,100120,100,99973,100,100128,200,99967,100,100143,100,99964,100,100179,100,99956,100
2019-06-28 09:36:41.384801304,100023,338,100010,338,100067,234,100007,234,100070,100,99996,234,100081,234,99995,100,100087,100,99993,100,100111,100,99977,100,100115,100,99973,100,100120,100,99967,100,100128,200,99964,100,100143,100,99956,100
2019-06-28 09:36:50.000000000,100023,281,100010,281,100067,181,100007,181,100070,181,99996,181,100081,181,99995,181,100087,181,99993,181,100111,100,99977,100,100115,100,99973,100,100120,100,99967,100,100128,200,99964,100,100143,100,99956,100
2019-06-28 09:36:56.604793219,100023,181,100010,281,100067,181,100007,181,100070,181,99996,181,100081,181,99995,181,100087,181,99993,181,100111,100,99977,100,100115,100,99973,100,100120,100,99967,100,100128,200,99964,100,100143,100,99956,100
2019-06-28 09:37:00.000000000,100023,303,100010,403,100067,303,100007,303,100070,100,99996,100,100081,100,99995,100,100087,100,99993,100,100111,100,99977,100,100115,100,99973,100,100120,100,99967,100,100128,200,99964,100,100143,100,99956,100
2019-06-28 09:37:10.000000000,100023,303,100010,403,100067,303,100007,303,100070,100,99996,100,100081,100,99995,100,100087,100,99993,100,100111,100,99977,100,100115,100,99973,100,100120,100,99967,100,100128,200,99964,100,100143,100,99956,100
2019-06-28 09:37:20.000000000,100023,181,100010,281,100067,181,100007,181,100070,181,99996,181,100081,181,99995,181,100087,181,99993,181,100111,100,99977,100,100115,100,99973,100,100120,100,99967,100,100128,200,99964,100,100143,100,99956,100
2019-06-28 09:37:30.000000000,100023,238,100010,338,100067,234,100007,234,100070,234,99996,234,100081,100,99995,100,100087,100,99993,100,100111,100,99977,100,100115,100,99973,100,100120,100,99967,100,100128,200,99964,100,100143,100,99956,100
2019-06-28 09:37:33.206566917,100023,138,100010,338,100067,234,100007,234,100070,234,99996,234,100081,100,99995,100,100087,100,99993,100,100111,100,99977,100,100115,100,99973,100,100120,100,99967,100,100128,200,99964,100,100143,100,99956,100
2019-06-28 09:37:40.000000000,100067,506,100010,606,100070,100,100007,100,100081,100,99996,100,100087,100,99995,100,100111,100,99993,100,100115,100,99977,100,100120,100,99973,100,100128,200,99967,100,100143,100,99964,100,100179,100,99956,100
2019-06-28 09:37:48.643243233,100067,406,100010,606,100070,100,100007,100,100081,100,99996,100,100087,100,99995,100,100111,100,99993,100,100115,100,99977,100,100120,100,99973,100,100128,200,99967,100,100143,100,99964,100,100179,100,99956,100
2019-06-28 09:37:50.000000000,100070,238,100010,338,100081,234,100007,234,100087,234,99996,234,100111,100,99995,100,100115,100,99993,100,100120,100,99977,100,100128,200,99973,100,100143,100,99967,100,100179,100,99964,100,100236,100,99956,100
2019-06-28 09:37:52.484257612,100070,238,100010,338,100081,234,100007,234,100087,234,99996,234,100111,100,99995,100,100115,100,99993,100,100120,100,99977,100,100128,200,99973,100,100143,100,99967,100,100179,100,99964,100,100236,100,99956,100
2019-06-28 09:38:00.000000000,100070,202,100010,302,100081,202,100007,202,100087,202,99996,202,100111,202,99995,202,100115,100,99993,100,100120,100,99977,100,100128,200,99973,100,100143,100,99967,100,100179,100,99964,100,100236,100,99956,100
2019-06-28 09:38:10.000000000,100070,181,100010,281,100081,181,100007,181,100087,181,99996,181,100111,181,99995,181,100115,181,99993,181,100120,100,99977,100,100128,200,99973,100,100143,100,99967,100,100179,100,99964,100,100236,100,99956,100
2019-06-28 09:38:19.372398313,100070,181,100010,281,100081,181,100007,181,100087,181,99996,181,100111,181,99995,181,100115,181,99993,181,100120,100,99977,100,100128,200,99973,100,100143,100,99967,100,100179,100,99964,100,100236,100,99956,100
2019-06-28 09:38:20.000000000,100070,238,100010,338,100081,234,100007,234,100087,234,99996,234,100111,100,99995,100,100115,100,99993,100,100120,100,99977,100,100128,200,99973,100,100143,100,99967,100,100179,100,99964,100,100236,100,99956,100
2019-06-28 09:38:30.000000000,100070,238,100010,338,100081,234,100007,234,100087,234,99996,234,100111,100,99995,100,100115,100,99993,100,100120,100,99977,100,100128,200,99973,100,100143,100,99967,100,100179,100,99964,100,100236,100,99956,100
2019-06-28 09:38:40.000000000,100070,506,100010,606,100081,100,100007,100,100087,100,99996,100,100111,100,99995,100,100115,100,99993,100,100120,100,99977,100,100128,200,99973,100,100143,100,99967,100,100179,100,99964,100,100236,100,99956,100
2019-06-28 09:38:50.000000000,100070,181,100010,281,100081,181,100007,181,100087,181,99996,181,100111,181,99995,181,100115,181,99993,181,100120,100,99977,100,100128,200,99973,100,100143,100,99967,100,100179,100,99964,100,100236,100,99956,100
2019-06-28 09:39:00.000000000,100070,238,100010,338,100081,234,100007,234,100087,234,99996,234,100111,100,99995,100,100115,100,99993,100,100120,100,99977,100,100128,200,99973,100,100143,100,99967,100,100179,100,99964,100,100236,100,99956,100
2019-06-28 09:39:10.000000000,100070,303,100010,403,100081,303,100007,303,100087,100,99996,100,100111,100,99995,100,100115,100,99993,100,100120,100,99977,100,100128,200,99973,100,100143,100,99967,100,100179,100,99964,100,100236,100,99956,100
2019-06-28 09:39:17.420125797,100070,303,100010,403,100081,303,100007,303,100087,100,99996,100,100111,100,99995,100,100115,100,99993,100,100120,100,99977,100,100128,200,99973,100,100143,100,99967,100,100179,100,99964,100,100236,100,99956,100
2019-06-28 09:39:20.000000000,100070,181,100010,281,100081,181,100007,181,100087,181,99996,181,100111,181,99995,181,100115,181,99993,181,100120,100,99977,100,100128,200,99973,100,100143,100,99967,100,100179,100,99964,100,100236,100,99956,100
2019-06-28 09:39:30.000000000,100070,202,100010,302,100081,202,100007,202,100087,202,99996,202,100111,202,99995,202,100115,100,99993,100,100120,100,99977,100,100128,200,99973,100,100143,100,99967,100,100179,100,99964,100,100236,100,99956,100
2019-06-28 09:39:30.609818849,100059,100,100010,302,100070,202,100007,202,100081,202,99996,202,100087,202,99995,202,100111,202,99993,100,100115,100,99977,100,100120,100,99973,100,100128,100,99967,100,100143,100,99964,100,100179,100,99956,100
2019-06-28 09:39:38.668361611,100070,202,100010,302,100081,202,100007,202,100087,202,99996,202,100111,202,99995,202,100115,100,99993,100,100120,100,99977,100,100128,100,99973,100,100143,100,99967,100,100179,100,99964,100,100236,100,99956,100
2019-06-28 09:39:40.000000000,100070,303,100010,403,100081,303,100007,303,100087,100,99996,100,100111,100,99995,100,100115,100,99993,100,100120,100,99977,100,100128,100,99973,100,100143,100,99967,100,100179,100,99964,100,100236,100,99956,100
2019-06-28 09:39:42.185129845,100070,303,100010,403,100081,303,100007,303,100087,100,99996,100,100111,100,99995,100,100115,100,99993,100,100120,100,99977,100,100128,100,99973,100,100143,100,99967,100,100177,100,99964,100,100179,100,99956,100
2019-06-28 09:39:47.397968542,100070,303,100010,403,100081,303,100007,303,100087,100,99996,100,100111,100,99995,100,100115,100,99993,100,100118,100,99977,100,100120,100,99973,100,100128,100,99967,100,100143,100,99964,100,100177,100,99956,100
2019-06-28 09:39:50.000000000,100070,506,100010,606,100081,100,100007,100,100087,100,99996,100,100111,100,99995,100,100115,100,99993,100,100118,100,99977,100,100120,100,99973,100,100128,100,99967,100,100143,100,99964,100,100177,100,99956,100
2019-06-28 09:39:50.416502023,100070,406,100010,606,100081,100,100007,100,100087,100,99996,100,100111,100,99995,100,100115,100,99993,100,100118,100,99977,100,100120,100,99973,100,100128,100,99967,100,100143,100,99964,100,100177,100,99956,100
2019-06-28 09:39:52.352320660,100070,406,100059,100,100081,100,100010,606,100087,100,100007,100,100111,100,99996,100,100115,100,99995,100,100118,100,99993,100,100120,100,99977,100,100128,100,99973,100,100143,100,99967,100,100177,100,99956,100
2019-06-28 09:39:58.554123488,100070,406,100059,100,100081,100,100010,606,100111,100,100007,100,100115,100,99996,100,100118,100,99995,100,100120,100,99993,100,100128,100,99977,100,100143,100,99973,100,100177,100,99967,100,100179,100,99956,100
2019-06-28 09:40:00.000000000,100081,506,100059,506,100111,100,100010,200,100115,100,100007,100,100118,100,99996,100,100120,100,99995,100,100128,100,99993,100,100143,100,99977,100,100177,100,99973,100,100179,100,99967,100,100236,100,99956,100
2019-06-28 09:40:10.000000000,100081,506,100059,506,100111,100,100010,200,100115,100,100007,100,100118,100,99996,100,100120,100,99995,100,100128,100,99993,100,100143,100,99977,100,100177,100,99973,100,100179,100,99967,100,100236,100,99956,100
2019-06-28 09:40:10.684141783,100081,506,100059,406,100111,100,100010,200,100115,100,100007,100,100118,100,99996,100,100120,100,99995,100,100128,100,99993,100,100143,100,99977,100,100177,100,99973,100,100179,100,99967,100,100236,100,99956,100
2019-06-28 09:40:20.000000000,100081,506,100010,606,100111,100,100007,100,100115,100,99996,100,100118,100,99995,100,100120,100,99993,100,100128,100,99977,100,100143,100,99973,100,100177,100,99967,100,100179,100,99956,100,100236,100,99955,100
2019-06-28 09:40:28.189625827,100081,506,100010,506,100111,100,100007,100,100115,100,99996,100,100118,100,99995,100,100120,100,99993,100,100128,100,99977,100,100143,100,99973,100,100177,100,99967,100,100179,100,99956,100,100236,100,99955,100
2019-06-28 09:40:30.000000000,100081,506,100010,506,100111,100,100007,100,100115,100,99996,100,100118,100,99995,100,100120,100,99993,100,100128,100,99977,100,100143,100,99973,100,100177,100,99967,100,100179,100,99956,100,100236,100,99955,100
2019-06-28 09:40:34.816498139,100081,506,100010,406,100111,100,100007,100,100115,100,99996,100,100118,100,99995,100,100120,100,99993,100,100128,100,99977,100,100143,100,99973,100,100177,100,99967,100,100179,100,99956,100,100236,100,99955,100
2019-06-28 09:40:40.000000000,100081,238,100007,238,100111,234,99996,234,100115,234,99995,234,100118,100,99993,100,100120,100,99977,100,100128,100,99973,100,100143,100,99967,100,100177,100,99956,100,100179,100,99955,100,100236,100,99953,100
2019-06-28 09:40:46.433589361,100081,238,100007,138,100111,234,99996,234,100115,234,99995,234,100118,100,99993,100,100120,100,99977,100,100128,100,99973,100,100143,100,99967,100,100177,100,99956,100,100179,100,99955,100,100236,100,99953,100
2019-06-28 09:40:47.990906642,100010,100,100007,138,100081,238,99996,234,100111,234,99995,234,100115,234,99993,100,100118,100,99977,100,100120,100,99973,100,100128,100,99967,100,100143,100,99956,100,100177,100,99955,100,100179,100,99953,100
2019-06-28 09:40:50.000000000,100010,202,99996,202,100081,202,99995,202,100111,202,99993,202,100115,202,99977,202,100118,100,99973,100,100120,100,99967,100,100128,100,99956,100,100143,100,99955,100,100177,100,99953,100,100179,100,99945,100
2019-06-28 09:40:50.122941929,100010,202,99996,102,100081,202,99995,202,100111,202,99993,202,100115,202,99977,202,100118,100,99973,100,100120,100,99967,100,100128,100,99956,100,100143,100,99955,100,100177,100,99953,100,100179,100,99945,100
2019-06-28 09:40:56.717440675,100007,100,99996,102,100010,202,99995,202,100081,202,99993,202,100111,202,99977,202,100115,202,99973,100,100118,100,99967,100,100120,100,99956,100,100128,100,99955,100,100143,100,99953,100,100177,100,99945,100
2019-06-28 09:41:00.000000000,100007,303,99995,303,100010,303,99993,303,100081,100,99977,100,100111,100,99973,100,100115,100,99967,100,100118,100,99956,100,100120,100,99955,100,100128,100,99953,100,100143,100,99945,100,100177,100,99943,100
2019-06-28 09:41:10.000000000,100007,202,99995,202,100010,202,99993,202,100081,202,99977,202,100111,202,99973,202,100115,100,99967,100,100118,100,99956,100,100120,100,99955,100,100128,100,99953,100,100143,100,99945,100,100177,100,99943,100
2019-06-28 09:41:19.061055489,100007,302,99995,202,100010,202,99993,202,100081,202,99977,202,100111,202,99973,202,100115,100,99967,100,100118,100,99956,100,100120,100,99955,100,100128,100,99953,100,100143,100,99945,100,100177,100,99943,100
2019-06-28 09:41:20.000000000,100007,302,99995,202,100010,202,99993,202,100081,202,99977,202,100111,202,99973,202,100115,100,99967,100,100118,100,99956,100,100120,100,99955,100,100128,100,99953,100,100143,100,99945,100,100177,100,99943,100
2019-06-28 09:41:30.000000000,100007,302,99995,202,100010,202,99993,202,100081,202,99977,202,100111,202,99973,202,100115,100,99967,100,100118,100,99956,100,100120,100,99955,100,100128,100,99953,100,100143,100,99945,100,100177,100,99943,100
2019-06-28 09:41:40.000000000,100007,403,99995,303,100010,303,99993,303,100081,100,99977,100,100111,100,99973,100,100115,100,99967,100,100118,100,99956,100,100120,100,99955,100,100128,100,99953,100,100143,100,99945,100,100177,100,99943,100
2019-06-28 09:41:50.000000000,100007,281,99995,181,100010,181,99993,181,100081,181,99977,181,100111,181,99973,181,100115,181,99967,181,100118,100,99956,100,100120,100,99955,100,100128,100,99953,100,100143,100,99945,100,100177,100,99943,100
2019-06-28 09:42:00.000000000,100007,281,99995,181,100010,181,99993,181,100081,181,99977,181,100111,181,99973,181,100115,181,99967,181,100118,100,99956,100,100120,100,99955,100,100128,100,99953,100,100143,100,99945,100,100177,100,99943,100
2019-06-28 09:42:03.318874634,100007,381,99995,181,100010,181,99993,181,100081,181,99977,181,100111,181,99973,181,100115,181,99967,181,100118,100,99956,100,100120,100,99955,100,100128,100,99953,100,100143,100,99945,100,100177,100,99943,100
2019-06-28 09:42:06.563009438,100007,381,99995,81,100010,181,99993,181,100081,181,99977,181,100111,181,99973,181,100115,181,99967,181,100118,100,99956,100,100120,100,99955,100,100128,100,99953,100,100143,100,99945,100,100177,100,99943,100
2019-06-28 09:42:10.000000000,100007,503,99993,303,100010,303,99977,303,100081,100,99973,100,100111,100,99967,100,100115,100,99956,100,100118,100,99955,100,100120,100,99953,100,100128,100,99945,100,100143,100,99943,100,100177,100,99939,100
2019-06-28 09:42:20.000000000,100007,438,99993,238,100010,234,99977,234,100081,234,99973,234,100111,100,99967,100,100115,100,99956,100,100118,100,99955,100,100120,100,99953,100,100128,100,99945,100,100143,100,99943,100,100177,100,99939,100
2019-06-28 09:42:30.000000000,100007,706,99993,506,100010,100,99977,100,100081,100,99973,100,100111,100,99967,100,100115,100,99956,100,100118,100,99955,100,100120,100,99953,100,100128,100,99945,100,100143,100,99943,100,100177,100,99939,100
2019-06-28 09:42:40.000000000,100007,438,99993,238,100010,234,99977,234,100081,234,99973,234,100111,100,99967,100,100115,100,99956,100,100118,100,99955,100,100120,100,99953,100,100128,100,99945,100,100143,100,99943,100,100177,100,99939,100
2019-06-28 09:42:50.000000000,100007,381,99993,181,100010,181,99977,181,100081,181,99973,181,100111,181,99967,181,100115,181,99956,181,100118,100,99955,100,100120,100,99953,100,100128,100,99945,100,100143,100,99943,100,100177,100,99939,100
2019-06-28 09:43:00.000000000,100007,381,99993,181,100010,181,99977,181,100081,181,99973,181,100111,181,99967,181,100115,181,99956,181,100118,100,99955,100,100120,100,99953,100,100128,100,99945,100,100143,100,99943,100,100177,100,99939,100
2019-06-28 09:43:10.000000000,100007,503,99993,303,100010,303,99977,303,100081,100,99973,100,100111,100,99967,100,100115,100,99956,100,100118,100,99955,100,100120,100,99953,100,100128,100,99945,100,100143,100,99943,100,100177,100,99939,100
2019-06-28 09:43:20.000000000,100007,706,99993,506,100010,100,99977,100,100081,100,99973,100,100111,100,99967,100,100115,100,99956,100,100118,100,99955,100,100120,100,99953,100,100128,100,99945,100,100143,100,99943,100,100177,100,99939,100
2019-06-28 09:43:30.000000000,100007,381,99993,181,100010,181,99977,181,100081,181,99973,181,100111,181,99967,181,100115,181,99956,181,100118,100,99955,100,100120,100,99953,100,100128,100,99945,100,100143,100,99943,100,100177,100,99939,100
2019-06-28 09:43:37.267584491,100007,381,99993,81,100010,181,99977,181,100081,181,99973,181,100111,181,99967,181,100115,181,99956,181,100118,100,99955,100,100120,100,99953,100,100128,100,99945,100,100143,100,99943,100,100177,100,99934,100
2019-06-28 09:43:40.000000000,100007,402,99977,202,100010,202,99973,202,100081,202,99967,202,100111,202,99956,202,100115,100,99955,100,100118,100,99953,100,100120,100,99945,100,100128,100,99943,100,100143,100,99934,100,100177,100,99925,100
2019-06-28 09:43:41.957369982,100007,402,99977,102,100010,202,99973,202,100081,202,99967,202,100111,202,99956,202,100115,100,99955,100,100118,100,99953,100,100120,100,99945,100,100128,100,99943,100,100143,100,99934,100,100177,100,99922,100
2019-06-28 09:43:43.525133068,100007,402,99977,102,100010,202,99973,202,100081,202,99967,202,100111,202,99956,102,100115,100,99955,100,100118,100,99953,100,100120,100,99945,100,100128,100,99943,100,100143,100,99934,100,100177,100,99922,100
2019-06-28 09:43:50.000000000,100007,381,99973,181,100010,181,99967,181,100081,181,99955,181,100111,181,99953,181,100115,181,99945,181,100118,100,99943,100,100120,100,99934,100,100128,100,99922,100,100143,100,99848,100,100177,100,99838,100
2019-06-28 09:44:00.000000000,100007,438,99973,238,100010,234,99967,234,100081,234,99955,234,100111,100,99953,100,100115,100,99945,100,100118,100,99943,100,100120,100,99934,100,100128,100,99922,100,100143,100,99848,100,100177,100,99838,100
2019-06-28 09:44:10.000000000,100007,706,99973,506,100010,100,99967,100,100081,100,99955,100,100111,100,99953,100,100115,100,99945,100,100118,100,99943,100,100120,100,99934,100,100128,100,99922,100,100143,100,99848,100,100177,100,99838,100
2019-06-28 09:44:20.000000000,100007,503,99973,303,100010,303,99967,303,100081,100,99955,100,100111,100,99953,100,100115,100,99945,100,100118,100,99943,100,100120,100,99934,100,100128,100,99922,100,100143,100,99848,100,100177,100,99838,100
2019-06-28 09:44:30.000000000,100007,438,99973,238,100010,234,99967,234,100081,234,99955,234,100111,100,99953,100,100115,100,99945,100,100118,100,99943,100,100120,100,99934,100,100128,100,99922,100,100143,100,99848,100,100177,100,99838,100
2019-06-28 09:44:40.000000000,100007,706,99973,506,100010,100,99967,100,100081,100,99955,100,100111,100,99953,100,100115,100,99945,100,100118,100,99943,100,100120,100,99934,100,100128,100,99922,100,100143,100,99848,100,100177,100,99838,100
2019-06-28 09:44:50.000000000,100007,381,99973,181,100010,181,99967,181,100081,181,99955,181,100111,181,99953,181,100115,181,99945,181,100118,100,99943,100,100120,100,99934,100,100128,100,99922,100,100143,100,99848,100,100177,100,99838,100
2019-06-28 09:44:53.383731718,99993,100,99973,181,100007,381,99967,181,100010,181,99955,181,100081,181,99953,181,100111,181,99945,181,100115,181,99943,100,100118,100,99934,100,100120,100,99922,100,100128,100,99848,100,100143,100,99838,100
2019-06-28 09:45:00.000000000,99993,181,99973,181,100007,381,99967,181,100010,181,99955,181,100081,181,99953,181,100111,181,99945,181,100115,100,99943,100,100118,100,99934,100,100120,100,99922,100,100128,100,99848,100,100143,100,99838,100
2019-06-28 09:45:03.117710896,99993,181,99973,181,100007,281,99967,181,100010,181,99955,181,100081,181,99953,181,100111,181,99945,181,100115,100,99943,100,100118,100,99934,100,100120,100,99922,100,100128,100,99848,100,100143,100,99838,100
2019-06-28 09:45:06.050882710,99993,181,99973,181,100007,281,99967,181,100010,181,99955,181,100081,181,99953,181,100111,181,99945,181,100115,100,99943,100,100118,100,99934,100,100120,100,99922,100,100128,100,99848,100,100143,100,99838,100
2019-06-28 09:45:10.000000000,99993,202,99973,202,100007,302,99967,202,100010,202,99955,202,100081,202,99953,202,100111,100,99945,100,100115,100,99943,100,100118,100,99934,100,100120,100,99922,100,100128,100,99848,100,100143,100,99838,100
2019-06-28 09:45:15.391987311,99993,202,99973,202,100007,302,99967,202,100010,202,99955,202,100081,202,99953,202,100111,100,99945,100,100115,100,99943,100,100118,100,99934,100,100120,100,99922,100,100128,100,99848,100,100143,100,99838,100
2019-06-28 09:45:20.000000000,99993,238,99973,238,100007,334,99967,234,100010,234,99955,234,100081,100,99953,100,100111,100,99945,100,100115,100,99943,100,100118,100,99934,100,100120,100,99922,100,100128,100,99848,100,100143,100,99838,100
2019-06-28 09:45:20.972338101,99993,238,99973,138,100007,334,99967,234,100010,234,99955,234,100081,100,99953,100,100111,100,99945,100,100115,100,99943,100,100118,100,99934,100,100120,100,99922,100,100128,100,99848,100,100143,100,99838,100
2019-06-28 09:45:27.139679874,99993,238,99973,38,100007,334,99967,234,100010,234,99955,234,100081,100,99953,100,100111,100,99945,100,100115,100,99943,100,100118,100,99934,100,100120,100,99922,100,100128,100,99848,100,100143,100,99838,100
2019-06-28 09:45:29.671426987,99993,238,99973,38,100007,234,99967,234,100010,234,99955,234,100081,100,99953,100,100111,100,99945,100,100115,100,99943,100,100118,100,99934,100,100120,100,99922,100,100128,100,99848,100,100143,100,99838,100
2019-06-28 09:45:30.000000000,99993,303,99967,303,100007,303,99955,303,100010,100,99953,100,100081,100,99945,100,100111,100,99943,100,100115,100,99934,100,100118,100,99922,100,100120,100,99848,100,100128,100,99838,100,100143,100,99829,100
2019-06-28 09:45:39.794271168,99973,100,99967,303,99993,303,99955,303,100007,303,99953,100,100010,100,99945,100,100081,100,99943,100,100111,100,99934,100,100115,100,99922,100,100118,100,99848,100,100120,100,99838,100,100128,100,99829,100
2019-06-28 09:45:40.000000000,99973,202,99967,202,99993,202,99955,202,100007,202,99953,202,100010,202,99945,202,100081,100,99943,100,100111,100,99934,100,100115,100,99922,100,100118,100,99848,100,100120,100,99838,100,100128,100,99829,100
2019-06-28 09:45:50.000000000,99973,202,99967,202,99993,202,99955,202,100007,202,99953,202,100010,202,99945,202,100081,100,99943,100,100111,100,99934,100,100115,100,99922,100,100118,100,99848,100,100120,100,99838,100,100128,100,99829,100
2019-06-28 09:46:00.000000000,99973,303,99967,303,99993,303,99955,303,100007,100,99953,100,100010,100,99945,100,100081,100,99943,100,100111,100,99934,100,100115,100,99922,100,100118,100,99848,100,100120,100,99838,100,100128,100,99829,100
2019-06-28 09:46:03.461385031,99973,303,99967,303,99993,303,99955,303,100007,100,99953,100,100010,100,99945,100,100081,100,99943,100,100111,100,99934,100,100115,100,99922,100,100118,100,99848,100,100120,100,99838,100,100128,100,99829,100
2019-06-28 09:46:07.077542158,99973,303,99967,203,99993,303,99955,303,100007,100,99953,100,100010,100,99945,100,100081,100,99943,100,100111,100,99934,100,100115,100,99922,100,100118,100,99848,100,100120,100,99838,100,100128,100,99829,100
2019-06-28 09:46:10.000000000,99973,238,99955,238,99993,234,99953,234,100007,234,99945,234,100010,100,99943,100,100081,100,99934,100,100111,100,99922,100,100115,100,99848,100,100118,100,99838,100,100120,100,99829,100,100128,100,99792,100
2019-06-28 09:46:20.000000000,99973,202,99955,202,99993,202,99953,202,100007,202,99945,202,100010,202,99943,202,100081,100,99934,100,100111,100,99922,100,100115,100,99848,100,100118,100,99838,100,100120,100,99829,100,100128,100,99792,100
2019-06-28 09:46:30.000000000,99973,303,99955,303,99993,303,99953,303,100007,100,99945,100,100010,100,99943,100,100081,100,99934,100,100111,100,99922,100,100115,100,99848,100,100118,100,99838,100,100120,100,99829,100,100128,100,99792,100
2019-06-28 09:46:33.352035053,99973,303,99955,303,99993,303,99953,303,100007,100,99945,100,100010,100,99943,100,100081,100,99934,100,100111,100,99922,100,100115,100,99848,100,100118,100,99843,100,100120,100,99838,100,100128,100,99829,100
2019-06-28 09:46:40.000000000,99973,303,99955,303,99993,303,99953,303,100007,100,99945,100,100010,100,99943,100,100081,100,99934,100,100111,100,99922,100,100115,100,99848,100,100118,100,99843,100,100120,100,99838,100,100128,100,99829,100
2019-06-28 09:46:45.284752804,99973,303,99955,203,99993,303,99953,303,100007,100,99945,100,100010,100,99943,100,100081,100,99934,100,100111,100,99922,100,100115,100,99848,100,100118,100,99843,100,100120,100,99838,100,100128,100,99829,100
2019-06-28 09:46:47.648634626,99973,303,99955,203,99993,303,99953,303,100007,100,99945,100,100010,100,99943,100,100081,100,99934,100,100111,100,99922,100,100115,100,99848,100,100118,100,99843,100,100120,100,99829,100,100128,100,99792,100
2019-06-28 09:46:50.000000000,99973,181,99953,181,99993,181,99945,181,100007,181,99943,181,100010,181,99934,181,100081,181,99922,181,100111,100,99848,100,100115,100,99843,100,100118,100,99829,100,100120,100,99792,100,100128,100,99773,200
2019-06-28 09:47:00.000000000,99973,303,99953,303,99993,303,99945,303,100007,100,99943,100,100010,100,99934,100,100081,100,99922,100,100111,100,99848,100,100115,100,99843,100,100118,100,99829,100,100120,100,99792,100,100128,100,99773,200
2019-06-28 09:47:04.979824289,99973,303,99953,303,99993,303,99945,303,100007,100,99943,100,100010,100,99934,100,100081,100,99922,100,100111,100,99848,100,100115,100,99843,100,100118,100,99829,100,100120,100,99813,100,100128,100,99792,100
2019-06-28 09:47:10.000000000,99973,181,99953,181,99993,181,99945,181,100007,181,99943,181,100010,181,99934,181,100081,181,99922,181,100111,100,99848,100,100115,100,99843,100,100118,100,99829,100,100120,100,99813,100,100128,100,99792,100
2019-06-28 09:47:17.970423709,99973,181,99953,181,99993,181,99945,181,100007,181,99943,181,100010,181,99934,181,100071,100,99922,181,100081,181,99848,100,100111,100,99843,100,100115,100,99829,100,100118,100,99813,100,100120,100,99792,100
2019-06-28 09:47:20.000000000,99973,238,99953,238,99993,234,99945,234,100007,234,99943,234,100010,100,99934,100,100071,100,99922,100,100081,100,99848,100,100111,100,99843,100,100115,100,99829,100,100118,100,99813,100,100120,100,99792,100
2019-06-28 09:47:30.000000000,99973,238,99953,238,99993,234,99945,234,100007,234,99943,234,100010,100,99934,100,100071,100,99922,100,100081,100,99848,100,100111,100,99843,100,100115,100,99829,100,100118,100,99813,100,100120,100,99792,100
2019-06-28 09:47:40.000000000,99973,303,99953,303,99993,303,99945,303,100007,100,99943,100,100010,100,99934,100,100071,100,99922,100,100081,100,99848,100,100111,100,99843,100,100115,100,99829,100,100118,100,99813,100,100120,100,99792,100
2019-06-28 09:47:42.088638880,99973,303,99953,303,99993,303,99945,303,100007,100,99934,100,100010,100,99922,100,100071,100,99848,100,100081,100,99843,100,100111,100,99829,100,100115,100,99813,100,100118,100,99792,100,100120,100,99773,200
2019-06-28 09:47:47.939195957,99973,303,99953,303,99993,303,99945,303,100007,100,99934,100,100010,100,99922,100,100071,100,99848,100,100081,100,99843,100,100111,100,99829,100,100115,100,99813,100,100118,100,99792,100,100120,100,99773,200
2019-06-28 09:47:50.000000000,99973,238,99953,238,99993,234,99945,234,100007,234,99934,234,100010,100,99922,100,100071,100,99848,100,100081,100,99843,100,100111,100,99829,100,100115,100,99813,100,100118,100,99792,100,100120,100,99773,200
2019-06-28 09:48:00.000000000,99973,506,99953,506,99993,100,99945,100,100007,100,99934,100,100010,100,99922,100,100071,100,99848,100,100081,100,99843,100,100111,100,99829,100,100115,100,99813,100,100118,100,99792,100,100120,100,99773,200
2019-06-28 09:48:10.000000000,99973,238,99953,238,99993,234,99945,234,100007,234,99934,234,100010,100,99922,100,100071,100,99848,100,100081,100,99843,100,100111,100,99829,100,100115,100,99813,100,100118,100,99792,100,100120,100,99773,200
2019-06-28 09:48:20.000000000,99973,202,99953,202,99993,202,99945,202,100007,202,99934,202,100010,202,99922,202,100071,100,99848,100,100081,100,99843,100,100111,100,99829,100,100115,100,99813,100,100118,100,99792,100,100120,100,99773,200
2019-06-28 09:48:24.975166092,99967,100,99953,202,99973,202,99945,202,99993,202,99934,102,100007,202,99922,202,100010,202,99848,100,100071,100,99843,100,100081,100,99829,100,100111,100,99813,100,100115,100,99792,100,100118,100,99773,200
2019-06-28 09:48:30.000000000,99967,202,99953,202,99973,202,99945,202,99993,202,99922,202,100007,202,99848,202,100010,100,99843,100,100071,100,99829,100,100081,100,99813,100,100111,100,99792,100,100115,100,99773,200,100118,100,99722,100
2019-06-28 09:48:39.203862343,99967,202,99953,202,99973,202,99945,202,99993,202,99922,202,100007,202,99907,100,100010,100,99848,202,100071,100,99843,100,100081,100,99829,100,100111,100,99813,100,100118,100,99792,100,100120,100,99773,200
2019-06-28 09:48:40.000000000,99967,238,99953,238,99973,234,99945,234,99993,234,99922,234,100007,100,99907,100,100010,100,99848,100,100071,100,99843,100,100081,100,99829,100,100111,100,99813,100,100118,100,99792,100,100120,100,99773,200
2019-06-28 09:48:50.000000000,99967,181,99953,181,99973,181,99945,181,99993,181,99922,181,100007,181,99907,181,100010,181,99848,181,100071,100,99843,100,100081,100,99829,100,100111,100,99813,100,100118,100,99792,100,100120,100,99773,200
2019-06-28 09:49:00.000000000,99967,202,99953,202,99973,202,99945,202,99993,202,99922,202,100007,202,99907,202,100010,100,99848,100,100071,100,99843,100,100081,100,99829,100,100111,100,99813,100,100118,100,99792,100,100120,100,99773,200
2019-06-28 09:49:07.815289215,99967,202,99953,102,99973,202,99945,202,99993,202,99922,202,100007,202,99907,202,100010,100,99848,100,100071,100,99843,100,100081,100,99829,100,100111,100,99813,100,100118,100,99792,100,100120,100,99773,200
2019-06-28 09:49:10.000000000,99967,181,99945,181,99973,181,99922,181,99993,181,99907,181,100007,181,99848,181,100010,181,99843,181,100071,100,99829,100,100081,100,99813,100,100111,100,99792,100,100118,100,99773,200,100120,100,99722,100
2019-06-28 09:49:20.000000000,99967,181,99945,181,99973,181,99922,181,99993,181,99907,181,100007,181,99848,181,100010,181,99843,181,100071,100,99829,100,100081,100,99813,100,100111,100,99792,100,100118,100,99773,200,100120,100,99722,100
2019-06-28 09:49:24.596693774,99967,181,99945,181,99973,181,99922,181,99993,181,99907,181,100007,181,99848,181,100010,181,99843,181,100071,100,99829,100,100081,100,99813,100,100111,100,99792,100,100118,100,99773,200,100120,100,99722,100
2019-06-28 09:49:30.000000000,99967,506,99945,506,99973,100,99922,100,99993,100,99907,100,100007,100,99848,100,100010,100,99843,100,100071,100,99829,100,100081,100,99813,100,100111,100,99792,100,100118,100,99773,200,100120,100,99722,100
2019-06-28 09:49:40.000000000,99967,238,99945,238,99973,234,99922,234,99993,234,99907,234,100007,100,99848,100,100010,100,99843,100,100071,100,99829,100,100081,100,99813,100,100111,100,99792,100,100118,100,99773,200,100120,100,99722,100
2019-06-28 09:49:48.940074606,99967,238,99945,138,99973,234,99922,234,99993,234,99907,234,100007,100,99848,100,100010,100,99843,100,100071,100,99829,100,100081,100,99813,100,100118,100,99792,100,100120,100,99773,200,100128,100,99722,100
2019-06-28 09:49:50.000000000,99967,506,99922,506,99973,100,99907,100,99993,100,99848,100,100007,100,99843,100,100010,100,99829,100,100071,100,99813,100,100081,100,99792,100,100118,100,99773,200,100120,100,99722,100,100128,100,99704,100
2019-06-28 09:50:00.000000000,99967,202,99922,202,99973,202,99907,202,99993,202,99848,202,100007,202,99843,202,100010,100,99829,100,100071,100,99813,100,100081,100,99792,100,100118,100,99773,200,100120,100,99722,100,100128,100,99704,100
2019-06-28 09:50:05.758342042,99953,100,99922,202,99967,202,99907,202,99973,202,99848,202,99993,202,99843,202,100007,202,99829,100,100010,100,99813,100,100071,100,99792,100,100081,100,99773,200,100118,100,99722,100,100120,100,99704,100
2019-06-28 09:50:10.000000000,99953,202,99922,202,99967,202,99907,202,99973,202,99848,202,99993,202,99843,202,100007,100,99829,100,100010,100,99813,100,100071,100,99792,100,100081,100,99773,200,100118,100,99722,100,100120,100,99704,100
2019-06-28 09:50:15.432481837,99953,202,99922,102,99967,202,99907,202,99973,202,99848,202,99993,202,99843,202,100007,100,99829,100,100010,100,99813,100,100071,100,99773,200,100081,100,99722,100,100118,100,99704,100,100120,100,99668,100
2019-06-28 09:50:20.000000000,99953,303,99907,303,99967,303,99848,303,99973,100,99843,100,99993,100,99829,100,100007,100,99813,100,100010,100,99773,200,100071,100,99722,100,100081,100,99704,100,100118,100,99668,100,100120,100,99634,100
2019-06-28 09:50:22.828728725,99953,303,99907,303,99967,303,99848,303,99973,100,99843,100,99993,100,99829,100,100007,100,99813,100,100010,100,99773,200,100071,100,99722,100,100081,100,99704,100,100118,100,99668,100,100120,100,99634,100
2019-06-28 09:50:25.899978472,99953,303,99907,203,99967,303,99848,303,99973,100,99843,100,99993,100,99813,100,100007,100,99773,200,100010,100,99722,100,100071,100,99704,100,100081,100,99668,100,100118,100,99634,100,100120,100,99531,100
2019-06-28 09:50:30.000000000,99953,506,99848,506,99967,100,99843,100,99973,100,99813,100,99993,100,99773,200,100007,100,99722,100,100010,100,99704,100,100071,100,99668,100,100081,100,99634,100,100118,100,99531,100,100120,100,99432,100
2019-06-28 09:50:33.910962249,99953,506,99848,406,99967,100,99843,100,99973,100,99813,100,99993,100,99773,200,100007,100,99722,100,100010,100,99704,100,100071,100,99668,100,100081,100,99634,100,100118,100,99531,100,100128,100,99432,100
2019-06-28 09:50:33.957284033,99953,506,99848,406,99967,100,99843,100,99993,100,99813,100,100007,100,99773,200,100010,100,99722,100,100071,100,99704,100,100081,100,99668,100,100118,100,99634,100,100128,100,99531,100,100143,100,99432,100
2019-06-28 09:50:40.000000000,99953,506,99843,506,99967,100,99813,100,99993,100,99773,200,100007,100,99722,100,100010,100,99704,100,100071,100,99668,100,100081,100,99634,100,100118,100,99531,100,100128,100,99432,100,100143,100,99000,100
2019-06-28 09:50:50.000000000,99953,506,99843,506,99967,100,99813,100,99993,100,99773,200,100007,100,99722,100,100010,100,99704,100,100071,100,99668,100,100081,100,99634,100,100118,100,99531,100,100128,100,99432,100,100143,100,99000,100
2019-06-28 09:50:52.088394680,99953,506,99843,506,99967,100,99813,100,99993,100,99773,200,100007,100,99722,100,100010,100,99704,100,100071,100,99668,100,100118,100,99634,100,100128,100,99531,100,100143,100,99432,100,100236,100,99000,100
2019-06-28 09:50:52.777835136,99953,506,99843,506,99967,100,99813,100,99993,100,99773,200,100007,100,99722,100,100010,100,99704,100,100071,100,99668,100,100118,100,99634,100,100128,100,99531,100,100143,100,99432,100,100236,100,99000,100
2019-06-28 09:51:00.000000000,99953,303,99843,303,99967,303,99813,303,99993,100,99773,200,100007,100,99722,100,100010,100,99704,100,100071,100,99668,100,100118,100,99634,100,100128,100,99531,100,100143,100,99432,100,100236,100,99000,100
2019-06-28 09:51:10.000000000,99953,202,99843,202,99967,202,99813,202,99993,202,99773,302,100007,202,99722,202,100010,100,99704,100,100071,100,99668,100,100118,100,99634,100,100128,100,99531,100,100143,100,99432,100,100236,100,99000,100
2019-06-28 09:51:20.000000000,99953,202,99843,202,99967,202,99813,202,99993,202,99773,302,100007,202,99722,202,100010,100,99704,100,100071,100,99668,100,100118,100,99634,100,100128,100,99531,100,100143,100,99432,100,100236,100,99000,100
2019-06-28 09:51:27.728254920,99953,202,99843,102,99967,202,99813,202,99993,202,99773,302,100007,202,99722,102,100010,100,99704,100,100071,100,99668,100,100118,100,99634,100,100128,100,99531,100,100143,100,99432,100,100236,100,99000,100
2019-06-28 09:51:30.000000000,99953,181,99813,181,99967,181,99773,281,99993,181,99704,181,100007,181,99668,181,100010,181,99634,181,100071,100,99531,100,100118,100,99432,100,100128,100,99000,100,100143,100,98977,100,100236,100,98921,100
2019-06-28 09:51:40.000000000,99953,202,99813,202,99967,202,99773,302,99993,202,99704,202,100007,202,99668,202,100010,100,99634,100,100071,100,99531,100,100118,100,99432,100,100128,100,99000,100,100143,100,98977,100,100236,100,98921,100
2019-06-28 09:51:47.448441523,99953,202,99813,102,99967,202,99773,302,99993,202,99704,202,100007,202,99668,202,100010,100,99634,100,100071,100,99531,100,100118,100,99432,100,100128,100,99000,100,100143,100,98977,100,100400,100,98921,100
2019-06-28 09:51:47.859775128,99953,202,99813,2,99967,202,99773,302,99993,202,99704,202,100007,202,99668,202,100010,100,99634,100,100071,100,99531,100,100118,100,99432,100,100128,100,99000,100,100143,100,98977,100,100400,100,98921,100
2019-06-28 09:51:50.000000000,99953,238,99773,338,99967,234,99704,234,99993,234,99668,234,100007,100,99634,100,100010,100,99531,100,100071,100,99432,100,100118,100,99000,100,100128,100,98977,100,100143,100,98921,100,100400,100,,
2019-06-28 09:52:00.000000000,99953,238,99773,338,99967,234,99704,234,99993,234,99668,234,100007,100,99634,100,100010,100,99531,100,100071,100,99432,100,100118,100,99000,100,100128,100,98977,100,100143,100,98921,100,100400,100,,
2019-06-28 09:52:10.000000000,99953,238,99773,338,99967,234,99704,234,99993,234,99668,234,100007,100,99634,100,100010,100,99531,100,100071,100,99432,100,100118,100,99000,100,100128,100,98977,100,100143,100,98921,100,100400,100,,
2019-06-28 09:52:20.000000000,99953,506,99773,606,99967,100,99704,100,99993,100,99668,100,100007,100,99634,100,100010,100,99531,100,100071,100,99432,100,100118,100,99000,100,100128,100,98977,100,100143,100,98921,100,100400,100,,
2019-06-28 09:52:30.000000000,99953,238,99773,338,99967,234,99704,234,99993,234,99668,234,100007,100,99634,100,100010,100,99531,100,100071,100,99432,100,100118,100,99000,100,100128,100,98977,100,100143,100,98921,100,100400,100,,
2019-06-28 09:52:40.000000000,99953,506,99773,606,99967,100,99704,100,99993,100,99668,100,100007,100,99634,100,100010,100,99531,100,100071,100,99432,100,100118,100,99000,100,100128,100,98977,100,100143,100,98921,100,100400,100,,
2019-06-28 09:52:46.515111618,99953,506,99773,606,99967,100,99704,100,99993,100,99668,100,100007,100,99634,100,100010,100,99531,100,100071,100,99432,100,100118,100,99395,100,100128,100,99000,100,100143,100,98977,100,100400,100,98921,100
2019-06-28 09:52:50.000000000,99953,181,99773,281,99967,181,99704,181,99993,181,99668,181,100007,181,99634,181,100010,181,99531,181,100071,100,99432,100,100118,100,99395,100,100128,100,99000,100,100143,100,98977,100,100400,100,98921,100
2019-06-28 09:52:51.195570817,99953,181,99773,181,99967,181,99704,181,99993,181,99668,181,100007,181,99634,181,100010,181,99531,181,100071,100,99432,100,100118,100,99395,100,100128,100,99000,100,100143,100,98977,100,100400,100,98921,100
2019-06-28 09:53:00.000000000,99953,181,99773,181,99967,181,99704,181,99993,181,99668,181,100007,181,99634,181,100010,181,99531,181,100071,100,99432,100,100118,100,99395,100,100128,100,99000,100,100143,100,98977,100,100400,100,98921,100
2019-06-28 09:53:04.185419081,99953,181,99773,81,99967,181,99704,181,99993,181,99668,181,100007,181,99634,181,100010,181,99531,181,100071,100,99432,100,100118,100,99395,100,100128,100,99000,100,100143,100,98977,100,100400,100,98921,100
2019-06-28 09:53:10.000000000,99953,202,99704,202,99967,202,99668,202,99993,202,99634,202,100007,202,99531,202,100010,100,99432,100,100071,100,99395,100,100118,100,99000,100,100128,100,98977,100,100143,100,98921,100,100400,100,,
2019-06-28 09:53:17.931616767,99953,202,99704,102,99967,202,99668,202,99993,202,99634,202,100007,202,99531,202,100010,100,99432,100,100071,100,99395,100,100118,100,99000,100,100128,100,98977,100,100143,100,98921,100,100400,100,,
2019-06-28 09:53:20.000000000,99953,202,99668,202,99967,202,99634,202,99993,202,99531,202,100007,202,99432,202,100010,100,99395,100,100071,100,99000,100,100118,100,98977,100,100128,100,98921,100,100143,100,,,100400,100,,
2019-06-28 09:53:30.000000000,99953,238,99668,238,99967,234,99634,234,99993,234,99531,234,100007,100,99432,100,100010,100,99395,100,100071,100,99000,100,100118,100,98977,100,100128,100,98921,100,100143,100,,,100400,100,,
2019-06-28 09:53:40.000000000,99953,506,99668,506,99967,100,99634,100,99993,100,99531,100,100007,100,99432,100,100010,100,99395,100,100071,100,99000,100,100118,100,98977,100,100128,100,98921,100,100143,100,,,100400,100,,
2019-06-28 09:53:50.000000000,99953,181,99668,181,99967,181,99634,181,99993,181,99531,181,100007,181,99432,181,100010,181,99395,181,100071,100,99000,100,100118,100,98977,100,100128,100,98921,100,100143,100,,,100400,100,,
2019-06-28 09:53:51.323199985,99953,181,99668,81,99967,181,99634,181,99993,181,99531,81,100007,181,99432,181,100010,181,99395,181,100071,100,99000,100,100118,100,98977,100,100128,100,98921,100,100143,100,,,100400,100,,
2019-06-28 09:54:00.000000000,99953,303,99634,303,99967,303,99432,303,99993,100,99395,100,100007,100,99000,100,100010,100,98977,100,100071,100,98921,100,100118,100,,,100128,100,,,100143,100,,,100400,100,,
2019-06-28 09:54:10.000000000,99953,238,99634,238,99967,234,99432,234,99993,234,99395,234,100007,100,99000,100,100010,100,98977,100,100071,100,98921,100,100118,100,,,100128,100,,,100143,100,,,100400,100,,
2019-06-28 09:54:14.461631478,99953,238,99634,138,99967,234,99432,234,99993,234,99395,234,100007,100,99000,100,100010,100,98977,100,100071,100,98921,100,100118,100,,,100128,100,,,100143,100,,,100400,100,,
2019-06-28 09:54:15.699427444,99953,238,99634,38,99967,234,99432,234,99993,234,99395,234,100007,100,99000,100,100010,100,98977,100,100071,100,98921,100,100118,100,,,100128,100,,,100143,100,,,100400,100,,
2019-06-28 09:54:20.000000000,99953,238,99432,238,99967,234,99395,234,99993,234,99000,234,100007,100,98977,100,100010,100,98921,100,100071,100,,,100118,100,,,100128,100,,,100143,100,,,100400,100,,
2019-06-28 09:54:27.062630335,99953,238,99516,100,99967,234,99432,238,99993,234,99395,234,100007,100,99000,234,100010,100,98977,100,100071,100,98921,100,100118,100,,,100128,100,,,100143,100,,,100400,100,,
2019-06-28 09:54:30.000000000,99953,303,99516,303,99967,303,99432,303,99993,100,99395,100,100007,100,99000,100,100010,100,98977,100,100071,100,98921,100,100118,100,,,100128,100,,,100143,100,,,100400,100,,
2019-06-28 09:54:32.709788839,99953,303,99516,303,99967,303,99435,100,99993,100,99432,303,100007,100,99395,100,100010,100,99000,100,100071,100,98977,100,100118,100,,,100128,100,,,100143,100,,,100400,100,,
2019-06-28 09:54:40.000000000,99953,506,99516,506,99967,100,99435,100,99993,100,99432,100,100007,100,99395,100,100010,100,99000,100,100071,100,98977,100,100118,100,,,100128,100,,,100143,100,,,100400,100,,
2019-06-28 09:54:45.319333569,99953,506,99610,100,99967,100,99516,506,99993,100,99435,100,100007,100,99432,100,100010,100,99395,100,100071,100,99000,100,100118,100,98977,100,100128,100,,,100143,100,,,100400,100,,
2019-06-28 09:54:50.000000000,99953,506,99610,506,99967,100,99516,100,99993,100,99435,100,100007,100,99432,100,100010,100,99395,100,100071,100,99000,100,100118,100,98977,100,100128,100,,,100143,100,,,100400,100,,
2019-06-28 09:55:00.000000000,99953,181,99610,181,99967,181,99516,181,99993,181,99435,181,100007,181,99432,181,100010,181,99395,181,100071,100,99000,100,100118,100,98977,100,100128,100,,,100143,100,,,100400,100,,
2019-06-28 09:55:02.569183181,99634,100,99610,181,99953,181,99516,181,99967,181,99435,181,99993,181,99432,181,100007,181,99395,181,100010,181,99000,100,100071,100,98977,100,100118,100,,,100128,100,,,100143,100,,
2019-06-28 09:55:10.000000000,99634,238,99610,238,99953,234,99516,234,99967,234,99435,234,99993,100,99432,100,100007,100,99395,100,100010,100,99000,100,100071,100,98977,100,100118,100,,,100128,100,,,100143,100,,
2019-06-28 09:55:17.306995097,99634,238,99610,238,99803,100,99516,234,99953,234,99435,234,99967,234,99432,100,99993,100,99395,100,100007,100,99000,100,100010,100,98977,100,100071,100,,,100118,100,,,100128,100,,
2019-06-28 09:55:20.000000000,99634,202,99610,202,99803,202,99516,202,99953,202,99435,202,99967,202,99432,202,99993,100,99395,100,100007,100,99000,100,100010,100,98977,100,100071,100,,,100118,100,,,100128,100,,
2019-06-28 09:55:22.092837536,99634,2,99610,202,99803,202,99516,202,99953,202,99435,202,99967,202,99432,202,99993,100,99395,100,100007,100,99000,100,100010,100,98977,100,100071,100,,,100118,100,,,100128,100,,
2019-06-28 09:55:24.408086206,99634,2,99610,202,99751,100,99516,202,99803,202,99435,202,99953,202,99432,202,99967,202,99395,100,99993,100,99000,100,100007,100,98977,100,100010,100,,,100118,100,,,100128,100,,
2019-06-28 09:55:30.000000000,99751,181,99610,181,99803,181,99516,181,99953,181,99435,181,99967,181,99432,181,99993,181,99395,181,100007,100,99000,100,100010,100,98977,100,100118,100,,,100128,100,,,100143,100,,
2019-06-28 09:55:30.454385390,99751,181,99634,100,99803,181,99610,181,99953,181,99516,181,99967,181,99435,181,99993,181,99432,181,100007,100,99395,181,100010,100,99000,100,100118,100,98977,100,100128,100,,,100143,100,,
2019-06-28 09:55:40.000000000,99751,238,99634,238,99803,234,99610,234,99953,234,99516,234,99967,100,99435,100,99993,100,99432,100,100007,100,99395,100,100010,100,99000,100,100118,100,98977,100,100128,100,,,100143,100,,
2019-06-28 09:55:50.000000000,99751,506,99634,506,99803,100,99610,100,99953,100,99516,100,99967,100,99435,100,99993,100,99432,100,100007,100,99395,100,100010,100,99000,100,100118,100,98977,100,100128,100,,,100143,100,,
2019-06-28 09:55:50.448481903,99751,506,99634,506,99803,100,99610,100,99953,100,99516,100,99967,100,99435,100,99972,100,99432,100,99993,100,99395,100,100007,100,99000,100,100010,100,98977,100,100118,100,,,100128,100,,
2019-06-28 09:56:00.000000000,99751,303,99634,303,99803,303,99610,303,99953,100,99516,100,99967,100,99435,100,99972,100,99432,100,99993,100,99395,100,100007,100,99000,100,100010,100,98977,100,100118,100,,,100128,100,,
2019-06-28 09:56:01.896692707,99751,303,99634,303,99803,303,99610,303,99953,100,99516,100,99967,100,99435,100,99972,100,99432,100,99993,100,99395,100,100007,100,99000,100,100118,100,98977,100,100128,100,,,100143,100,,
2019-06-28 09:56:10.000000000,99751,238,99634,238,99803,234,99610,234,99953,234,99516,234,99967,100,99435,100,99972,100,99432,100,99993,100,99395,100,100007,100,99000,100,100118,100,98977,100,100128,100,,,100143,100,,
2019-06-28 09:56:20.000000000,99751,238,99634,238,99803,234,99610,234,99953,234,99516,234,99967,100,99435,100,99972,100,99432,100,99993,100,99395,100,100007,100,99000,100,100118,100,98977,100,100128,100,,,100143,100,,
2019-06-28 09:56:26.471988187,99751,238,99634,238,99803,234,99610,234,99953,234,99516,234,99972,100,99435,100,99993,100,99432,100,100007,100,99395,100,100118,100,99000,100,100128,100,98977,100,100143,100,,,100400,100,,
2019-06-28 09:56:30.000000000,99751,506,99634,506,99803,100,99610,100,99953,100,99516,100,99972,100,99435,100,99993,100,99432,100,100007,100,99395,100,100118,100,99000,100,100128,100,98977,100,100143,100,,,100400,100,,
2019-06-28 09:56:33.288094689,99751,506,99634,506,99803,100,99610,100,99892,100,99516,100,99953,100,99435,100,99972,100,99432,100,99993,100,99395,100,100007,100,99000,100,100118,100,98977,100,100128,100,,,100143,100,,
2019-06-28 09:56:40.000000000,99751,506,99634,506,99803,100,99610,100,99892,100,99516,100,99953,100,99435,100,99972,100,99432,100,99993,100,99395,100,100007,100,99000,100,100118,100,98977,100,100128,100,,,100143,100,,
2019-06-28 09:56:40.005211033,99751,506,99737,100,99892,100,99634,506,99953,100,99610,100,99972,100,99516,100,99993,100,99435,100,100007,100,99432,100,100118,100,99395,100,100128,100,99000,100,100143,100,98977,100,100400,100,,
2019-06-28 09:56:50.000000000,99751,181,99737,181,99892,181,99634,181,99953,181,99610,181,99972,181,99516,181,99993,181,99435,181,100007,100,99432,100,100118,100,99395,100,100128,100,99000,100,100143,100,98977,100,100400,100,,
2019-06-28 09:56:51.056558143,99751,181,99737,181,99892,181,99634,281,99953,181,99610,181,99972,181,99516,181,99993,181,99435,181,100007,100,99432,100,100118,100,99395,100,100128,100,99000,100,100143,100,98977,100,100400,100,,
2019-06-28 09:57:00.000000000,99751,238,99737,238,99892,234,99634,334,99953,234,99610,234,99972,100,99516,100,99993,100,99435,100,100007,100,99432,100,100118,100,99395,100,100128,100,99000,100,100143,100,98977,100,100400,100,,
2019-06-28 09:57:00.744140832,99751,138,99737,238,99892,234,99634,334,99953,234,99610,234,99972,100,99516,100,99993,100,99435,100,100007,100,99432,100,100118,100,99395,100,100128,100,99000,100,100143,100,98977,100,100400,100,,
2019-06-28 09:57:10.000000000,99892,202,99737,202,99953,202,99634,302,99972,202,99610,202,99993,202,99516,202,100007,100,99435,100,100118,100,99432,100,100128,100,99395,100,100143,100,99000,100,100400,100,98977,100,,,,
2019-06-28 09:57:10.674279804,99892,202,99737,202,99953,202,99634,302,99972,202,99610,202,99993,202,99516,202,100007,100,99435,100,100118,100,99432,100,100128,100,99395,100,100143,100,99000,100,100147,100,98977,100,,,,
2019-06-28 09:57:20.000000000,99892,303,99737,303,99953,303,99634,403,99972,100,99610,100,99993,100,99516,100,100007,100,99435,100,100118,100,99432,100,100128,100,99395,100,100143,100,99000,100,100147,100,98977,100,,,,
2019-06-28 09:57:30.000000000,99892,506,99737,506,99953,100,99634,200,99972,100,99610,100,99993,100,99516,100,100007,100,99435,100,100118,100,99432,100,100128,100,99395,100,100143,100,99000,100,100147,100,98977,100,,,,
2019-06-28 09:57:31.313135213,99803,100,99737,506,99892,506,99634,200,99953,100,99610,100,99972,100,99516,100,99993,100,99435,100,100007,100,99432,100,100118,100,99395,100,100128,100,98977,100,100143,100,,,100147,100,,
2019-06-28 09:57:40.000000000,99803,303,99737,303,99892,303,99634,403,99953,100,99610,100,99972,100,99516,100,99993,100,99435,100,100007,100,99432,100,100118,100,99395,100,100128,100,98977,100,100143,100,,,100147,100,,
2019-06-28 09:57:50.000000000,99803,506,99737,506,99892,100,99634,200,99953,100,99610,100,99972,100,99516,100,99993,100,99435,100,100007,100,99432,100,100118,100,99395,100,100128,100,98977,100,100143,100,,,100147,100,,
2019-06-28 09:58:00.000000000,99803,506,99737,506,99892,100,99634,200,99953,100,99610,100,99972,100,99516,100,99993,100,99435,100,100007,100,99432,100,100118,100,99395,100,100128,100,98977,100,100143,100,,,100147,100,,
2019-06-28 09:58:06.987814212,99803,406,99737,506,99892,100,99634,200,99953,100,99610,100,99972,100,99516,100,99993,100,99435,100,100007,100,99432,100,100118,100,99395,100,100128,100,98977,100,100143,100,,,100147,100,,
2019-06-28 09:58:10.000000000,99892,238,99737,238,99953,234,99634,334,99972,234,99610,234,99993,100,99516,100,100007,100,99435,100,100118,100,99432,100,100128,100,99395,100,100143,100,98977,100,100147,100,,,,,,
2019-06-28 09:58:15.836791952,99892,238,99751,100,99953,234,99737,238,99972,234,99634,334,99993,100,99610,234,100007,100,99516,100,100118,100,99435,100,100128,100,99432,100,100143,100,99395,100,100147,100,98977,100,,,,
2019-06-28 09:58:20.000000000,99892,303,99751,303,99953,303,99737,303,99972,100,99634,200,99993,100,99610,100,100007,100,99516,100,100118,100,99435,100,100128,100,99432,100,100143,100,99395,100,100147,100,98977,100,,,,
2019-06-28 09:58:30.000000000,99892,303,99751,303,99953,303,99737,303,99972,100,99634,200,99993,100,99610,100,100007,100,99516,100,100118,100,99435,100,100128,100,99432,100,100143,100,99395,100,100147,100,98977,100,,,,
2019-06-28 09:58:40.000000000,99892,303,99751,303,99953,303,99737,303,99972,100,99634,200,99993,100,99610,100,100007,100,99516,100,100118,100,99435,100,100128,100,99432,100,100143,100,99395,100,100147,100,98977,100,,,,
2019-06-28 09:58:50.000000000,99892,238,99751,238,99953,234,99737,234,99972,234,99634,334,99993,100,99610,100,100007,100,99516,100,100118,100,99435,100,100128,100,99432,100,100143,100,99395,100,100147,100,98977,100,,,,
2019-06-28 09:59:00.000000000,99892,506,99751,506,99953,100,99737,100,99972,100,99634,200,99993,100,99610,100,100007,100,99516,100,100118,100,99435,100,100128,100,99432,100,100143,100,99395,100,100147,100,98977,100,,,,
2019-06-28 09:59:00.916147815,99892,506,99751,506,99953,100,99737,100,99972,100,99634,200,99993,100,99610,100,100007,100,99516,100,100118,100,99435,100,100128,100,99432,100,100143,100,99395,100,100147,100,99291,100,,,98977,100
2019-06-28 09:59:10.000000000,99892,181,99751,181,99953,181,99737,181,99972,181,99634,281,99993,181,99610,181,100007,181,99516,181,100118,100,99435,100,100128,100,99432,100,100143,100,99395,100,100147,100,99291,100,,,98977,100
2019-06-28 09:59:20.000000000,99892,238,99751,238,99953,234,99737,234,99972,234,99634,334,99993,100,99610,100,100007,100,99516,100,100118,100,99435,100,100128,100,99432,100,100143,100,99395,100,100147,100,99291,100,,,98977,100
2019-06-28 09:59:30.000000000,99892,181,99751,181,99953,181,99737,181,99972,181,99634,281,99993,181,99610,181,100007,181,99516,181,100118,100,99435,100,100128,100,99432,100,100143,100,99395,100,100147,100,99291,100,,,98977,100
2019-06-28 09:59:31.433465102,99892,181,99751,81,99953,181,99737,181,99972,181,99634,281,99993,181,99610,181,100007,181,99516,181,100118,100,99435,100,100128,100,99432,100,100143,100,99395,100,100147,100,99291,100,,,98977,100
2019-06-28 09:59:40.000000000,99892,303,99737,303,99953,303,99634,403,99972,100,99610,100,99993,100,99516,100,100007,100,99435,100,100118,100,99432,100,100128,100,99395,100,100143,100,99291,100,100147,100,98977,100,,,,
2019-06-28 09:59:40.386818746,99892,303,99737,303,99953,303,99634,303,99972,100,99610,100,99993,100,99516,100,100007,100,99435,100,100118,100,99432,100,100128,100,99395,100,100143,100,99291,100,100147,100,98977,100,,,,
2019-06-28 09:59:44.120185566,99892,303,99737,203,99953,303,99634,303,99972,100,99610,100,99993,100,99516,100,100007,100,99435,100,100118,100,99432,100,100128,100,99395,100,100143,100,99291,100,100147,100,98977,100,,,,
2019-06-28 09:59:50.000000000,99892,238,99634,238,99953,234,99610,234,99972,234,99516,234,99993,100,99435,100,100007,100,99432,100,100118,100,99395,100,100128,100,99291,100,100143,100,98977,100,100147,100,,,,,,
2019-06-28 09:59:55.518477084,99892,238,99634,238,99953,234,99610,234,99972,234,99516,234,99993,100,99435,100,100007,100,99432,100,100118,100,99395,100,100128,100,99291,100,100143,100,98977,100,100147,100,98753,100,,,,
2019-06-28 10:00:00.000000000,99892,181,99634,181,99953,181,99610,181,99972,181,99516,181,99993,181,99435,181,100007,181,99432,181,100118,100,99395,100,100128,100,99291,100,100143,100,98977,100,100147,100,98753,100,,,,
2019-06-28 10:00:10.000000000,99892,506,99634,506,99953,100,99610,100,99972,100,99516,100,99993,100,99435,100,100007,100,99432,100,100118,100,99395,100,100128,100,99291,100,100143,100,98977,100,100147,100,98753,100,,,,
2019-06-28 10:00:18.531689610,99892,506,99634,406,99953,100,99610,100,99972,100,99435,100,99993,100,99432,100,100007,100,99395,100,100118,100,99291,100,100128,100,98977,100,100143,100,98753,100,100147,100,,,,,,
2019-06-28 10:00:20.000000000,99892,303,99610,303,99953,303,99435,303,99972,100,99432,100,99993,100,99395,100,100007,100,99291,100,100118,100,98977,100,100128,100,98753,100,100143,100,,,100147,100,,,,,,
2019-06-28 10:00:20.966415053,99892,303,99610,303,99953,303,99435,303,99972,100,99432,100,99993,100,99395,100,100007,100,99317,100,100118,100,99291,100,100128,100,98977,100,100143,100,98753,100,100147,100,,,,,,
2019-06-28 10:00:24.976933140,99892,303,99610,203,99953,303,99435,303,99972,100,99432,100,99993,100,99395,100,100007,100,99317,100,100118,100,99291,100,100128,100,98977,100,100147,100,98753,100,,,,,,,,
2019-06-28 10:00:28.273631495,99892,303,99610,203,99953,303,99490,100,99972,100,99435,303,99993,100,99432,100,100007,100,99395,100,100118,100,99317,100,100128,100,99291,100,100147,100,98977,100,,,98753,100,,,,
2019-06-28 10:00:30.000000000,99892,202,99490,202,99953,202,99435,202,99972,202,99432,202,99993,202,99395,202,100007,100,99317,100,100118,100,99291,100,100128,100,98977,100,100147,100,98753,100,,,,,,,,
2019-06-28 10:00:38.460742425,99892,202,99635,100,99953,202,99490,202,99972,202,99435,202,99993,202,99432,202,100007,100,99395,202,100118,100,99317,100,100128,100,99291,100,100147,100,98977,100,,,98753,100,,,,
2019-06-28 10:00:40.000000000,99892,238,99635,238,99953,234,99490,234,99972,234,99435,234,99993,100,99432,100,100007,100,99395,100,100118,100,99317,100,100128,100,99291,100,100147,100,98977,100,,,98753,100,,,,
2019-06-28 10:00:44.254320984,99892,238,99635,338,99953,234,99490,234,99972,234,99435,234,99993,100,99432,100,100007,100,99395,100,100118,100,99317,100,100128,100,99291,100,100147,100,98977,100,,,98753,100,,,,
2019-06-28 10:00:47.839682663,99892,238,99635,338,99953,234,99557,100,99972,234,99490,234,99993,100,99435,234,100007,100,99432,100,100118,100,99395,100,100128,100,99317,100,100147,100,99291,100,,,98977,100,,,98753,100
2019-06-28 10:00:50.000000000,99892,202,99635,302,99953,202,99557,202,99972,202,99490,202,99993,202,99435,202,100007,100,99432,100,100118,100,99395,100,100128,100,99317,100,100147,100,99291,100,,,98977,100,,,98753,100
2019-06-28 10:00:58.605011320,99892,202,99769,100,99953,202,99635,302,99972,202,99557,202,99993,202,99490,202,100007,100,99435,202,100118,100,99432,100,100128,100,99395,100,100147,100,99291,100,,,98977,100,,,98753,100
2019-06-28 10:01:00.000000000,99892,238,99769,238,99953,234,99635,334,99972,234,99557,234,99993,100,99490,100,100007,100,99435,100,100118,100,99432,100,100128,100,99395,100,100147,100,99291,100,,,98977,100,,,98753,100
2019-06-28 10:01:02.108925614,99892,238,99769,238,99953,234,99635,334,99972,234,99557,234,99993,100,99490,100,100007,100,99435,100,100118,100,99432,100,100128,100,99395,100,100147,100,99326,100,,,99291,100,,,98977,100
2019-06-28 10:01:10.000000000,99892,238,99769,238,99953,234,99635,334,99972,234,99557,234,99993,100,99490,100,100007,100,99435,100,100118,100,99432,100,100128,100,99395,100,100147,100,99326,100,,,99291,100,,,98977,100
2019-06-28 10:01:10.792365190,99788,100,99769,238,99892,238,99635,334,99953,234,99557,234,99972,234,99490,100,99993,100,99435,100,100007,100,99432,100,100118,100,99395,100,100128,100,99326,100,100147,100,99291,100,,,98977,100
2019-06-28 10:01:17.892842077,99788,100,99769,138,99892,138,99635,334,99953,234,99557,234,99972,234,99490,100,99993,100,99435,100,100007,100,99432,100,100118,100,99395,100,100128,100,99326,100,100147,100,99291,100,,,98977,100
2019-06-28 10:01:20.000000000,99788,238,99635,338,99953,234,99557,234,99972,234,99490,234,99993,100,99435,100,100007,100,99432,100,100118,100,99395,100,100128,100,99326,100,100147,100,99291,100,,,98977,100,,,98753,100
2019-06-28 10:01:30.000000000,99788,202,99635,302,99953,202,99557,202,99972,202,99490,202,99993,202,99435,202,100007,100,99432,100,100118,100,99395,100,100128,100,99326,100,100147,100,99291,100,,,98977,100,,,98753,100
2019-06-28 10:01:40.000000000,99788,506,99635,606,99953,100,99557,100,99972,100,99490,100,99993,100,99435,100,100007,100,99432,100,100118,100,99395,100,100128,100,99326,100,100147,100,99291,100,,,98977,100,,,98753,100
2019-06-28 10:01:48.428550647,99788,506,99635,606,99800,100,99557,100,99953,100,99490,100,99972,100,99435,100,99993,100,99432,100,100007,100,99395,100,100118,100,99326,100,100128,100,99291,100,100147,100,98977,100,,,98753,100
2019-06-28 10:01:50.000000000,99788,238,99635,338,99800,234,99557,234,99953,234,99490,234,99972,100,99435,100,99993,100,99432,100,100007,100,99395,100,100118,100,99326,100,100128,100,99291,100,100147,100,98977,100,,,98753,100
2019-06-28 10:02:00.000000000,99788,303,99635,403,99800,303,99557,303,99953,100,99490,100,99972,100,99435,100,99993,100,99432,100,100007,100,99395,100,100118,100,99326,100,100128,100,99291,100,100147,100,98977,100,,,98753,100
2019-06-28 10:02:10.000000000,99788,506,99635,606,99800,100,99557,100,99953,100,99490,100,99972,100,99435,100,99993,100,99432,100,100007,100,99395,100,100118,100,99326,100,100128,100,99291,100,100147,100,98977,100,,,98753,100
2019-06-28 10:02:16.315352390,99788,506,99635,606,99800,100,99557,100,99953,100,99490,100,99972,100,99435,100,99993,100,99432,100,100007,100,99395,100,100118,100,99326,100,100128,100,99291,100,100147,100,98977,100,100249,100,98753,100
2019-06-28 10:02:20.000000000,99788,238,99635,338,99800,234,99557,234,99953,234,99490,234,99972,100,99435,100,99993,100,99432,100,100007,100,99395,100,100118,100,99326,100,100128,100,99291,100,100147,100,98977,100,100249,100,98753,100
2019-06-28 10:02:30.000000000,99788,506,99635,606,99800,100,99557,100,99953,100,99490,100,99972,100,99435,100,99993,100,99432,100,100007,100,99395,100,100118,100,99326,100,100128,100,99291,100,100147,100,98977,100,100249,100,98753,100
2019-06-28 10:02:40.000000000,99788,506,99635,606,99800,100,99557,100,99953,100,99490,100,99972,100,99435,100,99993,100,99432,100,100007,100,99395,100,100118,100,99326,100,100128,100,99291,100,100147,100,98977,100,100249,100,98753,100
2019-06-28 10:02:45.417751386,99788,406,99635,606,99800,100,99557,100,99953,100,99490,100,99972,100,99435,100,99993,100,99432,100,100007,100,99395,100,100118,100,99326,100,100128,100,99291,100,100147,100,98977,100,100249,100,98753,100
2019-06-28 10:02:50.000000000,99800,181,99635,281,99953,181,99557,181,99972,181,99490,181,99993,181,99435,181,100007,181,99432,181,100118,100,99395,100,100128,100,99326,100,100147,100,99291,100,100249,100,98977,100,,,98753,100
2019-06-28 10:02:54.643263660,99800,181,99635,281,99953,181,99557,181,99972,181,99490,181,99993,81,99435,181,100007,181,99432,181,100118,100,99395,100,100128,100,99326,100,100147,100,99291,100,100249,100,98977,100,,,98753,100
2019-06-28 10:03:00.000000000,99800,506,99635,606,99953,100,99557,100,99972,100,99490,100,100007,100,99435,100,100118,100,99432,100,100128,100,99395,100,100147,100,99326,100,100249,100,99291,100,,,98977,100,,,98753,100
2019-06-28 10:03:08.604127260,99800,506,99635,606,99953,100,99557,100,99972,100,99490,100,100007,100,99435,100,100118,100,99432,100,100128,100,99395,100,100147,100,99326,100,100249,100,99291,100,100336,100,98977,100,,,98753,100
2019-06-28 10:03:10.000000000,99800,202,99635,302,99953,202,99557,202,99972,202,99490,202,100007,202,99435,202,100118,100,99432,100,100128,100,99395,100,100147,100,99326,100,100249,100,99291,100,100336,100,98977,100,,,98753,100
2019-06-28 10:03:20.000000000,99800,238,99635,338,99953,234,99557,234,99972,234,99490,234,100007,100,99435,100,100118,100,99432,100,100128,100,99395,100,100147,100,99326,100,100249,100,99291,100,100336,100,98977,100,,,98753,100
2019-06-28 10:03:30.000000000,99800,202,99635,302,99953,202,99557,202,99972,202,99490,202,100007,202,99435,202,100118,100,99432,100,100128,100,99395,100,100147,100,99326,100,100249,100,99291,100,100336,100,98977,100,,,98753,100
2019-06-28 10:03:33.861720886,99800,202,99635,302,99953,202,99557,202,99972,202,99490,202,100007,202,99435,202,100118,100,99432,100,100121,100,99395,100,100128,100,99326,100,100147,100,99291,100,100249,100,98977,100,100336,100,98753,100
2019-06-28 10:03:40.000000000,99800,202,99635,302,99953,202,99557,202,99972,202,99490,202,100007,202,99435,202,100118,100,99432,100,100121,100,99395,100,100128,100,99326,100,100147,100,99291,100,100249,100,98977,100,100336,100,98753,100
2019-06-28 10:03:50.000000000,99800,303,99635,403,99953,303,99557,303,99972,100,99490,100,100007,100,99435,100,100118,100,99432,100,100121,100,99395,100,100128,100,99326,100,100147,100,99291,100,100249,100,98977,100,100336,100,98753,100
2019-06-28 10:04:00.000000000,99800,303,99635,403,99953,303,99557,303,99972,100,99490,100,100007,100,99435,100,100118,100,99432,100,100121,100,99395,100,100128,100,99326,100,100147,100,99291,100,100249,100,98977,100,100336,100,98753,100
2019-06-28 10:04:10.000000000,99800,181,99635,281,99953,181,99557,181,99972,181,99490,181,100007,181,99435,181,100118,181,99432,181,100121,100,99395,100,100128,100,99326,100,100147,100,99291,100,100249,100,98977,100,100336,100,98753,100
2019-06-28 10:04:20.000000000,99800,181,99635,281,99953,181,99557,181,99972,181,99490,181,100007,181,99435,181,100118,181,99432,181,100121,100,99395,100,100128,100,99326,100,100147,100,99291,100,100249,100,98977,100,100336,100,98753,100
2019-06-28 10:04:20.339429248,99800,181,99635,281,99953,181,99557,181,99972,181,99490,181,100007,181,99435,181,100118,181,99432,181,100121,100,99395,100,100128,100,99326,100,100147,100,99291,100,100249,100,98977,100,100336,100,98753,100
2019-06-28 10:04:21.471417402,99800,181,99635,281,99953,181,99557,181,99972,181,99490,181,100007,181,99435,181,100118,181,99432,181,100121,100,99395,100,100128,100,99326,100,100147,100,99291,100,100249,100,98977,100,100336,100,98753,100
2019-06-28 10:04:30.000000000,99800,238,99635,338,99953,234,99557,234,99972,234,99490,234,100007,100,99435,100,100118,100,99432,100,100121,100,99395,100,100128,100,99326,100,100147,100,99291,100,100249,100,98977,100,100336,100,98753,100
2019-06-28 10:04:40.000000000,99800,303,99635,403,99953,303,99557,303,99972,100,99490,100,100007,100,99435,100,100118,100,99432,100,100121,100,99395,100,100128,100,99326,100,100147,100,99291,100,100249,100,98977,100,100336,100,98753,100
2019-06-28 10:04:50.000000000,99800,506,99635,606,99953,100,99557,100,99972,100,99490,100,100007,100,99435,100,100118,100,99432,100,100121,100,99395,100,100128,100,99326,100,100147,100,99291,100,100249,100,98977,100,100336,100,98753,100
2019-06-28 10:04:50.065795716,99800,506,99770,100,99953,100,99635,606,99972,100,99557,100,100007,100,99490,100,100118,100,99435,100,100121,100,99432,100,100128,100,99395,100,100147,100,99326,100,100249,100,99291,100,100336,100,98977,100
2019-06-28 10:04:58.917552285,99800,406,99770,100,99953,100,99635,606,99972,100,99557,100,100007,100,99435,100,100118,100,99432,100,100121,100,99395,100,100128,100,99326,100,100147,100,99291,100,100249,100,98977,100,100336,100,98753,100
2019-06-28 10:05:00.000000000,99953,238,99770,238,99972,234,99635,334,100007,234,99557,234,100118,100,99435,100,100121,100,99432,100,100128,100,99395,100,100147,100,99326,100,100249,100,99291,100,100336,100,98977,100,100380,100,98753,100
2019-06-28 10:05:03.568602264,99953,138,99770,238,99972,234,99635,334,100007,234,99557,234,100118,100,99435,100,100121,100,99432,100,100128,100,99395,100,100147,100,99326,100,100249,100,99291,100,100336,100,98977,100,100380,100,98753,100
2019-06-28 10:05:10.000000000,99972,303,99770,303,100007,303,99635,403,100118,100,99557,100,100121,100,99435,100,100128,100,99432,100,100147,100,99395,100,100249,100,99326,100,100336,100,99291,100,100380,100,98977,100,100392,100,98753,100
2019-06-28 10:05:20.000000000,99972,303,99770,303,100007,303,99635,403,100118,100,99557,100,100121,100,99435,100,100128,100,99432,100,100147,100,99395,100,100249,100,99326,100,100336,100,99291,100,100380,100,98977,100,100392,100,98753,100
2019-06-28 10:05:30.000000000,99972,506,99770,506,100007,100,99635,200,100118,100,99557,100,100121,100,99435,100,100128,100,99432,100,100147,100,99395,100,100249,100,99326,100,100336,100,99291,100,100380,100,98977,100,100392,100,98753,100
2019-06-28 10:05:40.000000000,99972,181,99770,181,100007,181,99635,281,100118,181,99557,181,100121,181,99435,181,100128,181,99432,181,100147,100,99395,100,100249,100,99326,100,100336,100,99291,100,100380,100,98977,100,100392,100,98753,100
2019-06-28 10:05:50.000000000,99972,506,99770,506,100007,100,99635,200,100118,100,99557,100,100121,100,99435,100,100128,100,99432,100,100147,100,99395,100,100249,100,99326,100,100336,100,99291,100,100380,100,98977,100,100392,100,98753,100
2019-06-28 10:05:56.530456806,99972,406,99770,506,100007,100,99635,200,100118,100,99557,100,100121,100,99435,100,100128,100,99432,100,100147,100,99395,100,100249,100,99326,100,100336,100,99291,100,100380,100,98977,100,100392,100,98753,100
2019-06-28 10:06:00.000000000,100007,506,99770,506,100118,100,99635,200,100121,100,99557,100,100128,100,99435,100,100147,100,99432,100,100249,100,99395,100,100336,100,99326,100,100380,100,99291,100,100392,100,98977,100,,,98753,100
2019-06-28 10:06:10.000000000,100007,202,99770,202,100118,202,99635,302,100121,202,99557,202,100128,202,99435,202,100147,100,99432,100,100249,100,99395,100,100336,100,99326,100,100380,100,99291,100,100392,100,98977,100,,,98753,100
2019-06-28 10:06:20.000000000,100007,181,99770,181,100118,181,99635,281,100121,181,99557,181,100128,181,99435,181,100147,181,99432,181,100249,100,99395,100,100336,100,99326,100,100380,100,99291,100,100392,100,98977,100,,,98753,100
2019-06-28 10:06:22.530363748,100007,181,99993,100,100118,181,99770,181,100121,181,99635,281,100128,181,99557,181,100147,181,99435,181,100249,100,99432,181,100336,100,99395,100,100380,100,99326,100,100392,100,99291,100,,,98977,100
2019-06-28 10:06:30.000000000,100007,506,99993,506,100118,100,99770,100,100121,100,99635,200,100128,100,99557,100,100147,100,99435,100,100249,100,99432,100,100336,100,99395,100,100380,100,99326,100,100392,100,99291,100,,,98977,100
2019-06-28 10:06:40.000000000,100007,506,99993,506,100118,100,99770,100,100121,100,99635,200,100128,100,99557,100,100147,100,99435,100,100249,100,99432,100,100336,100,99395,100,100380,100,99326,100,100392,100,99291,100,,,98977,100
2019-06-28 10:06:43.566138274,100007,506,99993,506,100118,100,99953,100,100121,100,99770,100,100128,100,99635,200,100147,100,99557,100,100249,100,99435,100,100336,100,99432,100,100380,100,99395,100,100392,100,99326,100,,,99291,100
2019-06-28 10:06:45.525035182,100007,506,99993,506,100118,100,99953,100,100121,100,99770,100,100147,100,99635,200,100249,100,99557,100,100336,100,99435,100,100342,100,99432,100,100380,100,99395,100,100392,100,99326,100,,,99291,100
2019-06-28 10:06:50.000000000,100007,506,99993,506,100118,100,99953,100,100121,100,99770,100,100147,100,99635,200,100249,100,99557,100,100336,100,99435,100,100342,100,99432,100,100380,100,99395,100,100392,100,99326,100,,,99291,100
2019-06-28 10:06:59.901533200,100007,506,99993,506,100118,100,99953,100,100121,100,99770,100,100147,100,99635,200,100249,100,99557,100,100336,100,99435,100,100342,100,99432,100,100347,100,99395,100,100380,100,99326,100,100392,100,99291,100
2019-06-28 10:07:00.000000000,100007,506,99993,506,100118,100,99953,100,100121,100,99770,100,100147,100,99635,200,100249,100,99557,100,100336,100,99435,100,100342,100,99432,100,100347,100,99395,100,100380,100,99326,100,100392,100,99291,100
2019-06-28 10:07:10.000000000,100007,506,99993,506,100118,100,99953,100,100121,100,99770,100,100147,100,99635,200,100249,100,99557,100,100336,100,99435,100,100342,100,99432,100,100347,100,99395,100,100380,100,99326,100,100392,100,99291,100
2019-06-28 10:07:14.066087870,100007,506,99993,506,100118,100,99953,100,100121,100,99770,100,100147,100,99635,200,100249,100,99557,100,100336,100,99435,100,100342,100,99432,100,100347,100,99395,100,100380,100,99326,100,100392,100,99291,100
2019-06-28 10:07:20.000000000,100007,303,99993,303,100118,303,99953,303,100121,100,99770,100,100147,100,99635,200,100249,100,99557,100,100336,100,99435,100,100342,100,99432,100,100347,100,99395,100,100380,100,99326,100,100392,100,99291,100
2019-06-28 10:07:21.191504531,100007,303,99993,303,100118,303,99953,303,100121,100,99770,100,100147,100,99635,200,100249,100,99557,100,100254,100,99435,100,100336,100,99432,100,100342,100,99395,100,100347,100,99326,100,100380,100,98977,100
2019-06-28 10:07:30.000000000,100007,303,99993,303,100118,303,99953,303,100121,100,99770,100,100147,100,99635,200,100249,100,99557,100,100254,100,99435,100,100336,100,99432,100,100342,100,99395,100,100347,100,99326,100,100380,100,98977,100
2019-06-28 10:07:40.000000000,100007,506,99993,506,100118,100,99953,100,100121,100,99770,100,100147,100,99635,200,100249,100,99557,100,100254,100,99435,100,100336,100,99432,100,100342,100,99395,100,100347,100,99326,100,100380,100,98977,100
2019-06-28 10:07:50.000000000,100007,181,99993,181,100118,181,99953,181,100121,181,99770,181,100147,181,99635,281,100249,181,99557,181,100254,100,99435,100,100336,100,99432,100,100342,100,99395,100,100347,100,99326,100,100380,100,98977,100
2019-06-28 10:07:52.889513499,100007,181,99993,181,100118,181,99953,281,100121,181,99770,181,100147,181,99635,281,100249,181,99557,181,100254,100,99435,100,100336,100,99432,100,100342,100,99395,100,100347,100,99326,100,100380,100,98977,100
2019-06-28 10:08:00.000000000,100007,202,99993,202,100118,202,99953,302,100121,202,99770,202,100147,202,99635,302,100249,100,99557,100,100254,100,99435,100,100336,100,99432,100,100342,100,99395,100,100347,100,99326,100,100380,100,98977,100
2019-06-28 10:08:06.249535515,100007,102,99993,202,100118,202,99953,302,100121,102,99770,202,100147,202,99635,302,100249,100,99557,100,100254,100,99435,100,100336,100,99432,100,100342,100,99395,100,100347,100,99326,100,100380,100,98977,100
2019-06-28 10:08:09.914526737,100007,102,99994,100,100118,202,99993,202,100121,102,99953,302,100147,202,99770,202,100249,100,99635,302,100254,100,99557,100,100336,100,99435,100,100342,100,99432,100,100347,100,99395,100,100380,100,99326,100
2019-06-28 10:08:10.000000000,100118,238,99994,238,100147,234,99993,234,100249,234,99953,334,100254,100,99770,100,100336,100,99635,200,100342,100,99557,100,100347,100,99435,100,100380,100,99432,100,100392,100,99395,100,100464,100,99326,100
