,ask_price_1,ask_size_1,bid_price_1,bid_size_1,ask_price_2,ask_size_2,bid_price_2,bid_size_2,ask_price_3,ask_size_3,bid_price_3,bid_size_3,ask_price_4,ask_size_4,bid_price_4,bid_size_4,ask_price_5,ask_size_5,bid_price_5,bid_size_5,ask_price_6,ask_size_6,bid_price_6,bid_size_6,ask_price_7,ask_size_7,bid_price_7,bid_size_7,ask_price_8,ask_size_8,bid_price_8,bid_size_8,ask_price_9,ask_size_9,bid_price_9,bid_size_9,ask_price_10,ask_size_10,bid_price_10,bid_size_10
2019-06-28 09:30:00.000000001,100034,100,,,,,,,,,,,,,,,,,,,,,,,,,,,,,,,,,,,,,,
2019-06-28 09:30:00.000000002,100034,100,99921,100,,,,,,,,,,,,,,,,,,,,,,,,,,,,,,,,,,,,
2019-06-28 09:30:00.000000003,99961,100,99921,100,100034,100,,,100180,100,,,,,,,,,,,,,,,,,,,,,,,,,,,,,,
2019-06-28 09:30:00.000000005,100034,100,99921,100,100180,100,,,,,,,,,,,,,,,,,,,,,,,,,,,,,,,,,,
2019-06-28 09:30:00.000000006,100034,100,99921,100,100085,100,,,100098,100,,,100180,100,,,,,,,,,,,,,,,,,,,,,,,,,,
2019-06-28 09:30:00.000000008,100034,100,99967,100,100085,100,99921,100,100098,100,,,100180,100,,,,,,,,,,,,,,,,,,,,,,,,,,
2019-06-28 09:30:00.000000009,99997,100,99967,100,100034,100,99921,100,100085,100,,,100098,100,,,100180,100,,,100196,100,,,,,,,,,,,,,,,,,,
2019-06-28 09:30:00.000000010,99997,100,99967,100,100001,100,99927,100,100034,100,99921,100,100085,100,,,100098,100,,,100180,100,,,100196,100,,,,,,,,,,,,,,
2019-06-28 09:30:00.000000012,99997,100,99967,100,100001,100,99952,100,100034,100,99927,100,100085,100,99921,100,100098,100,,,100180,100,,,100196,100,,,,,,,,,,,,,,
2019-06-28 09:30:00.000000013,99992,100,99967,100,99997,100,99952,100,100001,100,99927,100,100034,100,99921,100,100085,100,99890,100,100098,100,,,100180,100,,,100196,100,,,,,,,,,,
2019-06-28 09:30:00.000000019,99992,100,99967,100,99997,100,99952,100,100001,100,99927,100,100034,100,99921,100,100055,100,99890,100,100085,100,,,100098,100,,,100180,100,,,100196,100,,,,,,
2019-06-28 09:30:00.000000020,99992,100,99967,100,99997,100,99952,100,100001,100,99927,100,100034,100,99921,100,100055,100,99890,100,100085,100,,,100098,100,,,100165,100,,,100180,100,,,100196,100,,
2019-06-28 09:30:00.000000022,99997,100,99967,100,100001,100,99952,100,100034,100,99927,100,100055,100,99921,100,100085,100,99890,100,100098,100,,,100165,100,,,100180,100,,,100196,100,,,,,,
2019-06-28 09:30:00.000000030,100001,100,99967,100,100034,100,99952,100,100055,100,99927,100,100085,100,99921,100,100098,100,99890,100,100165,100,,,100180,100,,,100196,100,,,,,,,,,,
2019-06-28 09:30:00.000000031,100001,100,99967,100,100034,100,99952,100,100055,100,99927,100,100085,100,99921,100,100098,100,99890,100,100165,100,,,100180,100,,,100196,100,,,,,,,,,,
2019-06-28 09:30:00.000000034,100034,100,99967,100,100055,100,99952,100,100085,100,99927,100,100098,100,99921,100,100165,100,99890,100,100180,100,,,100196,100,,,,,,,,,,,,,,
2019-06-28 09:30:00.000000036,100034,100,99967,100,100044,100,99952,100,100055,100,99927,100,100085,100,99921,100,100098,100,99890,100,100165,100,,,100180,100,,,100196,100,,,,,,,,,,
2019-06-28 09:30:00.000000038,100034,100,99967,100,100044,100,99952,100,100055,100,99927,100,100070,100,99921,100,100085,100,99890,100,100098,100,,,100165,100,,,100180,100,,,100196,100,,,,,,
2019-06-28 09:30:00.000000039,100034,100,99967,100,100044,100,99952,100,100055,100,99927,100,100068,100,99921,100,100070,100,99890,100,100085,100,,,100098,100,,,100165,100,,,100180,100,,,100196,100,,
2019-06-28 09:30:00.000000043,99992,100,99967,100,100034,100,99952,100,100044,100,99927,100,100055,100,99921,100,100068,100,99890,100,100070,100,,,100085,100,,,100098,100,,,100119,100,,,100165,100,,
2019-06-28 09:30:00.000000044,99992,100,99978,100,100031,100,99967,100,100034,100,99952,100,100044,100,99927,100,100055,100,99921,100,100068,100,99890,100,100070,100,,,100085,100,,,100098,100,,,100119,100,,
2019-06-28 09:30:00.000000047,99992,100,99978,100,100031,100,99967,100,100034,100,99952,100,100044,100,99927,100,100055,100,99921,100,100068,100,99890,100,100070,100,99820,100,100085,100,,,100098,100,,,100119,100,,
2019-06-28 09:30:00.000000048,100001,100,99978,100,100031,100,99967,100,100034,100,99952,100,100044,100,99927,100,100055,100,99921,100,100068,100,99890,100,100070,100,99820,100,100085,100,,,100098,100,,,100119,100,,
2019-06-28 09:30:00.000000050,100001,100,99978,100,100031,100,99967,100,100034,100,99952,100,100044,100,99927,100,100055,100,99921,100,100068,100,99890,100,100070,100,99820,100,100085,100,,,100088,100,,,100098,100,,
2019-06-28 09:30:00.000000052,100001,100,99978,100,100031,100,99967,100,100034,100,99952,100,100044,100,99927,100,100055,100,99921,100,100068,100,99890,100,100070,100,99820,100,100085,100,,,100088,100,,,100098,100,,
2019-06-28 09:30:00.000000054,100001,100,99978,100,100031,100,99967,100,100034,100,99952,100,100044,100,99927,100,100055,100,99921,100,100068,100,99918,100,100070,100,99890,100,100085,100,99820,100,100088,100,,,100098,100,,
2019-06-28 09:30:00.000000055,100031,100,99992,100,100034,100,99978,100,100044,100,99967,100,100055,100,99952,100,100068,100,99927,100,100070,100,99921,100,100085,100,99918,100,100088,100,99911,100,100098,100,99890,100,100119,100,99820,100
2019-06-28 09:30:00.000000058,100031,100,99992,100,100034,100,99978,100,100044,100,99967,100,100055,100,99964,100,100068,100,99952,100,100070,100,99927,100,100085,100,99921,100,100088,100,99918,100,100098,100,99911,100,100119,100,99890,100
2019-06-28 09:30:00.000000059,100031,100,99992,100,100032,100,99978,100,100034,100,99974,100,100044,100,99967,100,100055,100,99964,100,100068,100,99952,100,100070,100,99927,100,100085,100,99921,100,100088,100,99918,100,100098,100,99911,100
2019-06-28 09:30:00.000000061,100031,100,99992,100,100032,100,99978,100,100034,100,99974,100,100044,100,99967,100,100055,100,99964,100,100068,100,99952,100,100070,100,99927,100,100085,100,99921,100,100088,100,99918,100,100098,100,99911,100
2019-06-28 09:30:00.000000064,100031,100,99992,100,100032,100,99978,100,100034,100,99974,100,100044,100,99967,100,100055,100,99964,100,100068,100,99952,100,100070,100,99927,100,100085,100,99921,100,100088,100,99918,100,100098,100,99911,100
2019-06-28 09:30:00.000000066,100031,100,99992,100,100032,100,99978,100,100034,100,99974,100,100044,100,99967,100,100055,100,99964,100,100068,100,99952,100,100070,100,99927,100,100085,100,99921,100,100088,100,99918,100,100098,100,99911,100
2019-06-28 09:30:00.000000068,100031,100,99992,100,100032,100,99978,100,100034,100,99974,100,100044,100,99967,100,100055,100,99964,100,100068,100,99952,100,100070,100,99927,100,100085,100,99921,100,100088,100,99918,100,100098,100,99911,100
2019-06-28 09:30:00.000000077,100031,100,99992,100,100032,100,99978,100,100034,100,99974,100,100044,100,99967,100,100055,100,99964,100,100068,100,99952,100,100070,100,99927,100,100085,100,99921,100,100088,100,99918,100,100098,100,99911,100
2019-06-28 09:30:00.000000079,100031,100,99992,200,100032,100,99978,100,100034,100,99974,100,100044,100,99967,100,100055,100,99964,100,100068,100,99952,100,100070,100,99927,100,100085,100,99921,100,100088,100,99918,100,100098,100,99911,100
2019-06-28 09:30:00.000000081,100031,100,99992,200,100032,100,99988,100,100034,100,99978,100,100044,100,99974,100,100055,100,99967,100,100068,100,99964,100,100070,100,99952,100,100085,100,99927,100,100088,100,99921,100,100098,100,99918,100
2019-06-28 09:30:00.000000083,100031,100,100008,100,100032,100,99992,200,100034,100,99988,100,100044,100,99978,100,100055,100,99974,100,100068,100,99967,100,100070,100,99964,100,100085,100,99952,100,100088,100,99927,100,100091,100,99921,100
2019-06-28 09:30:00.000000087,100031,100,100008,100,100032,100,99992,200,100034,100,99988,100,100044,100,99978,100,100055,100,99974,100,100068,100,99967,100,100070,100,99964,100,100081,100,99952,100,100085,100,99927,100,100088,100,99921,100
2019-06-28 09:30:00.000000088,100031,100,100008,100,100032,100,99992,200,100034,100,99988,100,100037,100,99978,100,100044,100,99974,100,100055,100,99967,100,100068,100,99964,100,100070,100,99952,100,100081,100,99927,100,100085,100,99921,100
2019-06-28 09:30:00.000000091,100031,100,100008,100,100032,100,99992,200,100034,100,99988,100,100037,100,99978,100,100044,100,99974,100,100055,100,99967,100,100068,100,99964,100,100070,100,99952,100,100081,100,99927,100,100085,100,99921,100
2019-06-28 09:30:00.000000092,100031,100,100008,100,100032,100,99993,100,100034,100,99992,200,100037,100,99988,100,100044,100,99978,100,100055,100,99974,100,100068,100,99967,100,100070,100,99964,100,100081,100,99952,100,100085,100,99927,100
2019-06-28 09:30:00.000000093,100031,100,100008,100,100032,100,99993,100,100034,100,99992,200,100037,100,99988,100,100044,100,99978,100,100049,100,99974,100,100055,100,99967,100,100068,100,99964,100,100070,100,99952,100,100081,100,99927,100
2019-06-28 09:30:00.000000094,100031,100,100008,100,100032,100,99993,100,100034,100,99992,200,100037,100,99988,100,100044,100,99978,100,100049,100,99974,100,100055,100,99967,100,100068,100,99964,100,100070,100,99952,100,100081,100,99927,100
2019-06-28 09:30:00.000000097,100031,100,100008,100,100032,100,99993,100,100034,100,99992,200,100037,100,99988,100,100044,100,99978,100,100049,100,99974,100,100055,100,99967,100,100068,100,99964,100,100070,100,99952,100,100081,100,99927,100
2019-06-28 09:30:00.000000098,100031,100,100008,100,100032,100,99993,100,100034,100,99992,200,100037,100,99988,100,100044,100,99978,100,100049,100,99974,100,100055,100,99970,100,100068,100,99967,100,100070,100,99964,100,100081,100,99952,100
2019-06-28 09:30:00.000000099,100031,100,100008,100,100032,100,99993,100,100034,100,99992,200,100037,100,99988,100,100044,100,99978,100,100049,100,99974,100,100055,100,99970,100,100068,100,99967,100,100070,100,99964,100,100081,100,99952,100
2019-06-28 09:30:02.176133802,100031,100,100008,100,100032,100,99993,100,100034,100,99992,200,100037,100,99988,100,100044,100,99978,100,100049,100,99974,100,100055,100,99970,100,100068,100,99967,100,100070,100,99964,100,100081,100,99952,100
2019-06-28 09:30:06.107201758,100031,100,99993,100,100032,100,99992,200,100034,100,99988,100,100037,100,99978,100,100044,100,99974,100,100049,100,99970,100,100055,100,99967,100,100068,100,99964,100,100081,100,99952,100,100085,100,99938,100
2019-06-28 09:30:10.000000000,100031,325,99993,325,100032,325,99992,425,100034,100,99988,100,100037,100,99978,100,100044,100,99974,100,100049,100,99970,100,100055,100,99967,100,100068,100,99964,100,100081,100,99952,100,100085,100,99938,100
2019-06-28 09:30:12.120143986,100031,325,100001,100,100032,325,99993,325,100034,100,99992,425,100037,100,99988,100,100044,100,99978,100,100049,100,99974,100,100055,100,99970,100,100068,100,99967,100,100081,100,99964,100,100085,100,99952,100
2019-06-28 09:30:16.442540771,100031,325,99993,325,100032,325,99992,425,100034,100,99988,100,100037,100,99978,100,100044,100,99974,100,100049,100,99970,100,100055,100,99967,100,100068,100,99964,100,100081,100,99952,100,100085,100,99927,100
2019-06-28 09:30:20.000000000,100031,212,99993,212,100032,212,99992,312,100034,212,99988,212,100037,212,99978,212,100044,100,99974,100,100049,100,99970,100,100055,100,99967,100,100068,100,99964,100,100081,100,99952,100,100085,100,99927,100
2019-06-28 09:30:25.417770830,100031,212,99993,212,100032,212,99992,312,100034,212,99988,212,100037,212,99978,112,100044,100,99974,100,100049,100,99970,100,100055,100,99967,100,100068,100,99964,100,100081,100,99952,100,100085,100,99927,100
2019-06-28 09:30:29.139799056,100031,212,99993,212,100032,212,99992,312,100034,212,99988,212,100037,212,99978,112,100044,100,99974,100,100049,100,99970,100,100052,100,99967,100,100055,100,99964,100,100068,100,99952,100,100081,100,99927,100
2019-06-28 09:30:30.000000000,100031,325,99993,325,100032,325,99992,425,100034,100,99988,100,100037,100,99974,100,100044,100,99970,100,100049,100,99967,100,100052,100,99964,100,100055,100,99952,100,100068,100,99927,100,100081,100,99911,100
2019-06-28 09:30:31.659408589,100031,325,99993,325,100032,325,99992,425,100034,100,99988,100,100037,100,99974,100,100044,100,99970,100,100049,100,99967,100,100052,100,99964,100,100055,100,99952,100,100068,100,99927,100,100081,100,99911,100
2019-06-28 09:30:31.980962030,100031,325,99993,325,100032,325,99992,425,100034,100,99988,100,100037,100,99974,100,100044,100,99970,100,100049,100,99967,100,100052,100,99964,100,100055,100,99952,100,100068,100,99927,100,100081,100,99911,100
2019-06-28 09:30:40.000000000,100031,190,99993,190,100032,190,99992,290,100034,190,99988,190,100037,190,99974,190,100044,190,99970,190,100049,100,99967,100,100052,100,99964,100,100055,100,99952,100,100068,100,99927,100,100081,100,99911,100
2019-06-28 09:30:44.957777628,100008,100,99993,190,100031,190,99992,290,100032,190,99988,190,100034,190,99974,190,100037,190,99970,190,100044,190,99967,100,100049,100,99964,100,100052,100,99952,100,100055,100,99927,100,100068,100,99911,100
2019-06-28 09:30:50.000000000,100008,325,99993,325,100031,325,99992,425,100032,100,99988,100,100034,100,99974,100,100037,100,99970,100,100044,100,99967,100,100049,100,99964,100,100052,100,99952,100,100055,100,99927,100,100068,100,99911,100
2019-06-28 09:30:50.171178596,100008,325,99993,325,100031,325,99992,425,100032,100,99988,100,100034,100,99974,100,100037,100,99970,100,100044,100,99967,100,100049,100,99964,100,100052,100,99952,100,100055,100,99927,100,100068,100,99911,100
2019-06-28 09:30:56.615969367,100008,325,99993,325,100031,325,99992,425,100032,100,99988,100,100034,100,99974,100,100037,100,99970,100,100044,100,99967,100,100049,100,99964,100,100052,100,99952,100,100055,100,99927,100,100068,100,99911,100
2019-06-28 09:31:00.000000000,100008,253,99993,253,100031,248,99992,348,100032,248,99988,248,100034,100,99974,100,100037,100,99970,100,100044,100,99967,100,100049,100,99964,100,100052,100,99952,100,100055,100,99927,100,100068,100,99911,100
2019-06-28 09:31:07.628896262,100008,253,99993,253,100031,248,99992,348,100032,248,99988,248,100034,100,99974,100,100037,100,99970,100,100049,100,99967,100,100052,100,99964,100,100055,100,99952,100,100068,100,99927,100,100081,100,99911,100
2019-06-28 09:31:10.000000000,100008,212,99993,212,100031,212,99992,312,100032,212,99988,212,100034,212,99974,212,100037,100,99970,100,100049,100,99967,100,100052,100,99964,100,100055,100,99952,100,100068,100,99927,100,100081,100,99911,100
2019-06-28 09:31:20.000000000,100008,212,99993,212,100031,212,99992,312,100032,212,99988,212,100034,212,99974,212,100037,100,99970,100,100049,100,99967,100,100052,100,99964,100,100055,100,99952,100,100068,100,99927,100,100081,100,99911,100
2019-06-28 09:31:21.404669352,100008,112,99993,212,100031,212,99992,312,100032,212,99988,212,100034,212,99974,212,100037,100,99970,100,100049,100,99967,100,100052,100,99964,100,100055,100,99952,100,100068,100,99927,100,100081,100,99911,100
2019-06-28 09:31:30.000000000,100031,212,99993,212,100032,212,99992,312,100034,212,99988,212,100037,212,99974,212,100049,100,99970,100,100052,100,99967,100,100055,100,99964,100,100068,100,99952,100,100081,100,99927,100,100085,100,99911,100
2019-06-28 09:31:40.000000000,100031,253,99993,253,100032,248,99992,348,100034,248,99988,248,100037,100,99974,100,100049,100,99970,100,100052,100,99967,100,100055,100,99964,100,100068,100,99952,100,100081,100,99927,100,100085,100,99911,100
2019-06-28 09:31:40.976573767,100031,253,99993,253,100032,248,99992,348,100034,248,99988,248,100037,100,99974,100,100049,100,99970,100,100052,100,99967,100,100055,100,99964,100,100068,100,99952,100,100081,100,99927,100,100085,100,99911,100
2019-06-28 09:31:50.000000000,100031,325,99993,325,100032,325,99992,425,100034,100,99988,100,100037,100,99974,100,100049,100,99970,100,100052,100,99967,100,100055,100,99964,100,100068,100,99952,100,100081,100,99927,100,100085,100,99911,100
2019-06-28 09:32:00.000000000,100031,550,99993,550,100032,100,99992,200,100034,100,99988,100,100037,100,99974,100,100049,100,99970,100,100052,100,99967,100,100055,100,99964,100,100068,100,99952,100,100081,100,99927,100,100085,100,99911,100
2019-06-28 09:32:10.000000000,100031,550,99993,550,100032,100,99992,200,100034,100,99988,100,100037,100,99974,100,100049,100,99970,100,100052,100,99967,100,100055,100,99964,100,100068,100,99952,100,100081,100,99927,100,100085,100,99911,100
2019-06-28 09:32:20.000000000,100031,550,99993,550,100032,100,99992,200,100034,100,99988,100,100037,100,99974,100,100049,100,99970,100,100052,100,99967,100,100055,100,99964,100,100068,100,99952,100,100081,100,99927,100,100085,100,99911,100
2019-06-28 09:32:30.000000000,100031,190,99993,190,100032,190,99992,290,100034,190,99988,190,100037,190,99974,190,100049,190,99970,190,100052,100,99967,100,100055,100,99964,100,100068,100,99952,100,100081,100,99927,100,100085,100,99911,100
2019-06-28 09:32:30.693164832,100031,90,99993,190,100032,190,99992,290,100034,190,99988,190,100037,190,99974,190,100049,190,99970,190,100052,100,99967,100,100068,100,99964,100,100081,100,99952,100,100085,100,99927,100,100088,100,99911,100
2019-06-28 09:32:36.347175672,100032,190,100031,10,100034,190,99993,190,100037,190,99992,290,100049,190,99988,190,100052,100,99974,190,100068,100,99970,190,100081,100,99967,100,100085,100,99964,100,100088,100,99952,100,100091,100,99927,100
2019-06-28 09:32:38.932644789,100032,90,100031,10,100034,190,99993,190,100037,190,99992,290,100049,190,99988,190,100052,100,99974,190,100068,100,99970,190,100081,100,99967,100,100085,100,99964,100,100088,100,99952,100,100091,100,99927,100
2019-06-28 09:32:40.000000000,100034,212,100031,122,100037,212,99993,212,100049,212,99992,312,100052,212,99988,212,100068,100,99974,100,100081,100,99970,100,100085,100,99967,100,100088,100,99964,100,100091,100,99952,100,100098,100,99927,100
2019-06-28 09:32:43.926324637,100034,112,100031,122,100037,212,99993,212,100049,212,99992,312,100052,212,99988,212,100068,100,99974,100,100081,100,99970,100,100085,100,99967,100,100088,100,99964,100,100091,100,99952,100,100098,100,99927,100
2019-06-28 09:32:50.000000000,100037,190,100031,100,100049,190,99993,190,100052,190,99992,290,100068,190,99988,190,100081,190,99974,190,100085,100,99970,100,100088,100,99967,100,100091,100,99964,100,100098,100,99952,100,100119,100,99927,100
2019-06-28 09:33:00.000000000,100037,325,100031,235,100049,325,99993,325,100052,100,99992,200,100068,100,99988,100,100081,100,99974,100,100085,100,99970,100,100088,100,99967,100,100091,100,99964,100,100098,100,99952,100,100119,100,99927,100
2019-06-28 09:33:10.000000000,100037,190,100031,100,100049,190,99993,190,100052,190,99992,290,100068,190,99988,190,100081,190,99974,190,100085,100,99970,100,100088,100,99967,100,100091,100,99964,100,100098,100,99952,100,100119,100,99927,100
2019-06-28 09:33:12.248491877,100037,190,99993,190,100049,190,99992,290,100052,190,99988,190,100068,190,99974,190,100081,190,99970,100,100085,100,99967,100,100088,100,99964,100,100091,100,99952,100,100098,100,99927,100,100119,100,99911,100
2019-06-28 09:33:20.000000000,100037,325,99993,325,100049,325,99992,425,100052,100,99988,100,100068,100,99974,100,100081,100,99970,100,100085,100,99967,100,100088,100,99964,100,100091,100,99952,100,100098,100,99927,100,100119,100,99911,100
2019-06-28 09:33:25.212180272,100033,100,99993,325,100037,325,99992,425,100049,325,99988,100,100052,100,99974,100,100068,100,99970,100,100081,100,99967,100,100085,100,99964,100,100088,100,99952,100,100091,100,99927,100,100098,100,99911,100
2019-06-28 09:33:28.815798347,100033,100,99993,325,100037,325,99992,425,100049,325,99988,100,100052,100,99974,100,100068,100,99970,100,100081,100,99967,100,100085,100,99964,100,100088,100,99952,100,100091,100,99927,100,100098,100,99911,100
2019-06-28 09:33:30.000000000,100033,212,99993,212,100037,212,99992,312,100049,212,99988,212,100052,212,99974,212,100068,100,99970,100,100081,100,99967,100,100085,100,99964,100,100088,100,99952,100,100091,100,99927,100,100098,100,99911,100
2019-06-28 09:33:40.000000000,100033,550,99993,550,100037,100,99992,200,100049,100,99988,100,100052,100,99974,100,100068,100,99970,100,100081,100,99967,100,100085,100,99964,100,100088,100,99952,100,100091,100,99927,100,100098,100,99911,100
2019-06-28 09:33:50.000000000,100033,212,99993,212,100037,212,99992,312,100049,212,99988,212,100052,212,99974,212,100068,100,99970,100,100081,100,99967,100,100085,100,99964,100,100088,100,99952,100,100091,100,99927,100,100098,100,99911,100
2019-06-28 09:34:00.000000000,100033,212,99993,212,100037,212,99992,312,100049,212,99988,212,100052,212,99974,212,100068,100,99970,100,100081,100,99967,100,100085,100,99964,100,100088,100,99952,100,100091,100,99927,100,100098,100,99911,100
2019-06-28 09:34:07.629870225,100033,112,99993,212,100037,212,99992,312,100049,212,99988,212,100052,212,99974,212,100068,100,99970,100,100081,100,99967,100,100085,100,99964,100,100088,100,99952,100,100091,100,99927,100,100098,100,99911,100
2019-06-28 09:34:10.000000000,100037,212,99993,212,100049,212,99992,312,100052,212,99988,212,100068,212,99974,212,100081,100,99970,100,100085,100,99967,100,100088,100,99964,100,100091,100,99952,100,100098,100,99927,100,100119,100,99911,100
2019-06-28 09:34:20.000000000,100037,253,99993,253,100049,248,99992,348,100052,248,99988,248,100068,100,99974,100,100081,100,99970,100,100085,100,99967,100,100088,100,99964,100,100091,100,99952,100,100098,100,99927,100,100119,100,99911,100
2019-06-28 09:34:22.739685741,100037,253,99993,253,100049,248,99992,348,100052,248,99988,248,100068,100,99974,100,100081,100,99970,100,100085,100,99967,100,100088,100,99964,100,100091,100,99952,100,100098,100,99927,100,100119,100,99911,100
2019-06-28 09:34:30.000000000,100037,253,99993,253,100049,248,99992,348,100052,248,99988,248,100068,100,99974,100,100081,100,99970,100,100085,100,99967,100,100088,100,99964,100,100091,100,99952,100,100098,100,99927,100,100119,100,99911,100
2019-06-28 09:34:40.000000000,100037,253,99993,253,100049,248,99992,348,100052,248,99988,248,100068,100,99974,100,100081,100,99970,100,100085,100,99967,100,100088,100,99964,100,100091,100,99952,100,100098,100,99927,100,100119,100,99911,100
2019-06-28 09:34:50.000000000,100037,212,99993,212,100049,212,99992,312,100052,212,99988,212,100068,212,99974,212,100081,100,99970,100,100085,100,99967,100,100088,100,99964,100,100091,100,99952,100,100098,100,99927,100,100119,100,99911,100
2019-06-28 09:35:00.000000000,100037,550,99993,550,100049,100,99992,200,100052,100,99988,100,100068,100,99974,100,100081,100,99970,100,100085,100,99967,100,100088,100,99964,100,100091,100,99952,100,100098,100,99927,100,100119,100,99911,100
2019-06-28 09:35:10.000000000,100037,212,99993,212,100049,212,99992,312,100052,212,99988,212,100068,212,99974,212,100081,100,99970,100,100085,100,99967,100,100088,100,99964,100,100091,100,99952,100,100098,100,99927,100,100119,100,99911,100
2019-06-28 09:35:12.244648026,100037,212,100032,100,100049,212,99993,212,100052,212,99992,312,100068,212,99988,212,100081,100,99974,212,100085,100,99970,100,100088,100,99967,100,100091,100,99964,100,100098,100,99952,100,100119,100,99927,100
2019-06-28 09:35:14.366472497,100037,212,99993,212,100049,212,99992,312,100052,212,99988,212,100068,212,99974,212,100081,100,99970,100,100085,100,99967,100,100088,100,99964,100,100091,100,99952,100,100098,100,99927,100,100119,100,99911,100
2019-06-28 09:35:20.000000000,100037,212,99993,212,100049,212,99992,312,100052,212,99988,212,100068,212,99974,212,100081,100,99970,100,100085,100,99967,100,100088,100,99964,100,100091,100,99952,100,100098,100,99927,100,100119,100,99911,100
2019-06-28 09:35:30.000000000,100037,325,99993,325,100049,325,99992,425,100052,100,99988,100,100068,100,99974,100,100081,100,99970,100,100085,100,99967,100,100088,100,99964,100,100091,100,99952,100,100098,100,99927,100,100119,100,99911,100
2019-06-28 09:35:40.000000000,100037,212,99993,212,100049,212,99992,312,100052,212,99988,212,100068,212,99974,212,100081,100,99970,100,100085,100,99967,100,100088,100,99964,100,100091,100,99952,100,100098,100,99927,100,100119,100,99911,100
2019-06-28 09:35:50.000000000,100037,253,99993,253,100049,248,99992,348,100052,248,99988,248,100068,100,99974,100,100081,100,99970,100,100085,100,99967,100,100088,100,99964,100,100091,100,99952,100,100098,100,99927,100,100119,100,99911,100
2019-06-28 09:35:51.144442372,100037,253,100032,100,100049,248,99993,253,100052,248,99992,348,100068,100,99988,248,100081,100,99974,100,100085,100,99970,100,100088,100,99967,100,100091,100,99964,100,100098,100,99952,100,100119,100,99927,100
2019-06-28 09:36:00.000000000,100037,253,100032,253,100049,248,99993,248,100052,248,99992,348,100068,100,99988,100,100081,100,99974,100,100085,100,99970,100,100088,100,99967,100,100091,100,99964,100,100098,100,99952,100,100119,100,99927,100
2019-06-28 09:36:02.631373739,100037,253,100032,253,100049,248,99993,248,100052,248,99992,348,100068,100,99988,100,100081,100,99974,100,100085,100,99970,100,100088,100,99967,100,100091,100,99964,100,100098,100,99952,100,100119,100,99927,100
2019-06-28 09:36:10.000000000,100037,190,100032,190,100049,190,99993,190,100052,190,99992,290,100068,190,99988,190,100081,190,99974,190,100085,100,99970,100,100088,100,99967,100,100091,100,99964,100,100098,100,99952,100,100119,100,99927,100
2019-06-28 09:36:20.000000000,100037,212,100032,212,100049,212,99993,212,100052,212,99992,312,100068,212,99988,212,100081,100,99974,100,100085,100,99970,100,100088,100,99967,100,100091,100,99964,100,100098,100,99952,100,100119,100,99927,100
2019-06-28 09:36:22.655645493,100037,112,100032,212,100049,212,99993,212,100052,212,99992,312,100068,212,99988,212,100081,100,99974,100,100085,100,99970,100,100088,100,99967,100,100091,100,99964,100,100098,100,99952,100,100119,100,99927,100
2019-06-28 09:36:30.000000000,100049,190,100032,190,100052,190,99993,190,100068,190,99992,290,100081,190,99988,190,100085,190,99974,190,100088,100,99970,100,100091,100,99967,100,100098,100,99964,100,100119,100,99952,100,100139,100,99927,100
2019-06-28 09:36:37.166989945,100049,90,100032,190,100052,190,99993,190,100068,190,99992,290,100081,190,99988,190,100085,190,99974,190,100088,100,99970,100,100091,100,99967,100,100098,100,99964,100,100119,100,99952,100,100139,100,99927,100
2019-06-28 09:36:40.000000000,100052,550,100032,550,100068,100,99993,100,100081,100,99992,200,100085,100,99988,100,100088,100,99974,100,100091,100,99970,100,100098,100,99967,100,100119,100,99964,100,100139,100,99952,100,100148,100,99927,100
2019-06-28 09:36:50.000000000,100052,212,100032,212,100068,212,99993,212,100081,212,99992,312,100085,212,99988,212,100088,100,99974,100,100091,100,99970,100,100098,100,99967,100,100119,100,99964,100,100139,100,99952,100,100148,100,99927,100
2019-06-28 09:36:50.563097589,100052,112,100032,212,100068,212,99993,212,100081,212,99992,312,100085,212,99988,212,100088,100,99974,100,100091,100,99970,100,100098,100,99967,100,100119,100,99964,100,100139,100,99952,100,100148,100,99927,100
2019-06-28 09:37:00.000000000,100068,253,100032,253,100081,248,99993,248,100085,248,99992,348,100088,100,99988,100,100091,100,99974,100,100098,100,99970,100,100119,100,99967,100,100139,100,99964,100,100148,100,99952,100,100161,100,99927,100
2019-06-28 09:37:00.826385025,100068,253,100049,100,100081,248,100032,253,100085,248,99993,248,100088,100,99992,348,100091,100,99988,100,100098,100,99974,100,100119,100,99970,100,100139,100,99967,100,100148,100,99964,100,100161,100,99952,100
2019-06-28 09:37:10.000000000,100068,325,100049,325,100081,325,100032,325,100085,100,99993,100,100088,100,99992,200,100091,100,99988,100,100098,100,99974,100,100119,100,99970,100,100139,100,99967,100,100148,100,99964,100,100161,100,99952,100
2019-06-28 09:37:20.000000000,100068,190,100049,190,100081,190,100032,190,100085,190,99993,190,100088,190,99992,290,100091,190,99988,190,100098,100,99974,100,100119,100,99970,100,100139,100,99967,100,100148,100,99964,100,100161,100,99952,100
2019-06-28 09:37:25.087897162,100068,90,100049,190,100081,190,100032,190,100085,190,99993,190,100088,190,99992,290,100091,190,99988,190,100098,100,99974,100,100119,100,99970,100,100139,100,99967,100,100148,100,99964,100,100161,100,99952,100
2019-06-28 09:37:30.000000000,100081,550,100049,550,100085,100,100032,100,100088,100,99993,100,100091,100,99992,200,100098,100,99988,100,100119,100,99974,100,100139,100,99970,100,100148,100,99967,100,100161,100,99964,100,100169,100,99952,100
2019-06-28 09:37:40.000000000,100081,212,100049,212,100085,212,100032,212,100088,212,99993,212,100091,212,99992,312,100098,100,99988,100,100119,100,99974,100,100139,100,99970,100,100148,100,99967,100,100161,100,99964,100,100169,100,99952,100
2019-06-28 09:37:46.647100772,100081,112,100049,212,100085,212,100032,212,100088,212,99993,212,100091,212,99992,312,100098,100,99988,100,100119,100,99974,100,100139,100,99970,100,100148,100,99967,100,100169,100,99964,100,100177,100,99952,100
2019-06-28 09:37:49.425565376,100081,112,100068,100,100085,212,100049,212,100088,212,100032,212,100091,212,99993,212,100098,100,99992,312,100119,100,99988,100,100139,100,99974,100,100148,100,99970,100,100169,100,99967,100,100177,100,99964,100
2019-06-28 09:37:50.000000000,100085,550,100068,550,100088,100,100049,100,100091,100,100032,100,100098,100,99993,100,100119,100,99992,200,100139,100,99988,100,100148,100,99974,100,100169,100,99970,100,100177,100,99967,100,100179,100,99964,100
2019-06-28 09:38:00.000000000,100085,190,100068,190,100088,190,100049,190,100091,190,100032,190,100098,190,99993,190,100119,190,99992,290,100139,100,99988,100,100148,100,99974,100,100169,100,99970,100,100177,100,99967,100,100179,100,99964,100
2019-06-28 09:38:04.897104877,100085,190,100068,190,100088,190,100049,190,100091,190,100032,190,100098,190,99993,190,100119,190,99992,290,100148,100,99988,100,100169,100,99974,100,100177,100,99970,100,100179,100,99967,100,100196,100,99964,100
2019-06-28 09:38:10.000000000,100085,212,100068,212,100088,212,100049,212,100091,212,100032,212,100098,212,99993,212,100119,100,99992,200,100148,100,99988,100,100169,100,99974,100,100177,100,99970,100,100179,100,99967,100,100196,100,99964,100
2019-06-28 09:38:14.230776952,100085,212,100068,312,100088,212,100049,212,100091,212,100032,212,100098,212,99993,212,100119,100,99992,200,100148,100,99988,100,100169,100,99974,100,100177,100,99970,100,100179,100,99967,100,100196,100,99964,100
2019-06-28 09:38:20.000000000,100085,550,100068,650,100088,100,100049,100,100091,100,100032,100,100098,100,99993,100,100119,100,99992,200,100148,100,99988,100,100169,100,99974,100,100177,100,99970,100,100179,100,99967,100,100196,100,99964,100
2019-06-28 09:38:30.000000000,100085,550,100068,650,100088,100,100049,100,100091,100,100032,100,100098,100,99993,100,100119,100,99992,200,100148,100,99988,100,100169,100,99974,100,100177,100,99970,100,100179,100,99967,100,100196,100,99964,100
2019-06-28 09:38:34.552181908,100085,550,100068,650,100088,100,100049,100,100091,100,100032,100,100098,100,99993,100,100119,100,99992,200,100148,100,99988,100,100169,100,99974,100,100177,100,99970,100,100179,100,99967,100,100196,100,99964,100
2019-06-28 09:38:40.000000000,100085,212,100068,312,100088,212,100049,212,100091,212,100032,212,100098,212,99993,212,100119,100,99992,200,100148,100,99988,100,100169,100,99974,100,100177,100,99970,100,100179,100,99967,100,100196,100,99964,100
2019-06-28 09:38:50.000000000,100085,325,100068,425,100088,325,100049,325,100091,100,100032,100,100098,100,99993,100,100119,100,99992,200,100148,100,99988,100,100169,100,99974,100,100177,100,99970,100,100179,100,99967,100,100196,100,99964,100
2019-06-28 09:39:00.000000000,100085,190,100068,290,100088,190,100049,190,100091,190,100032,190,100098,190,99993,190,100119,190,99992,290,100148,100,99988,100,100169,100,99974,100,100177,100,99970,100,100179,100,99967,100,100196,100,99964,100
2019-06-28 09:39:01.141133574,100085,190,100068,290,100088,190,100049,190,100091,190,100032,190,100098,190,99993,190,100119,190,99992,290,100148,100,99988,100,100169,100,99974,100,100177,100,99970,100,100179,100,99967,100,100201,100,99964,100
2019-06-28 09:39:10.000000000,100085,253,100068,353,100088,248,100049,248,100091,248,100032,248,100098,100,99993,100,100119,100,99992,200,100148,100,99988,100,100169,100,99974,100,100177,100,99970,100,100179,100,99967,100,100201,100,99964,100
2019-06-28 09:39:20.000000000,100085,253,100068,353,100088,248,100049,248,100091,248,100032,248,100098,100,99993,100,100119,100,99992,200,100148,100,99988,100,100169,100,99974,100,100177,100,99970,100,100179,100,99967,100,100201,100,99964,100
2019-06-28 09:39:22.902878959,100085,253,100068,253,100088,248,100049,248,100091,248,100032,248,100098,100,99993,100,100119,100,99992,200,100148,100,99988,100,100169,100,99974,100,100177,100,99970,100,100179,100,99967,100,100201,100,99964,100
2019-06-28 09:39:29.475338982,100085,253,100068,253,100088,248,100049,248,100091,248,100032,248,100098,100,100013,100,100119,100,99993,100,100148,100,99992,200,100169,100,99988,100,100177,100,99974,100,100179,100,99970,100,100201,100,99967,100
2019-06-28 09:39:29.806791449,100080,100,100068,253,100085,253,100049,248,100088,248,100032,248,100091,248,100013,100,100098,100,99993,100,100119,100,99992,200,100148,100,99988,100,100169,100,99974,100,100177,100,99970,100,100179,100,99967,100
2019-06-28 09:39:30.000000000,100080,550,100068,550,100085,100,100049,100,100088,100,100032,100,100091,100,100013,100,100098,100,99993,100,100119,100,99992,200,100148,100,99988,100,100169,100,99974,100,100177,100,99970,100,100179,100,99967,100
2019-06-28 09:39:40.000000000,100080,253,100068,253,100085,248,100049,248,100088,248,100032,248,100091,100,100013,100,100098,100,99993,100,100119,100,99992,200,100148,100,99988,100,100169,100,99974,100,100177,100,99970,100,100179,100,99967,100
2019-06-28 09:39:50.000000000,100080,253,100068,253,100085,248,100049,248,100088,248,100032,248,100091,100,100013,100,100098,100,99993,100,100119,100,99992,200,100148,100,99988,100,100169,100,99974,100,100177,100,99970,100,100179,100,99967,100
2019-06-28 09:39:58.360277397,100080,353,100068,253,100085,248,100049,248,100088,248,100032,248,100091,100,100013,100,100098,100,99993,100,100119,100,99992,200,100148,100,99988,100,100169,100,99974,100,100177,100,99970,100,100179,100,99967,100
2019-06-28 09:40:00.000000000,100080,425,100068,325,100085,325,100049,325,100088,100,100032,100,100091,100,100013,100,100098,100,99993,100,100119,100,99992,200,100148,100,99988,100,100169,100,99974,100,100177,100,99970,100,100179,100,99967,100
2019-06-28 09:40:00.557374716,100080,425,100068,225,100085,325,100049,325,100088,100,100032,100,100091,100,100013,100,100098,100,99993,100,100119,100,99992,200,100148,100,99988,100,100169,100,99974,100,100177,100,99970,100,100201,100,99967,100
2019-06-28 09:40:10.000000000,100080,290,100049,190,100085,190,100032,190,100088,190,100013,190,100091,190,99993,190,100098,190,99992,290,100119,100,99988,100,100148,100,99974,100,100169,100,99970,100,100177,100,99967,100,100201,100,99964,100
2019-06-28 09:40:14.168277106,100080,290,100049,190,100085,190,100032,190,100088,190,100013,190,100091,190,99993,190,100098,190,99992,290,100119,100,99988,100,100148,100,99974,100,100169,100,99970,100,100177,100,99967,100,100201,100,99964,100
2019-06-28 09:40:19.501353707,100080,290,100049,90,100085,190,100032,190,100088,190,100013,190,100091,190,99993,190,100098,190,99992,290,100119,100,99988,100,100148,100,99974,100,100169,100,99970,100,100177,100,99967,100,100201,100,99964,100
2019-06-28 09:40:20.000000000,100080,353,100032,253,100085,248,100013,248,100088,248,99993,248,100091,100,99992,200,100098,100,99988,100,100119,100,99974,100,100148,100,99970,100,100169,100,99967,100,100177,100,99964,100,100201,100,99952,100
2019-06-28 09:40:28.015811612,100080,353,100032,253,100085,248,100013,248,100088,248,99993,248,100091,100,99992,200,100098,100,99988,100,100119,100,99974,100,100148,100,99970,100,100169,100,99967,100,100177,100,99964,100,100201,100,99952,100
2019-06-28 09:40:30.000000000,100080,650,100032,550,100085,100,100013,100,100088,100,99993,100,100091,100,99992,200,100098,100,99988,100,100119,100,99974,100,100148,100,99970,100,100169,100,99967,100,100177,100,99964,100,100201,100,99952,100
2019-06-28 09:40:37.536035510,100080,650,100032,550,100085,100,100013,100,100088,100,99993,100,100091,100,99992,200,100098,100,99988,100,100119,100,99974,100,100148,100,99970,100,100169,100,99967,100,100177,100,99964,100,100201,100,99952,100
2019-06-28 09:40:40.000000000,100080,312,100032,212,100085,212,100013,212,100088,212,99993,212,100091,212,99992,312,100098,100,99988,100,100119,100,99974,100,100148,100,99970,100,100169,100,99967,100,100177,100,99964,100,100201,100,99952,100
2019-06-28 09:40:50.000000000,100080,650,100032,550,100085,100,100013,100,100088,100,99993,100,100091,100,99992,200,100098,100,99988,100,100119,100,99974,100,100148,100,99970,100,100169,100,99967,100,100177,100,99964,100,100201,100,99952,100
2019-06-28 09:40:51.461659821,100080,650,100032,450,100085,100,100013,100,100088,100,99993,100,100091,100,99992,200,100098,100,99988,100,100119,100,99974,100,100148,100,99970,100,100169,100,99967,100,100177,100,99964,100,100201,100,99952,100
2019-06-28 09:41:00.000000000,100080,312,100013,212,100085,212,99993,212,100088,212,99992,312,100091,212,99988,212,100098,100,99974,100,100119,100,99970,100,100148,100,99967,100,100169,100,99964,100,100177,100,99952,100,100201,100,99927,100
2019-06-28 09:41:02.973609478,100080,312,100013,212,100085,212,99993,212,100088,212,99992,312,100091,212,99988,212,100098,100,99974,100,100119,100,99970,100,100148,100,99967,100,100169,100,99964,100,100177,100,99952,100,100201,100,99927,100
2019-06-28 09:41:06.020326366,100080,312,100013,112,100085,212,99993,212,100088,212,99992,312,100091,212,99988,212,100098,100,99970,100,100119,100,99967,100,100148,100,99964,100,100169,100,99952,100,100177,100,99927,100,100201,100,99911,100
2019-06-28 09:41:09.971750615,100080,312,100013,12,100085,212,99993,212,100088,212,99992,312,100091,212,99988,212,100098,100,99967,100,100119,100,99964,100,100148,100,99952,100,100169,100,99927,100,100177,100,99911,100,100201,100,99848,100
2019-06-28 09:41:10.000000000,100080,290,99993,190,100085,190,99992,290,100088,190,99988,190,100091,190,99967,190,100098,190,99964,190,100119,100,99952,100,100148,100,99927,100,100169,100,99911,100,100177,100,99848,100,100201,100,99791,100
2019-06-28 09:41:18.678985212,100080,290,99993,190,100085,190,99992,290,100088,190,99988,190,100091,190,99967,190,100098,190,99964,190,100119,100,99927,100,100148,100,99911,100,100169,100,99848,100,100177,100,99791,100,100201,100,99759,100
2019-06-28 09:41:20.000000000,100080,312,99993,212,100085,212,99992,312,100088,212,99988,212,100091,212,99967,212,100098,100,99964,100,100119,100,99927,100,100148,100,99911,100,100169,100,99848,100,100177,100,99791,100,100201,100,99759,100
2019-06-28 09:41:30.000000000,100080,312,99993,212,100085,212,99992,312,100088,212,99988,212,100091,212,99967,212,100098,100,99964,100,100119,100,99927,100,100148,100,99911,100,100169,100,99848,100,100177,100,99791,100,100201,100,99759,100
2019-06-28 09:41:40.000000000,100080,312,99993,212,100085,212,99992,312,100088,212,99988,212,100091,212,99967,212,100098,100,99964,100,100119,100,99927,100,100148,100,99911,100,100169,100,99848,100,100177,100,99791,100,100201,100,99759,100
2019-06-28 09:41:49.431120046,100080,312,99993,212,100085,212,99992,312,100088,212,99988,212,100091,212,99967,212,100098,100,99964,100,100119,100,99927,100,100148,100,99911,100,100169,100,99848,100,100177,100,99791,100,100201,100,99759,100
2019-06-28 09:41:50.000000000,100080,312,99993,212,100085,212,99992,312,100088,212,99988,212,100091,212,99967,212,100098,100,99964,100,100119,100,99927,100,100148,100,99911,100,100169,100,99848,100,100177,100,99791,100,100201,100,99759,100
2019-06-28 09:41:50.246461739,100080,312,99993,112,100085,212,99992,312,100088,212,99988,112,100091,212,99967,212,100098,100,99964,100,100119,100,99927,100,100148,100,99911,100,100169,100,99848,100,100177,100,99791,100,100201,100,99759,100
2019-06-28 09:41:53.122581833,100080,312,99993,112,100085,212,99992,212,100088,212,99988,112,100091,212,99967,212,100098,100,99964,100,100119,100,99927,100,100148,100,99911,100,100169,100,99848,100,100177,100,99791,100,100201,100,99759,100
2019-06-28 09:41:53.144813949,100080,312,99993,12,100085,212,99992,212,100088,212,99988,112,100091,212,99967,212,100098,100,99964,100,100119,100,99927,100,100148,100,99911,100,100169,100,99848,100,100177,100,99791,100,100201,100,99759,100
2019-06-28 09:42:00.000000000,100080,290,99992,190,100085,190,99967,190,100088,190,99964,190,100091,190,99927,190,100098,190,99911,190,100119,100,99848,100,100148,100,99791,100,100169,100,99759,100,100177,100,99734,100,100201,100,99694,100
2019-06-28 09:42:10.000000000,100080,353,99992,253,100085,248,99967,248,100088,248,99964,248,100091,100,99927,100,100098,100,99911,100,100119,100,99848,100,100148,100,99791,100,100169,100,99759,100,100177,100,99734,100,100201,100,99694,100
2019-06-28 09:42:11.527479007,100080,353,99992,153,100085,248,99967,248,100088,248,99964,248,100091,100,99927,100,100098,100,99911,100,100119,100,99848,100,100148,100,99791,100,100169,100,99759,100,100177,100,99734,100,100201,100,99694,100
2019-06-28 09:42:13.744402779,100080,353,99992,53,100085,248,99967,248,100088,248,99964,248,100091,100,99927,100,100098,100,99911,100,100119,100,99848,100,100148,100,99791,100,100169,100,99759,100,100177,100,99734,100,100201,100,99694,100
2019-06-28 09:42:20.000000000,100080,312,99967,212,100085,212,99964,212,100088,212,99927,212,100091,212,99911,212,100098,100,99848,100,100119,100,99791,100,100148,100,99759,100,100169,100,99734,100,100177,100,99694,100,100201,100,99692,100
2019-06-28 09:42:28.833085698,99992,100,99967,212,100080,312,99964,212,100085,212,99927,212,100088,212,99911,212,100091,212,99848,100,100098,100,99791,100,100119,100,99759,100,100148,100,99734,100,100169,100,99694,100,100177,100,99692,100
2019-06-28 09:42:30.000000000,99992,253,99967,253,100080,348,99964,248,100085,248,99927,248,100088,100,99911,100,100091,100,99848,100,100098,100,99791,100,100119,100,99759,100,100148,100,99734,100,100169,100,99694,100,100177,100,99692,100
2019-06-28 09:42:34.870168307,99992,253,99967,153,100080,348,99964,248,100085,248,99927,248,100088,100,99911,100,100091,100,99848,100,100098,100,99791,100,100119,100,99759,100,100148,100,99734,100,100169,100,99694,100,100177,100,99692,100
2019-06-28 09:42:40.000000000,99992,190,99964,190,100080,290,99927,190,100085,190,99911,190,100088,190,99848,190,100091,190,99791,190,100098,100,99759,100,100119,100,99734,100,100148,100,99694,100,100169,100,99692,100,100177,100,99341,100
2019-06-28 09:42:50.000000000,99992,253,99964,253,100080,348,99927,248,100085,248,99911,248,100088,100,99848,100,100091,100,99791,100,100098,100,99759,100,100119,100,99734,100,100148,100,99694,100,100169,100,99692,100,100177,100,99341,100
2019-06-28 09:43:00.000000000,99992,253,99964,253,100080,348,99927,248,100085,248,99911,248,100088,100,99848,100,100091,100,99791,100,100098,100,99759,100,100119,100,99734,100,100148,100,99694,100,100169,100,99692,100,100177,100,99341,100
2019-06-28 09:43:10.000000000,99992,190,99964,190,100080,290,99927,190,100085,190,99911,190,100088,190,99848,190,100091,190,99791,190,100098,100,99759,100,100119,100,99734,100,100148,100,99694,100,100169,100,99692,100,100177,100,99341,100
2019-06-28 09:43:20.000000000,99992,550,99964,550,100080,200,99927,100,100085,100,99911,100,100088,100,99848,100,100091,100,99791,100,100098,100,99759,100,100119,100,99734,100,100148,100,99694,100,100169,100,99692,100,100177,100,99341,100
2019-06-28 09:43:30.000000000,99992,253,99964,253,100080,348,99927,248,100085,248,99911,248,100088,100,99848,100,100091,100,99791,100,100098,100,99759,100,100119,100,99734,100,100148,100,99694,100,100169,100,99692,100,100177,100,99341,100
2019-06-28 09:43:40.000000000,99992,550,99964,550,100080,200,99927,100,100085,100,99911,100,100088,100,99848,100,100091,100,99791,100,100098,100,99759,100,100119,100,99734,100,100148,100,99694,100,100169,100,99692,100,100177,100,99341,100
2019-06-28 09:43:42.412861758,99992,550,99964,450,100080,200,99927,100,100085,100,99911,100,100088,100,99791,100,100091,100,99759,100,100098,100,99734,100,100119,100,99694,100,100148,100,99692,100,100169,100,99341,100,100177,100,99098,100
2019-06-28 09:43:44.628280283,99992,550,99964,350,100080,200,99927,100,100085,100,99911,100,100088,100,99791,100,100091,100,99759,100,100098,100,99734,100,100119,100,99694,100,100148,100,99692,100,100169,100,99341,100,100177,100,98618,100
2019-06-28 09:43:50.000000000,99992,325,99927,325,100080,425,99911,325,100085,100,99791,100,100088,100,99759,100,100091,100,99734,100,100098,100,99694,100,100119,100,99692,100,100148,100,99341,100,100169,100,98618,100,100177,100,97613,100
2019-06-28 09:44:00.000000000,99992,550,99927,550,100080,200,99911,100,100085,100,99791,100,100088,100,99759,100,100091,100,99734,100,100098,100,99694,100,100119,100,99692,100,100148,100,99341,100,100169,100,98618,100,100177,100,97613,100
2019-06-28 09:44:01.769966522,99992,550,99927,450,100080,200,99911,100,100085,100,99791,100,100088,100,99759,100,100091,100,99734,100,100098,100,99694,100,100119,100,99341,100,100148,100,98618,100,100169,100,97613,100,100177,100,,
2019-06-28 09:44:10.000000000,99992,190,99911,190,100080,290,99791,190,100085,190,99759,190,100088,190,99734,190,100091,190,99694,190,100098,100,99341,100,100119,100,98618,100,100148,100,97613,100,100169,100,,,100177,100,,
2019-06-28 09:44:14.208825950,99992,190,99911,190,100080,290,99791,190,100085,190,99759,190,100088,190,99734,190,100091,190,99694,90,100098,100,99341,100,100119,100,98618,100,100148,100,97954,100,100169,100,97613,100,100177,100,,
2019-06-28 09:44:20.000000000,99992,550,99911,550,100080,200,99791,100,100085,100,99759,100,100088,100,99734,100,100091,100,99341,100,100098,100,98618,100,100119,100,97954,100,100148,100,97613,100,100169,100,,,100177,100,,
2019-06-28 09:44:30.000000000,99992,212,99911,212,100080,312,99791,212,100085,212,99759,212,100088,212,99734,212,100091,100,99341,100,100098,100,98618,100,100119,100,97954,100,100148,100,97613,100,100169,100,,,100177,100,,
2019-06-28 09:44:34.490047293,99992,212,99911,212,100080,312,99791,212,100085,212,99759,212,100088,212,99734,212,100091,100,99341,100,100098,100,98618,100,100119,100,98047,100,100148,100,97954,100,100169,100,97613,100,100177,100,,
2019-06-28 09:44:38.073996800,99992,212,99911,112,100080,312,99791,212,100085,212,99759,212,100088,212,99734,112,100091,100,99341,100,100098,100,98618,100,100119,100,98047,100,100148,100,97954,100,100169,100,97613,100,100177,100,,
2019-06-28 09:44:40.000000000,99992,190,99791,190,100080,290,99759,190,100085,190,99341,190,100088,190,98618,190,100091,190,98047,190,100098,100,97954,100,100119,100,97613,100,100148,100,,,100169,100,,,100177,100,,
2019-06-28 09:44:50.000000000,99992,325,99791,325,100080,425,99759,325,100085,100,99341,100,100088,100,98618,100,100091,100,98047,100,100098,100,97954,100,100119,100,97613,100,100148,100,,,100169,100,,,100177,100,,
2019-06-28 09:45:00.000000000,99992,550,99791,550,100080,200,99759,100,100085,100,99341,100,100088,100,98618,100,100091,100,98047,100,100098,100,97954,100,100119,100,97613,100,100148,100,,,100169,100,,,100177,100,,
2019-06-28 09:45:10.000000000,99992,190,99791,190,100080,290,99759,190,100085,190,99341,190,100088,190,98618,190,100091,190,98047,190,100098,100,97954,100,100119,100,97613,100,100148,100,,,100169,100,,,100177,100,,
2019-06-28 09:45:16.683843947,99927,100,99791,190,99992,190,99759,190,100080,290,99341,190,100085,190,98618,190,100088,190,98047,190,100091,190,97954,100,100098,100,97613,100,100119,100,,,100148,100,,,100169,100,,
2019-06-28 09:45:18.620735987,99927,100,99791,90,99992,190,99759,90,100080,290,99341,190,100085,190,98618,190,100088,190,98047,190,100091,190,97954,100,100098,100,97613,100,100119,100,,,100148,100,,,100169,100,,
2019-06-28 09:45:20.000000000,99927,550,99341,550,99992,100,98618,100,100080,200,98047,100,100085,100,97954,100,100088,100,97613,100,100091,100,,,100098,100,,,100119,100,,,100148,100,,,100169,100,,
2019-06-28 09:45:30.000000000,99927,550,99341,550,99992,100,98618,100,100080,200,98047,100,100085,100,97954,100,100088,100,97613,100,100091,100,,,100098,100,,,100119,100,,,100148,100,,,100169,100,,
2019-06-28 09:45:40.000000000,99927,212,99341,212,99992,212,98618,212,100080,312,98047,212,100085,212,97954,212,100088,100,97613,100,100091,100,,,100098,100,,,100119,100,,,100148,100,,,100169,100,,
2019-06-28 09:45:40.879221219,99927,212,99341,212,99992,212,98618,212,100080,312,98047,212,100085,212,98001,100,100088,100,97954,212,100091,100,97613,100,100098,100,,,100148,100,,,100169,100,,,100177,100,,
2019-06-28 09:45:46.881331310,99927,212,99341,212,99992,212,98618,212,100080,312,98284,100,100085,212,98047,212,100088,100,98001,100,100091,100,97954,212,100098,100,97613,100,100148,100,,,100169,100,,,100177,100,,
2019-06-28 09:45:50.000000000,99927,325,99341,325,99992,325,98618,325,100080,200,98284,100,100085,100,98047,100,100088,100,98001,100,100091,100,97954,100,100098,100,97613,100,100148,100,,,100169,100,,,100177,100,,
2019-06-28 09:46:00.000000000,99927,253,99341,253,99992,248,98618,248,100080,348,98284,248,100085,100,98047,100,100088,100,98001,100,100091,100,97954,100,100098,100,97613,100,100148,100,,,100169,100,,,100177,100,,
2019-06-28 09:46:01.034659131,99927,253,99341,153,99992,248,98618,248,100080,348,98284,248,100085,100,98047,100,100088,100,98001,100,100091,100,97613,100,100098,100,,,100148,100,,,100169,100,,,100177,100,,
2019-06-28 09:46:06.569131839,99927,253,99341,153,99992,248,98618,248,100080,248,98284,248,100085,100,98047,100,100088,100,98001,100,100091,100,97613,100,100098,100,,,100148,100,,,100169,100,,,100177,100,,
2019-06-28 09:46:10.000000000,99927,550,98618,550,99992,100,98284,100,100080,100,98047,100,100085,100,98001,100,100088,100,97613,100,100091,100,,,100098,100,,,100148,100,,,100169,100,,,100177,100,,
2019-06-28 09:46:19.423706717,99927,550,98618,550,99992,100,98284,100,100080,100,98140,100,100085,100,98047,100,100088,100,98001,100,100098,100,97613,100,100148,100,,,100169,100,,,100177,100,,,100201,100,,
2019-06-28 09:46:20.000000000,99927,253,98618,253,99992,248,98284,248,100080,248,98140,248,100085,100,98047,100,100088,100,98001,100,100098,100,97613,100,100148,100,,,100169,100,,,100177,100,,,100201,100,,
2019-06-28 09:46:20.150038527,99927,253,98618,153,99992,248,98284,248,100080,248,98140,248,100085,100,98047,100,100088,100,98001,100,100098,100,97613,100,100148,100,,,100169,100,,,100177,100,,,100201,100,,
2019-06-28 09:46:25.786213039,99927,253,98618,53,99992,248,98284,248,100080,248,98140,248,100085,100,98047,100,100088,100,98001,100,100098,100,97613,100,100148,100,,,100169,100,,,100177,100,,,100201,100,,
2019-06-28 09:46:30.000000000,99927,190,98284,190,99992,190,98140,190,100080,190,98047,190,100085,190,98001,190,100088,190,97613,190,100098,100,,,100148,100,,,100169,100,,,100177,100,,,100201,100,,
2019-06-28 09:46:30.223946480,98618,100,98284,190,99927,190,98140,190,99992,190,98047,190,100080,190,98001,190,100085,190,97613,190,100088,190,,,100098,100,,,100148,100,,,100169,100,,,100177,100,,
2019-06-28 09:46:37.637765246,98618,100,98322,100,99927,190,98284,190,99992,190,98140,190,100080,190,98047,190,100085,190,98001,190,100088,190,97613,190,100098,100,,,100148,100,,,100169,100,,,100177,100,,
2019-06-28 09:46:40.000000000,98618,212,98322,212,99927,212,98284,212,99992,212,98140,212,100080,212,98047,212,100085,100,98001,100,100088,100,97613,100,100098,100,,,100148,100,,,100169,100,,,100177,100,,
2019-06-28 09:46:50.000000000,98618,253,98322,253,99927,248,98284,248,99992,248,98140,248,100080,100,98047,100,100085,100,98001,100,100088,100,97613,100,100098,100,,,100148,100,,,100169,100,,,100177,100,,
2019-06-28 09:46:59.763528246,98455,100,98322,253,98618,253,98284,248,99927,248,98140,248,99992,248,98047,100,100080,100,98001,100,100085,100,97613,100,100088,100,,,100098,100,,,100148,100,,,100169,100,,
2019-06-28 09:47:00.000000000,98455,190,98322,190,98618,190,98284,190,99927,190,98140,190,99992,190,98047,190,100080,190,98001,190,100085,100,97613,100,100088,100,,,100098,100,,,100148,100,,,100169,100,,
2019-06-28 09:47:00.036551150,98455,190,98322,190,98618,190,98284,190,99927,190,98140,190,99992,190,98132,100,100080,190,98047,190,100085,100,98001,190,100088,100,97613,100,100098,100,,,100148,100,,,100169,100,,
2019-06-28 09:47:03.585275747,98455,190,98322,190,98618,190,98284,190,99927,190,98241,100,99992,190,98140,190,100080,190,98132,100,100085,100,98047,190,100088,100,98001,90,100098,100,97613,100,100148,100,,,100169,100,,
2019-06-28 09:47:10.000000000,98455,212,98322,212,98618,212,98284,212,99927,212,98241,212,99992,212,98140,212,100080,100,98132,100,100085,100,98047,100,100088,100,97613,100,100098,100,,,100148,100,,,100169,100,,
2019-06-28 09:47:18.636242683,98425,100,98322,212,98455,212,98284,212,98618,212,98241,212,99927,212,98140,212,99992,212,98132,100,100080,100,98047,100,100085,100,97613,100,100088,100,,,100098,100,,,100148,100,,
2019-06-28 09:47:20.000000000,98425,212,98322,212,98455,212,98284,212,98618,212,98241,212,99927,212,98140,212,99992,100,98132,100,100080,100,98047,100,100085,100,97613,100,100088,100,,,100098,100,,,100148,100,,
2019-06-28 09:47:30.000000000,98425,253,98322,253,98455,248,98284,248,98618,248,98241,248,99927,100,98140,100,99992,100,98132,100,100080,100,98047,100,100085,100,97613,100,100088,100,,,100098,100,,,100148,100,,
2019-06-28 09:47:36.798261026,98425,153,98322,253,98455,248,98284,248,98618,248,98241,248,99927,100,98140,100,99992,100,98132,100,100080,100,97613,100,100085,100,,,100088,100,,,100098,100,,,100148,100,,
2019-06-28 09:47:40.000000000,98455,212,98322,212,98618,212,98284,212,99927,212,98241,212,99992,212,98140,212,100080,100,98132,100,100085,100,97613,100,100088,100,,,100098,100,,,100148,100,,,100169,100,,
2019-06-28 09:47:44.515290792,98455,212,98322,212,98618,212,98284,212,98761,100,98241,212,99927,212,98140,212,99992,212,98132,100,100080,100,97613,100,100085,100,,,100088,100,,,100098,100,,,100148,100,,
2019-06-28 09:47:50.000000000,98455,190,98322,190,98618,190,98284,190,98761,190,98241,190,99927,190,98140,190,99992,190,98132,190,100080,100,97613,100,100085,100,,,100088,100,,,100098,100,,,100148,100,,
2019-06-28 09:47:51.448204745,98455,190,98322,190,98618,90,98284,190,98761,190,98241,190,99927,190,98140,190,99992,190,98132,190,100080,100,97613,100,100085,100,,,100088,100,,,100098,100,,,100148,100,,
2019-06-28 09:48:00.000000000,98455,325,98322,325,98761,325,98284,325,99927,100,98241,100,99992,100,98140,100,100080,100,98132,100,100085,100,97613,100,100088,100,,,100098,100,,,100148,100,,,100169,100,,
2019-06-28 09:48:06.801475450,98455,225,98322,325,98761,325,98284,325,99927,100,98241,100,99992,100,98140,100,100080,100,98132,100,100085,100,97613,100,100088,100,,,100098,100,,,100148,100,,,100169,100,,
2019-06-28 09:48:10.000000000,98761,550,98322,550,99927,100,98284,100,99992,100,98241,100,100080,100,98140,100,100085,100,98132,100,100088,100,97613,100,100098,100,,,100148,100,,,100169,100,,,100177,100,,
2019-06-28 09:48:20.000000000,98761,253,98322,253,99927,248,98284,248,99992,248,98241,248,100080,100,98140,100,100085,100,98132,100,100088,100,97613,100,100098,100,,,100148,100,,,100169,100,,,100177,100,,
2019-06-28 09:48:30.000000000,98761,190,98322,190,99927,190,98284,190,99992,190,98241,190,100080,190,98140,190,100085,190,98132,190,100088,100,97613,100,100098,100,,,100148,100,,,100169,100,,,100177,100,,
2019-06-28 09:48:40.000000000,98761,550,98322,550,99927,100,98284,100,99992,100,98241,100,100080,100,98140,100,100085,100,98132,100,100088,100,97613,100,100098,100,,,100148,100,,,100169,100,,,100177,100,,
2019-06-28 09:48:45.085852766,98761,550,98322,550,98902,100,98284,100,99927,100,98241,100,99992,100,98140,100,100080,100,98132,100,100085,100,97613,100,100088,100,,,100098,100,,,100148,100,,,100169,100,,
2019-06-28 09:48:47.775132967,98761,550,98425,100,98902,100,98322,550,99927,100,98284,100,99992,100,98241,100,100080,100,98140,100,100085,100,98132,100,100088,100,97613,100,100098,100,,,100148,100,,,100169,100,,
2019-06-28 09:48:50.000000000,98761,253,98425,253,98902,248,98322,248,99927,248,98284,248,99992,100,98241,100,100080,100,98140,100,100085,100,98132,100,100088,100,97613,100,100098,100,,,100148,100,,,100169,100,,
2019-06-28 09:49:00.000000000,98761,550,98425,550,98902,100,98322,100,99927,100,98284,100,99992,100,98241,100,100080,100,98140,100,100085,100,98132,100,100088,100,97613,100,100098,100,,,100148,100,,,100169,100,,
2019-06-28 09:49:09.111291948,98761,550,98425,550,98902,100,98322,100,98962,100,98284,100,99927,100,98241,100,99992,100,98140,100,100080,100,98132,100,100085,100,97613,100,100088,100,,,100098,100,,,100148,100,,
2019-06-28 09:49:10.000000000,98761,212,98425,212,98902,212,98322,212,98962,212,98284,212,99927,212,98241,212,99992,100,98140,100,100080,100,98132,100,100085,100,97613,100,100088,100,,,100098,100,,,100148,100,,
2019-06-28 09:49:11.322049836,98761,212,98425,312,98902,212,98322,212,98962,212,98284,212,99927,212,98241,212,99992,100,98140,100,100080,100,98132,100,100085,100,97613,100,100088,100,,,100098,100,,,100148,100,,
2019-06-28 09:49:16.160379894,98761,112,98425,312,98902,212,98322,112,98962,212,98284,212,99927,212,98241,212,99992,100,98140,100,100080,100,98132,100,100085,100,97613,100,100088,100,,,100098,100,,,100148,100,,
2019-06-28 09:49:20.000000000,98902,253,98425,353,98962,248,98284,248,99927,248,98241,248,99992,100,98140,100,100080,100,98132,100,100085,100,97613,100,100088,100,,,100098,100,,,100148,100,,,100169,100,,
2019-06-28 09:49:30.000000000,98902,253,98425,353,98962,248,98284,248,99927,248,98241,248,99992,100,98140,100,100080,100,98132,100,100085,100,97613,100,100088,100,,,100098,100,,,100148,100,,,100169,100,,
2019-06-28 09:49:38.161752095,98902,153,98425,353,98962,248,98284,248,99927,248,98241,248,99992,100,98140,100,100080,100,98132,100,100085,100,97613,100,100088,100,,,100098,100,,,100148,100,,,100169,100,,
2019-06-28 09:49:40.000000000,98962,253,98425,353,99927,248,98284,248,99992,248,98241,248,100080,100,98140,100,100085,100,98132,100,100088,100,97613,100,100098,100,,,100148,100,,,100169,100,,,100177,100,,
2019-06-28 09:49:50.000000000,98962,253,98425,353,99927,248,98284,248,99992,248,98241,248,100080,100,98140,100,100085,100,98132,100,100088,100,97613,100,100098,100,,,100148,100,,,100169,100,,,100177,100,,
2019-06-28 09:50:00.000000000,98962,325,98425,425,99927,325,98284,325,99992,100,98241,100,100080,100,98140,100,100085,100,98132,100,100088,100,97613,100,100098,100,,,100148,100,,,100169,100,,,100177,100,,
2019-06-28 09:50:04.481290783,98962,225,98425,425,99927,325,98284,325,99992,100,98241,100,100080,100,98140,100,100085,100,98132,100,100088,100,97613,100,100098,100,,,100148,100,,,100169,100,,,100177,100,,
2019-06-28 09:50:09.658887537,98962,125,98425,425,99927,325,98284,325,99992,100,98241,100,100080,100,98140,100,100085,100,98132,100,100088,100,97613,100,100098,100,,,100148,100,,,100169,100,,,100177,100,,
2019-06-28 09:50:10.000000000,99927,550,98425,650,99992,100,98284,100,100080,100,98241,100,100085,100,98140,100,100088,100,98132,100,100098,100,97613,100,100148,100,,,100169,100,,,100177,100,,,100201,100,,
2019-06-28 09:50:20.000000000,99927,190,98425,290,99992,190,98284,190,100080,190,98241,190,100085,190,98140,190,100088,190,98132,190,100098,100,97613,100,100148,100,,,100169,100,,,100177,100,,,100201,100,,
2019-06-28 09:50:30.000000000,99927,550,98425,650,99992,100,98284,100,100080,100,98241,100,100085,100,98140,100,100088,100,98132,100,100098,100,97613,100,100148,100,,,100169,100,,,100177,100,,,100201,100,,
2019-06-28 09:50:40.000000000,99927,325,98425,425,99992,325,98284,325,100080,100,98241,100,100085,100,98140,100,100088,100,98132,100,100098,100,97613,100,100148,100,,,100169,100,,,100177,100,,,100201,100,,
2019-06-28 09:50:50.000000000,99927,550,98425,650,99992,100,98284,100,100080,100,98241,100,100085,100,98140,100,100088,100,98132,100,100098,100,97613,100,100148,100,,,100169,100,,,100177,100,,,100201,100,,
2019-06-28 09:50:54.146193934,99927,550,98425,650,99992,100,98284,100,100080,100,98241,100,100085,100,98140,100,100088,100,98132,100,100148,100,97613,100,100169,100,,,100177,100,,,100201,100,,,100224,100,,
2019-06-28 09:51:00.000000000,99927,212,98425,312,99992,212,98284,212,100080,212,98241,212,100085,212,98140,212,100088,100,98132,100,100148,100,97613,100,100169,100,,,100177,100,,,100201,100,,,100224,100,,
2019-06-28 09:51:10.000000000,99927,212,98425,312,99992,212,98284,212,100080,212,98241,212,100085,212,98140,212,100088,100,98132,100,100148,100,97613,100,100169,100,,,100177,100,,,100201,100,,,100224,100,,
2019-06-28 09:51:13.480532842,99927,212,99109,100,99992,212,98425,312,100080,212,98284,212,100085,212,98241,212,100088,100,98140,212,100148,100,98132,100,100169,100,97613,100,100177,100,,,100201,100,,,100224,100,,
2019-06-28 09:51:20.000000000,99927,212,99109,212,99992,212,98425,312,100080,212,98284,212,100085,212,98241,212,100088,100,98140,100,100148,100,98132,100,100169,100,97613,100,100177,100,,,100201,100,,,100224,100,,
2019-06-28 09:51:24.935918302,99927,212,99109,212,99992,212,99107,100,100080,212,98425,312,100085,212,98284,212,100088,100,98241,212,100148,100,98140,100,100169,100,98132,100,100177,100,97613,100,100201,100,,,100224,100,,
2019-06-28 09:51:27.284593577,99927,212,99109,112,99992,212,99107,100,100080,212,98425,312,100085,212,98284,212,100088,100,98241,212,100148,100,98140,100,100169,100,98132,100,100177,100,97613,100,100201,100,,,100224,100,,
2019-06-28 09:51:30.000000000,99927,325,99107,325,99992,325,98425,425,100080,100,98284,100,100085,100,98241,100,100088,100,98140,100,100148,100,98132,100,100169,100,97613,100,100177,100,,,100201,100,,,100224,100,,
2019-06-28 09:51:38.198827255,99927,325,99107,325,99992,325,99042,100,100080,100,98425,425,100085,100,98284,100,100088,100,98241,100,100148,100,98140,100,100169,100,98132,100,100177,100,97613,100,100201,100,,,100224,100,,
2019-06-28 09:51:40.000000000,99927,212,99107,212,99992,212,99042,212,100080,212,98425,312,100085,212,98284,212,100088,100,98241,100,100148,100,98140,100,100169,100,98132,100,100177,100,97613,100,100201,100,,,100224,100,,
2019-06-28 09:51:46.638969156,99927,212,99144,100,99992,212,99107,212,100080,212,99042,212,100085,212,98425,312,100088,100,98284,212,100148,100,98241,100,100169,100,98140,100,100177,100,98132,100,100201,100,97613,100,100224,100,,
2019-06-28 09:51:50.000000000,99927,212,99144,212,99992,212,99107,212,100080,212,99042,212,100085,212,98425,312,100088,100,98284,100,100148,100,98241,100,100169,100,98140,100,100177,100,98132,100,100201,100,97613,100,100224,100,,
2019-06-28 09:51:59.653246545,99927,212,99144,112,99992,212,99107,212,100080,212,99042,212,100085,212,98425,312,100088,100,98284,100,100148,100,98241,100,100169,100,98140,100,100177,100,98132,100,100201,100,97613,100,100224,100,,
2019-06-28 09:52:00.000000000,99927,253,99107,253,99992,248,99042,248,100080,248,98425,348,100085,100,98284,100,100088,100,98241,100,100148,100,98140,100,100169,100,98132,100,100177,100,97613,100,100201,100,,,100224,100,,
2019-06-28 09:52:10.000000000,99927,212,99107,212,99992,212,99042,212,100080,212,98425,312,100085,212,98284,212,100088,100,98241,100,100148,100,98140,100,100169,100,98132,100,100177,100,97613,100,100201,100,,,100224,100,,
2019-06-28 09:52:20.000000000,99927,253,99107,253,99992,248,99042,248,100080,248,98425,348,100085,100,98284,100,100088,100,98241,100,100148,100,98140,100,100169,100,98132,100,100177,100,97613,100,100201,100,,,100224,100,,
2019-06-28 09:52:27.229056041,99927,253,99107,253,99992,248,99103,100,100080,248,99042,248,100085,100,98425,348,100088,100,98284,100,100148,100,98241,100,100169,100,98140,100,100177,100,98132,100,100201,100,97613,100,100224,100,,
2019-06-28 09:52:30.000000000,99927,212,99107,212,99992,212,99103,212,100080,212,99042,212,100085,212,98425,312,100088,100,98284,100,100148,100,98241,100,100169,100,98140,100,100177,100,98132,100,100201,100,97613,100,100224,100,,
2019-06-28 09:52:40.000000000,99927,212,99107,212,99992,212,99103,212,100080,212,99042,212,100085,212,98425,312,100088,100,98284,100,100148,100,98241,100,100169,100,98140,100,100177,100,98132,100,100201,100,97613,100,100224,100,,
2019-06-28 09:52:45.197932921,99927,212,99145,100,99992,212,99107,212,100080,212,99103,212,100085,212,99042,212,100088,100,98425,312,100148,100,98284,100,100169,100,98241,100,100177,100,98140,100,100201,100,98132,100,100224,100,97613,100
2019-06-28 09:52:50.000000000,99927,190,99145,190,99992,190,99107,190,100080,190,99103,190,100085,190,99042,190,100088,190,98425,290,100148,100,98284,100,100169,100,98241,100,100177,100,98140,100,100201,100,98132,100,100224,100,97613,100
2019-06-28 09:52:53.182377315,99927,190,99145,190,99992,190,99120,100,100080,190,99107,190,100085,190,99103,190,100088,190,99042,190,100148,100,98425,290,100169,100,98284,100,100177,100,98241,100,100201,100,98140,100,100252,100,98132,100
2019-06-28 09:53:00.000000000,99927,212,99145,212,99992,212,99120,212,100080,212,99107,212,100085,212,99103,212,100088,100,99042,100,100148,100,98425,200,100169,100,98284,100,100177,100,98241,100,100201,100,98140,100,100252,100,98132,100
2019-06-28 09:53:10.000000000,99927,550,99145,550,99992,100,99120,100,100080,100,99107,100,100085,100,99103,100,100088,100,99042,100,100148,100,98425,200,100169,100,98284,100,100177,100,98241,100,100201,100,98140,100,100252,100,98132,100
2019-06-28 09:53:10.010099004,99927,550,99284,100,99992,100,99145,550,100080,100,99120,100,100085,100,99107,100,100088,100,99103,100,100148,100,99042,100,100169,100,98425,200,100177,100,98284,100,100201,100,98241,100,100252,100,98140,100
2019-06-28 09:53:12.507513018,99927,550,99284,100,99992,100,99145,650,100080,100,99120,100,100085,100,99107,100,100088,100,99103,100,100148,100,99042,100,100169,100,98425,200,100177,100,98284,100,100201,100,98241,100,100252,100,98140,100
2019-06-28 09:53:20.000000000,99927,253,99284,253,99992,248,99145,348,100080,248,99120,248,100085,100,99107,100,100088,100,99103,100,100148,100,99042,100,100169,100,98425,200,100177,100,98284,100,100201,100,98241,100,100252,100,98140,100
2019-06-28 09:53:28.337919893,99927,153,99284,253,99992,248,99145,348,100080,248,99120,248,100085,100,99107,100,100088,100,99103,100,100148,100,99042,100,100169,100,98425,200,100177,100,98284,100,100201,100,98241,100,100252,100,98140,100
2019-06-28 09:53:30.000000000,99992,550,99284,550,100080,100,99145,200,100085,100,99120,100,100088,100,99107,100,100148,100,99103,100,100169,100,99042,100,100177,100,98425,200,100201,100,98284,100,100252,100,98241,100,,,98140,100
2019-06-28 09:53:38.760615058,99992,450,99284,550,100080,100,99145,200,100085,100,99120,100,100088,100,99107,100,100148,100,99103,100,100169,100,99042,100,100177,100,98425,200,100201,100,98284,100,100252,100,98241,100,,,98140,100
2019-06-28 09:53:39.609741713,99992,450,99284,550,100080,100,99145,200,100085,100,99120,100,100088,100,99107,100,100148,100,99103,100,100169,100,99059,100,100177,100,99042,100,100201,100,98425,200,100252,100,98284,100,,,98241,100
2019-06-28 09:53:40.000000000,100080,190,99284,190,100085,190,99145,290,100088,190,99120,190,100148,190,99107,190,100169,190,99103,190,100177,100,99059,100,100201,100,99042,100,100252,100,98425,200,,,98284,100,,,98241,100
2019-06-28 09:53:50.000000000,100080,212,99284,212,100085,212,99145,312,100088,212,99120,212,100148,212,99107,212,100169,100,99103,100,100177,100,99059,100,100201,100,99042,100,100252,100,98425,200,,,98284,100,,,98241,100
2019-06-28 09:54:00.000000000,100080,325,99284,325,100085,325,99145,425,100088,100,99120,100,100148,100,99107,100,100169,100,99103,100,100177,100,99059,100,100201,100,99042,100,100252,100,98425,200,,,98284,100,,,98241,100
2019-06-28 09:54:05.229107315,100080,325,99284,325,100085,325,99145,525,100088,100,99120,100,100148,100,99107,100,100169,100,99103,100,100177,100,99059,100,100201,100,99042,100,100252,100,98425,200,,,98284,100,,,98241,100
2019-06-28 09:54:10.000000000,100080,190,99284,190,100085,190,99145,390,100088,190,99120,190,100148,190,99107,190,100169,190,99103,190,100177,100,99059,100,100201,100,99042,100,100252,100,98425,200,,,98284,100,,,98241,100
2019-06-28 09:54:11.285202345,100080,190,99284,190,100085,190,99145,490,100088,190,99120,190,100148,190,99107,190,100169,190,99103,190,100177,100,99059,100,100201,100,99042,100,100252,100,98425,200,,,98284,100,,,98241,100
2019-06-28 09:54:15.641436550,100080,190,99284,190,100085,190,99145,490,100088,190,99128,100,100148,190,99120,190,100169,190,99107,190,100177,100,99103,190,100201,100,99059,100,100252,100,99042,100,,,98425,200,,,98284,100
2019-06-28 09:54:20.000000000,100080,550,99284,550,100085,100,99145,400,100088,100,99128,100,100148,100,99120,100,100169,100,99107,100,100177,100,99103,100,100201,100,99059,100,100252,100,99042,100,,,98425,200,,,98284,100
2019-06-28 09:54:30.000000000,100080,325,99284,325,100085,325,99145,625,100088,100,99128,100,100148,100,99120,100,100169,100,99107,100,100177,100,99103,100,100201,100,99059,100,100252,100,99042,100,,,98425,200,,,98284,100
2019-06-28 09:54:40.000000000,100080,212,99284,212,100085,212,99145,512,100088,212,99128,212,100148,212,99120,212,100169,100,99107,100,100177,100,99103,100,100201,100,99059,100,100252,100,99042,100,,,98425,200,,,98284,100
2019-06-28 09:54:42.277977088,100080,212,99284,212,100085,212,99145,512,100088,212,99128,212,100148,212,99120,212,100169,100,99107,100,100177,100,99103,100,100201,100,99059,100,100252,100,99042,100,,,98425,100,,,98284,100
2019-06-28 09:54:46.167803426,100080,212,99284,212,100085,212,99145,612,100088,212,99128,212,100148,212,99120,212,100169,100,99107,100,100177,100,99103,100,100201,100,99059,100,100252,100,99042,100,,,98425,100,,,98284,100
2019-06-28 09:54:50.000000000,100080,253,99284,253,100085,248,99145,648,100088,248,99128,248,100148,100,99120,100,100169,100,99107,100,100177,100,99103,100,100201,100,99059,100,100252,100,99042,100,,,98425,100,,,98284,100
2019-06-28 09:54:51.127098967,100080,253,99572,100,100085,248,99284,253,100088,248,99145,648,100148,100,99128,248,100177,100,99120,100,100201,100,99107,100,100252,100,99103,100,,,99059,100,,,99042,100,,,98425,100
2019-06-28 09:54:55.470848800,100080,253,99572,100,100085,248,99284,253,100088,248,99145,748,100148,100,99128,248,100177,100,99120,100,100201,100,99107,100,100252,100,99103,100,,,99059,100,,,99042,100,,,98425,100
2019-06-28 09:55:00.000000000,100080,190,99572,190,100085,190,99284,190,100088,190,99145,690,100148,190,99128,190,100177,190,99120,190,100201,100,99107,100,100252,100,99103,100,,,99059,100,,,99042,100,,,98425,100
2019-06-28 09:55:10.000000000,100080,325,99572,325,100085,325,99284,325,100088,100,99145,600,100148,100,99128,100,100177,100,99120,100,100201,100,99107,100,100252,100,99103,100,,,99059,100,,,99042,100,,,98425,100
2019-06-28 09:55:10.302060770,100080,325,99572,325,100085,325,99284,325,100088,100,99145,700,100148,100,99128,100,100177,100,99120,100,100201,100,99107,100,100252,100,99103,100,,,99059,100,,,99042,100,,,98425,100
2019-06-28 09:55:20.000000000,100080,325,99572,325,100085,325,99284,325,100088,100,99145,700,100148,100,99128,100,100177,100,99120,100,100201,100,99107,100,100252,100,99103,100,,,99059,100,,,99042,100,,,98425,100
2019-06-28 09:55:30.000000000,100080,325,99572,325,100085,325,99284,325,100088,100,99145,700,100148,100,99128,100,100177,100,99120,100,100201,100,99107,100,100252,100,99103,100,,,99059,100,,,99042,100,,,98425,100
2019-06-28 09:55:35.212581063,99732,100,99572,325,100080,325,99284,325,100085,325,99145,700,100088,100,99128,100,100148,100,99120,100,100177,100,99107,100,100201,100,99103,100,,,99059,100,,,99042,100,,,98425,100
2019-06-28 09:55:40.000000000,99732,325,99572,325,100080,325,99284,325,100085,100,99145,700,100088,100,99128,100,100148,100,99120,100,100177,100,99107,100,100201,100,99103,100,,,99059,100,,,99042,100,,,98425,100
2019-06-28 09:55:50.000000000,99732,325,99572,325,100080,325,99284,325,100085,100,99145,700,100088,100,99128,100,100148,100,99120,100,100177,100,99107,100,100201,100,99103,100,,,99059,100,,,99042,100,,,98425,100
2019-06-28 09:55:51.586067579,99732,325,99572,325,100080,325,99284,325,100085,100,99248,100,100088,100,99145,700,100148,100,99128,100,100201,100,99120,100,,,99107,100,,,99103,100,,,99059,100,,,99042,100
2019-06-28 09:55:55.612159965,99732,325,99572,325,100080,325,99453,100,100085,100,99284,325,100088,100,99248,100,100148,100,99145,700,,,99128,100,,,99120,100,,,99107,100,,,99103,100,,,99059,100
2019-06-28 09:56:00.000000000,99732,325,99572,325,100080,325,99453,325,100085,100,99284,100,100088,100,99248,100,100148,100,99145,700,,,99128,100,,,99120,100,,,99107,100,,,99103,100,,,99059,100
2019-06-28 09:56:01.663017032,99732,325,99572,325,100080,325,99453,325,100085,100,99284,100,100088,100,99248,100,100148,100,99145,600,,,99128,100,,,99120,100,,,99107,100,,,99103,100,,,99059,100
2019-06-28 09:56:02.542368279,99732,325,99572,325,100080,325,99453,325,100085,100,99284,100,100088,100,99248,100,100148,100,99145,700,,,99128,100,,,99120,100,,,99107,100,,,99103,100,,,99059,100
2019-06-28 09:56:10.000000000,99732,253,99572,253,100080,248,99453,248,100085,248,99284,248,100088,100,99248,100,100148,100,99145,700,,,99128,100,,,99120,100,,,99107,100,,,99103,100,,,99059,100
2019-06-28 09:56:13.623362491,99732,253,99572,153,100080,248,99453,248,100085,248,99284,248,100088,100,99248,100,100148,100,99145,700,,,99128,100,,,99120,100,,,99107,100,,,99103,100,,,99059,100
2019-06-28 09:56:20.000000000,99732,190,99453,190,100080,190,99284,190,100085,190,99248,190,100088,190,99145,790,100148,190,99128,190,,,99120,100,,,99107,100,,,99103,100,,,99059,100,,,99042,100
2019-06-28 09:56:30.000000000,99732,325,99453,325,100080,325,99284,325,100085,100,99248,100,100088,100,99145,700,100148,100,99128,100,,,99120,100,,,99107,100,,,99103,100,,,99059,100,,,99042,100
2019-06-28 09:56:40.000000000,99732,325,99453,325,100080,325,99284,325,100085,100,99248,100,100088,100,99145,700,100148,100,99128,100,,,99120,100,,,99107,100,,,99103,100,,,99059,100,,,99042,100
2019-06-28 09:56:50.000000000,99732,325,99453,325,100080,325,99284,325,100085,100,99248,100,100088,100,99145,700,100148,100,99128,100,,,99120,100,,,99107,100,,,99103,100,,,99059,100,,,99042,100
2019-06-28 09:57:00.000000000,99732,190,99453,190,100080,190,99284,190,100085,190,99248,190,100088,190,99145,790,100148,190,99128,190,,,99120,100,,,99107,100,,,99103,100,,,99059,100,,,99042,100
2019-06-28 09:57:01.315018631,99732,190,99540,100,100080,190,99453,190,100085,190,99284,190,100088,190,99248,190,100148,190,99145,790,,,99128,190,,,99120,100,,,99107,100,,,99103,100,,,99059,100
2019-06-28 09:57:10.000000000,99732,550,99540,550,100080,100,99453,100,100085,100,99284,100,100088,100,99248,100,100148,100,99145,700,,,99128,100,,,99120,100,,,99107,100,,,99103,100,,,99059,100
2019-06-28 09:57:20.000000000,99732,190,99540,190,100080,190,99453,190,100085,190,99284,190,100088,190,99248,190,100148,190,99145,790,,,99128,100,,,99120,100,,,99107,100,,,99103,100,,,99059,100
2019-06-28 09:57:30.000000000,99732,550,99540,550,100080,100,99453,100,100085,100,99284,100,100088,100,99248,100,100148,100,99145,700,,,99128,100,,,99120,100,,,99107,100,,,99103,100,,,99059,100
2019-06-28 09:57:40.000000000,99732,212,99540,212,100080,212,99453,212,100085,212,99284,212,100088,212,99248,212,100148,100,99145,700,,,99128,100,,,99120,100,,,99107,100,,,99103,100,,,99059,100
2019-06-28 09:57:50.000000000,99732,325,99540,325,100080,325,99453,325,100085,100,99284,100,100088,100,99248,100,100148,100,99145,700,,,99128,100,,,99120,100,,,99107,100,,,99103,100,,,99059,100
2019-06-28 09:58:00.000000000,99732,190,99540,190,100080,190,99453,190,100085,190,99284,190,100088,190,99248,190,100148,190,99145,790,,,99128,100,,,99120,100,,,99107,100,,,99103,100,,,99059,100
2019-06-28 09:58:10.000000000,99732,325,99540,325,100080,325,99453,325,100085,100,99284,100,100088,100,99248,100,100148,100,99145,700,,,99128,100,,,99120,100,,,99107,100,,,99103,100,,,99059,100
2019-06-28 09:58:14.868137683,99732,325,99540,225,100080,325,99453,325,100085,100,99284,100,100088,100,99248,100,100148,100,99145,700,,,99128,100,,,99120,100,,,99107,100,,,99103,100,,,99059,100
2019-06-28 09:58:20.000000000,99732,253,99453,253,100080,248,99284,248,100085,248,99248,248,100088,100,99145,700,100148,100,99128,100,,,99120,100,,,99107,100,,,99103,100,,,99059,100,,,99042,100
2019-06-28 09:58:30.000000000,99732,212,99453,212,100080,212,99284,212,100085,212,99248,212,100088,212,99145,812,100148,100,99128,100,,,99120,100,,,99107,100,,,99103,100,,,99059,100,,,99042,100
2019-06-28 09:58:40.000000000,99732,550,99453,550,100080,100,99284,100,100085,100,99248,100,100088,100,99145,700,100148,100,99128,100,,,99120,100,,,99107,100,,,99103,100,,,99059,100,,,99042,100
2019-06-28 09:58:46.964196944,99732,550,99453,550,100080,100,99284,100,100085,100,99248,100,100088,100,99145,600,100148,100,99128,100,,,99120,100,,,99107,100,,,99103,100,,,99059,100,,,99042,100
2019-06-28 09:58:50.000000000,99732,550,99453,550,100080,100,99284,100,100085,100,99248,100,100088,100,99145,600,100148,100,99128,100,,,99120,100,,,99107,100,,,99103,100,,,99059,100,,,99042,100
2019-06-28 09:58:50.338329345,99732,550,99453,450,100080,100,99284,100,100085,100,99248,100,100088,100,99145,600,100148,100,99128,100,,,99120,100,,,99107,100,,,99103,100,,,99059,100,,,99042,100
2019-06-28 09:58:56.952212875,99732,550,99453,450,100080,100,99284,100,100085,100,99248,100,100088,100,99145,600,100148,100,99128,100,,,99120,100,,,99107,100,,,99103,100,,,99059,100,,,99042,100
2019-06-28 09:59:00.000000000,99732,325,99284,325,100080,325,99248,325,100085,100,99145,600,100088,100,99128,100,100148,100,99120,100,,,99107,100,,,99103,100,,,99059,100,,,99042,100,,,98720,100
2019-06-28 09:59:06.739672594,99732,325,99284,225,100080,325,99248,325,100085,100,99145,600,100088,100,99120,100,100148,100,99107,100,,,99103,100,,,99059,100,,,99042,100,,,98720,100,,,98425,100
2019-06-28 09:59:10.000000000,99732,325,99248,325,100080,325,99145,825,100085,100,99120,100,100088,100,99107,100,100148,100,99103,100,,,99059,100,,,99042,100,,,98720,100,,,98425,100,,,98241,100
2019-06-28 09:59:20.000000000,99732,550,99248,550,100080,100,99145,600,100085,100,99120,100,100088,100,99107,100,100148,100,99103,100,,,99059,100,,,99042,100,,,98720,100,,,98425,100,,,98241,100
2019-06-28 09:59:22.689798905,99732,550,99248,550,100080,100,99145,600,100085,100,99120,100,100088,100,99107,100,100148,100,99103,100,,,99059,100,,,99042,100,,,98758,100,,,98720,100,,,98425,100
2019-06-28 09:59:30.000000000,99732,550,99248,550,100080,100,99145,600,100085,100,99120,100,100088,100,99107,100,100148,100,99103,100,,,99059,100,,,99042,100,,,98758,100,,,98720,100,,,98425,100
2019-06-28 09:59:34.854317825,99453,100,99248,550,99732,550,99145,600,100080,100,99120,100,100085,100,99107,100,100088,100,99103,100,100148,100,99059,100,,,99042,100,,,98758,100,,,98720,100,,,98425,100
2019-06-28 09:59:40.000000000,99453,325,99248,325,99732,325,99145,825,100080,100,99120,100,100085,100,99107,100,100088,100,99103,100,100148,100,99059,100,,,99042,100,,,98758,100,,,98720,100,,,98425,100
2019-06-28 09:59:43.146409470,99453,325,99248,325,99732,325,99145,825,100080,100,99120,100,100085,100,99107,100,100088,100,99103,100,100148,100,99079,100,,,99059,100,,,99042,100,,,98758,100,,,98720,100
2019-06-28 09:59:50.000000000,99453,550,99248,550,99732,100,99145,600,100080,100,99120,100,100085,100,99107,100,100088,100,99103,100,100148,100,99079,100,,,99059,100,,,99042,100,,,98758,100,,,98720,100
2019-06-28 09:59:56.079069637,99453,550,99248,550,99732,100,99145,500,100080,100,99120,100,100085,100,99107,100,100088,100,99103,100,100148,100,99079,100,,,99059,100,,,99042,100,,,98758,100,,,98720,100
2019-06-28 10:00:00.000000000,99453,550,99248,550,99732,100,99145,500,100080,100,99120,100,100085,100,99107,100,100088,100,99103,100,100148,100,99079,100,,,99059,100,,,99042,100,,,98758,100,,,98720,100
2019-06-28 10:00:10.000000000,99453,212,99248,212,99732,212,99145,612,100080,212,99120,212,100085,212,99107,212,100088,100,99103,100,100148,100,99079,100,,,99059,100,,,99042,100,,,98758,100,,,98720,100
2019-06-28 10:00:20.000000000,99453,190,99248,190,99732,190,99145,590,100080,190,99120,190,100085,190,99107,190,100088,190,99103,190,100148,100,99079,100,,,99059,100,,,99042,100,,,98758,100,,,98720,100
2019-06-28 10:00:30.000000000,99453,212,99248,212,99732,212,99145,612,100080,212,99120,212,100085,212,99107,212,100088,100,99103,100,100148,100,99079,100,,,99059,100,,,99042,100,,,98758,100,,,98720,100
2019-06-28 10:00:34.905082868,99453,212,99248,112,99732,212,99145,612,100080,212,99120,212,100085,212,99107,212,100088,100,99103,100,100148,100,99079,100,,,99059,100,,,99042,100,,,98758,100,,,98720,100
2019-06-28 10:00:40.000000000,99453,253,99145,653,99732,248,99120,248,100080,248,99107,248,100085,100,99103,100,100088,100,99079,100,100148,100,99059,100,,,99042,100,,,98758,100,,,98720,100,,,98425,100
2019-06-28 10:00:50.000000000,99453,253,99145,653,99732,248,99120,248,100080,248,99107,248,100085,100,99103,100,100088,100,99079,100,100148,100,99059,100,,,99042,100,,,98758,100,,,98720,100,,,98425,100
2019-06-28 10:01:00.000000000,99453,212,99145,612,99732,212,99120,212,100080,212,99107,212,100085,212,99103,212,100088,100,99079,100,100148,100,99059,100,,,99042,100,,,98758,100,,,98720,100,,,98425,100
2019-06-28 10:01:07.619421998,99453,212,99145,612,99732,212,99120,212,100080,212,99107,212,100085,212,99103,212,100088,100,99079,100,100148,100,99059,100,,,99042,100,,,98856,100,,,98758,100,,,98720,100
2019-06-28 10:01:10.000000000,99453,253,99145,653,99732,248,99120,248,100080,248,99107,248,100085,100,99103,100,100088,100,99079,100,100148,100,99059,100,,,99042,100,,,98856,100,,,98758,100,,,98720,100
2019-06-28 10:01:20.000000000,99453,212,99145,612,99732,212,99120,212,100080,212,99107,212,100085,212,99103,212,100088,100,99079,100,100148,100,99059,100,,,99042,100,,,98856,100,,,98758,100,,,98720,100
2019-06-28 10:01:30.000000000,99453,550,99145,950,99732,100,99120,100,100080,100,99107,100,100085,100,99103,100,100088,100,99079,100,100148,100,99059,100,,,99042,100,,,98856,100,,,98758,100,,,98720,100
2019-06-28 10:01:40.000000000,99453,190,99145,590,99732,190,99120,190,100080,190,99107,190,100085,190,99103,190,100088,190,99079,190,100148,100,99059,100,,,99042,100,,,98856,100,,,98758,100,,,98720,100
2019-06-28 10:01:50.000000000,99453,550,99145,950,99732,100,99120,100,100080,100,99107,100,100085,100,99103,100,100088,100,99079,100,100148,100,99059,100,,,99042,100,,,98856,100,,,98758,100,,,98720,100
2019-06-28 10:02:00.000000000,99453,325,99145,725,99732,325,99120,325,100080,100,99107,100,100085,100,99103,100,100088,100,99079,100,100148,100,99059,100,,,99042,100,,,98856,100,,,98758,100,,,98720,100
2019-06-28 10:02:01.978343489,99453,325,99145,625,99732,325,99120,325,100080,100,99103,100,100085,100,99079,100,100088,100,99059,100,100148,100,99042,100,,,98856,100,,,98758,100,,,98720,100,,,98425,100
2019-06-28 10:02:08.564683197,99453,325,99145,625,99732,325,99120,325,100080,100,99103,100,100085,100,99079,100,100088,100,99059,100,100148,100,99042,100,,,98856,100,,,98834,100,,,98758,100,,,98720,100
2019-06-28 10:02:10.000000000,99453,212,99145,512,99732,212,99120,212,100080,212,99103,212,100085,212,99079,212,100088,100,99059,100,100148,100,99042,100,,,98856,100,,,98834,100,,,98758,100,,,98720,100
2019-06-28 10:02:19.543182888,99165,100,99145,512,99453,212,99120,212,99732,212,99103,212,100080,212,99079,212,100085,212,99059,100,100088,100,99042,100,100148,100,98856,100,,,98834,100,,,98758,100,,,98720,100
2019-06-28 10:02:20.000000000,99165,212,99145,512,99453,212,99120,212,99732,212,99103,212,100080,212,99079,212,100085,100,99059,100,100088,100,99042,100,100148,100,98856,100,,,98834,100,,,98758,100,,,98720,100
2019-06-28 10:02:30.000000000,99165,325,99145,625,99453,325,99120,325,99732,100,99103,100,100080,100,99079,100,100085,100,99059,100,100088,100,99042,100,100148,100,98856,100,,,98834,100,,,98758,100,,,98720,100
2019-06-28 10:02:31.567753615,99165,325,99145,625,99248,100,99120,325,99453,325,99103,100,99732,100,99079,100,100080,100,99059,100,100085,100,99042,100,100088,100,98856,100,100148,100,98834,100,,,98758,100,,,98720,100
2019-06-28 10:02:40.000000000,99165,253,99145,553,99248,248,99120,248,99453,248,99103,248,99732,100,99079,100,100080,100,99059,100,100085,100,99042,100,100088,100,98856,100,100148,100,98834,100,,,98758,100,,,98720,100
2019-06-28 10:02:49.557280977,99165,253,99145,553,99211,100,99120,248,99248,248,99103,248,99453,248,99079,100,99732,100,99059,100,100080,100,99042,100,100085,100,98856,100,100088,100,98834,100,100148,100,98758,100,,,98720,100
2019-06-28 10:02:50.000000000,99165,212,99145,512,99211,212,99120,212,99248,212,99103,212,99453,212,99079,212,99732,100,99059,100,100080,100,99042,100,100085,100,98856,100,100088,100,98834,100,100148,100,98758,100,,,98720,100
2019-06-28 10:02:56.701178303,99165,212,99145,512,99211,212,99120,212,99248,212,99103,212,99279,100,99079,212,99453,212,99059,100,99732,100,99042,100,100080,100,98856,100,100085,100,98834,100,100088,100,98758,100,100148,100,98720,100
2019-06-28 10:03:00.000000000,99165,190,99145,490,99211,190,99120,190,99248,190,99103,190,99279,190,99079,190,99453,190,99059,190,99732,100,99042,100,100080,100,98856,100,100085,100,98834,100,100088,100,98758,100,100148,100,98720,100
2019-06-28 10:03:07.678293053,99165,90,99145,390,99211,190,99120,190,99248,190,99103,190,99279,190,99079,190,99453,190,99059,190,99732,100,99042,100,100080,100,98856,100,100085,100,98834,100,100088,100,98758,100,100148,100,98720,100
2019-06-28 10:03:10.000000000,99211,212,99145,412,99248,212,99120,212,99279,212,99103,212,99453,212,99079,212,99732,100,99059,100,100080,100,99042,100,100085,100,98856,100,100088,100,98834,100,100148,100,98758,100,,,98720,100
2019-06-28 10:03:17.712330481,99211,112,99145,412,99248,212,99120,212,99279,212,99103,212,99453,212,99079,212,99732,100,99059,100,100080,100,99042,100,100085,100,98856,100,100088,100,98834,100,100148,100,98758,100,,,98425,100
2019-06-28 10:03:20.000000000,99248,253,99145,453,99279,248,99120,248,99453,248,99103,248,99732,100,99079,100,100080,100,99059,100,100085,100,99042,100,100088,100,98856,100,100148,100,98834,100,,,98758,100,,,98425,100
2019-06-28 10:03:23.130686339,99248,253,99145,453,99279,248,99120,248,99453,248,99103,248,99732,100,99079,100,99734,100,99059,100,100080,100,99042,100,100085,100,98856,100,100088,100,98834,100,100148,100,98758,100,,,98425,100
2019-06-28 10:03:30.000000000,99248,325,99145,525,99279,325,99120,325,99453,100,99103,100,99732,100,99079,100,99734,100,99059,100,100080,100,99042,100,100085,100,98856,100,100088,100,98834,100,100148,100,98758,100,,,98425,100
2019-06-28 10:03:36.655409631,99248,325,99165,100,99279,325,99145,525,99453,100,99120,325,99732,100,99103,100,99734,100,99079,100,100080,100,99059,100,100085,100,99042,100,100088,100,98856,100,100148,100,98834,100,,,98758,100
2019-06-28 10:03:40.000000000,99248,550,99165,550,99279,100,99145,300,99453,100,99120,100,99732,100,99103,100,99734,100,99079,100,100080,100,99059,100,100085,100,99042,100,100088,100,98856,100,100148,100,98834,100,,,98758,100
2019-06-28 10:03:50.000000000,99248,550,99165,550,99279,100,99145,300,99453,100,99120,100,99732,100,99103,100,99734,100,99079,100,100080,100,99059,100,100085,100,99042,100,100088,100,98856,100,100148,100,98834,100,,,98758,100
2019-06-28 10:03:50.108530065,99248,550,99165,550,99279,100,99145,300,99301,100,99120,100,99453,100,99103,100,99732,100,99079,100,99734,100,99059,100,100080,100,99042,100,100085,100,98856,100,100088,100,98834,100,100148,100,98758,100
2019-06-28 10:03:53.067034833,99248,550,99165,550,99279,100,99145,300,99301,100,99103,100,99453,100,99079,100,99668,100,99059,100,99732,100,99042,100,99734,100,98856,100,100080,100,98834,100,100085,100,98758,100,100088,100,98425,100
2019-06-28 10:04:00.000000000,99248,212,99165,212,99279,212,99145,412,99301,212,99103,212,99453,212,99079,212,99668,100,99059,100,99732,100,99042,100,99734,100,98856,100,100080,100,98834,100,100085,100,98758,100,100088,100,98425,100
2019-06-28 10:04:10.000000000,99248,253,99165,253,99279,248,99145,448,99301,248,99103,248,99453,100,99079,100,99668,100,99059,100,99732,100,99042,100,99734,100,98856,100,100080,100,98834,100,100085,100,98758,100,100088,100,98425,100
2019-06-28 10:04:15.062361419,99248,253,99165,253,99276,100,99145,448,99279,248,99103,248,99301,248,99079,100,99453,100,99059,100,99668,100,99042,100,99732,100,98856,100,99734,100,98834,100,100080,100,98758,100,100085,100,98425,100
2019-06-28 10:04:20.000000000,99248,550,99165,550,99276,100,99145,300,99279,100,99103,100,99301,100,99079,100,99453,100,99059,100,99668,100,99042,100,99732,100,98856,100,99734,100,98834,100,100080,100,98758,100,100085,100,98425,100
2019-06-28 10:04:25.490248803,99248,550,99185,100,99279,100,99165,550,99301,100,99145,300,99453,100,99103,100,99668,100,99079,100,99732,100,99059,100,99734,100,99042,100,100080,100,98856,100,100085,100,98834,100,100088,100,98758,100
2019-06-28 10:04:25.964657345,99248,450,99185,100,99279,100,99165,550,99301,100,99145,300,99453,100,99103,100,99668,100,99059,100,99732,100,99042,100,99734,100,98856,100,100080,100,98834,100,100085,100,98758,100,100088,100,98425,100
2019-06-28 10:04:30.000000000,99279,550,99185,550,99301,100,99165,100,99453,100,99145,300,99668,100,99103,100,99732,100,99059,100,99734,100,99042,100,100080,100,98856,100,100085,100,98834,100,100088,100,98758,100,100148,100,98425,100
2019-06-28 10:04:33.128861240,99279,550,99185,550,99301,100,99165,100,99453,100,99145,300,99668,100,99103,100,99732,100,99059,100,99734,100,99042,100,100080,100,98947,100,100085,100,98856,100,100088,100,98834,100,100148,100,98758,100
2019-06-28 10:04:38.469448446,99279,550,99185,450,99301,100,99165,100,99453,100,99145,300,99668,100,99103,100,99732,100,99059,100,99734,100,99042,100,100080,100,98947,100,100085,100,98856,100,100088,100,98758,100,100148,100,98425,100
2019-06-28 10:04:40.000000000,99279,253,99165,253,99301,248,99145,448,99453,248,99103,248,99668,100,99059,100,99732,100,99042,100,99734,100,98947,100,100080,100,98856,100,100085,100,98758,100,100088,100,98425,100,100148,100,98241,100
2019-06-28 10:04:43.392007738,99279,253,99165,253,99301,248,99145,448,99407,100,99103,248,99453,248,99059,100,99668,100,99042,100,99732,100,98947,100,99734,100,98856,100,100080,100,98758,100,100085,100,98425,100,100088,100,98241,100
2019-06-28 10:04:50.000000000,99279,190,99165,190,99301,190,99145,390,99407,190,99103,190,99453,190,99059,190,99668,190,99042,190,99732,100,98947,100,99734,100,98856,100,100080,100,98758,100,100085,100,98425,100,100088,100,98241,100
2019-06-28 10:05:00.000000000,99279,190,99165,190,99301,190,99145,390,99407,190,99103,190,99453,190,99059,190,99668,190,99042,190,99732,100,98947,100,99734,100,98856,100,100080,100,98758,100,100085,100,98425,100,100088,100,98241,100
2019-06-28 10:05:05.737455860,99279,90,99165,190,99301,190,99145,390,99407,190,99103,190,99453,190,99059,190,99668,190,99042,190,99732,100,98947,100,99734,100,98856,100,100080,100,98758,100,100085,100,98425,100,100088,100,98241,100
2019-06-28 10:05:10.000000000,99301,190,99165,190,99407,190,99145,390,99453,190,99103,190,99668,190,99059,190,99732,190,99042,190,99734,100,98947,100,100080,100,98856,100,100085,100,98758,100,100088,100,98425,100,100148,100,98241,100
2019-06-28 10:05:14.930834136,99301,190,99165,190,99407,190,99145,390,99453,190,99103,190,99583,100,99059,190,99668,190,99042,190,99732,190,98947,100,99734,100,98856,100,100080,100,98758,100,100085,100,98425,100,100088,100,98241,100
2019-06-28 10:05:15.032421250,99301,190,99165,190,99407,190,99145,290,99453,190,99103,190,99583,100,99059,190,99668,190,99042,190,99732,190,98947,100,99734,100,98856,100,100080,100,98758,100,100085,100,98425,100,100088,100,98241,100
2019-06-28 10:05:19.485077471,99301,190,99186,100,99407,190,99165,190,99453,190,99145,290,99583,100,99103,190,99668,190,99059,190,99732,190,99042,190,99734,100,98947,100,100080,100,98856,100,100085,100,98758,100,100088,100,98425,100
2019-06-28 10:05:20.000000000,99301,325,99186,325,99407,325,99165,325,99453,100,99145,200,99583,100,99103,100,99668,100,99059,100,99732,100,99042,100,99734,100,98947,100,100080,100,98856,100,100085,100,98758,100,100088,100,98425,100
2019-06-28 10:05:23.270392549,99301,325,99193,100,99407,325,99186,325,99453,100,99165,325,99583,100,99145,200,99668,100,99103,100,99732,100,99059,100,99734,100,99042,100,100080,100,98947,100,100085,100,98856,100,100088,100,98425,100
2019-06-28 10:05:30.000000000,99301,212,99193,212,99407,212,99186,212,99453,212,99165,212,99583,212,99145,312,99668,100,99103,100,99732,100,99059,100,99734,100,99042,100,100080,100,98947,100,100085,100,98856,100,100088,100,98425,100
2019-06-28 10:05:40.000000000,99301,253,99193,253,99407,248,99186,248,99453,248,99165,248,99583,100,99145,200,99668,100,99103,100,99732,100,99059,100,99734,100,99042,100,100080,100,98947,100,100085,100,98856,100,100088,100,98425,100
2019-06-28 10:05:43.831237606,99301,253,99193,253,99407,248,99186,348,99453,248,99165,248,99583,100,99145,200,99668,100,99103,100,99732,100,99059,100,99734,100,99042,100,100080,100,98947,100,100085,100,98856,100,100088,100,98425,100
2019-06-28 10:05:50.000000000,99301,325,99193,325,99407,325,99186,425,99453,100,99165,100,99583,100,99145,200,99668,100,99103,100,99732,100,99059,100,99734,100,99042,100,100080,100,98947,100,100085,100,98856,100,100088,100,98425,100
2019-06-28 10:05:52.520580656,99301,225,99193,325,99407,325,99186,425,99453,100,99165,100,99583,100,99145,200,99668,100,99103,100,99732,100,99059,100,99734,100,99042,100,100080,100,98947,100,100085,100,98856,100,100088,100,98425,100
2019-06-28 10:05:55.865268912,99301,225,99193,325,99332,100,99186,425,99407,325,99165,100,99453,100,99145,200,99583,100,99103,100,99668,100,99059,100,99732,100,99042,100,99734,100,98856,100,100080,100,98425,100,100085,100,98241,100
2019-06-28 10:06:00.000000000,99332,212,99193,212,99407,212,99186,312,99453,212,99165,212,99583,212,99145,312,99668,100,99103,100,99732,100,99059,100,99734,100,99042,100,100080,100,98856,100,100085,100,98425,100,100088,100,98241,100
2019-06-28 10:06:10.000000000,99332,550,99193,550,99407,100,99186,200,99453,100,99165,100,99583,100,99145,200,99668,100,99103,100,99732,100,99059,100,99734,100,99042,100,100080,100,98856,100,100085,100,98425,100,100088,100,98241,100
2019-06-28 10:06:20.000000000,99332,253,99193,253,99407,248,99186,348,99453,248,99165,248,99583,100,99145,200,99668,100,99103,100,99732,100,99059,100,99734,100,99042,100,100080,100,98856,100,100085,100,98425,100,100088,100,98241,100
2019-06-28 10:06:30.000000000,99332,190,99193,190,99407,190,99186,290,99453,190,99165,190,99583,190,99145,290,99668,190,99103,190,99732,100,99059,100,99734,100,99042,100,100080,100,98856,100,100085,100,98425,100,100088,100,98241,100
2019-06-28 10:06:40.000000000,99332,550,99193,550,99407,100,99186,200,99453,100,99165,100,99583,100,99145,200,99668,100,99103,100,99732,100,99059,100,99734,100,99042,100,100080,100,98856,100,100085,100,98425,100,100088,100,98241,100
2019-06-28 10:06:50.000000000,99332,212,99193,212,99407,212,99186,312,99453,212,99165,212,99583,212,99145,312,99668,100,99103,100,99732,100,99059,100,99734,100,99042,100,100080,100,98856,100,100085,100,98425,100,100088,100,98241,100
2019-06-28 10:07:00.000000000,99332,253,99193,253,99407,248,99186,348,99453,248,99165,248,99583,100,99145,200,99668,100,99103,100,99732,100,99059,100,99734,100,99042,100,100080,100,98856,100,100085,100,98425,100,100088,100,98241,100
2019-06-28 10:07:02.790786884,99332,153,99193,253,99407,248,99186,348,99453,248,99165,248,99583,100,99145,200,99668,100,99103,100,99732,100,99059,100,99734,100,99042,100,100080,100,98856,100,100085,100,98425,100,100088,100,98241,100
2019-06-28 10:07:05.324729579,99332,153,99193,253,99407,248,99186,348,99453,248,99165,248,99583,100,99145,200,99668,100,99103,100,99732,100,99059,100,99734,100,99042,100,99846,100,98856,100,100080,100,98425,100,100085,100,98241,100
2019-06-28 10:07:10.000000000,99407,550,99193,550,99453,100,99186,200,99583,100,99165,100,99668,100,99145,200,99732,100,99103,100,99734,100,99059,100,99846,100,99042,100,100080,100,98856,100,100085,100,98425,100,100088,100,98241,100
2019-06-28 10:07:20.000000000,99407,253,99193,253,99453,248,99186,348,99583,248,99165,248,99668,100,99145,200,99732,100,99103,100,99734,100,99059,100,99846,100,99042,100,100080,100,98856,100,100085,100,98425,100,100088,100,98241,100
2019-06-28 10:07:30.000000000,99407,190,99193,190,99453,190,99186,290,99583,190,99165,190,99668,190,99145,290,99732,190,99103,190,99734,100,99059,100,99846,100,99042,100,100080,100,98856,100,100085,100,98425,100,100088,100,98241,100
2019-06-28 10:07:31.558423419,99407,90,99193,190,99453,190,99186,290,99583,190,99165,190,99668,190,99145,290,99732,190,99103,190,99734,100,99059,100,99846,100,99042,100,100080,100,98856,100,100085,100,98425,100,100088,100,98241,100
2019-06-28 10:07:40.000000000,99453,325,99193,325,99583,325,99186,425,99668,100,99165,100,99732,100,99145,200,99734,100,99103,100,99846,100,99059,100,100080,100,99042,100,100085,100,98856,100,100088,100,98425,100,100148,100,98241,100
2019-06-28 10:07:42.968062411,99453,325,99193,325,99583,325,99186,425,99668,100,99165,100,99732,100,99145,200,99734,100,99103,100,99846,100,99059,100,99950,100,99042,100,100080,100,98856,100,100085,100,98425,100,100088,100,98241,100
2019-06-28 10:07:50.000000000,99453,325,99193,325,99583,325,99186,425,99668,100,99165,100,99732,100,99145,200,99734,100,99103,100,99846,100,99059,100,99950,100,99042,100,100080,100,98856,100,100085,100,98425,100,100088,100,98241,100
2019-06-28 10:08:00.000000000,99453,253,99193,253,99583,248,99186,348,99668,248,99165,248,99732,100,99145,200,99734,100,99103,100,99846,100,99059,100,99950,100,99042,100,100080,100,98856,100,100085,100,98425,100,100088,100,98241,100
2019-06-28 10:08:10.000000000,99453,325,99193,325,99583,325,99186,425,99668,100,99165,100,99732,100,99145,200,99734,100,99103,100,99846,100,99059,100,99950,100,99042,100,100080,100,98856,100,100085,100,98425,100,100088,100,98241,100
2019-06-28 10:08:14.054548818,99453,225,99193,325,99583,325,99186,425,99668,100,99165,100,99732,100,99145,200,99734,100,99103,100,99846,100,99059,100,100080,100,99042,100,100085,100,98856,100,100088,100,98425,100,100148,100,98241,100
2019-06-28 10:08:20.000000000,99583,325,99193,325,99668,325,99186,425,99732,100,99165,100,99734,100,99145,200,99846,100,99103,100,100080,100,99059,100,100085,100,99042,100,100088,100,98856,100,100148,100,98425,100,,,98241,100
2019-06-28 10:08:24.745862170,99583,325,99193,325,99668,325,99186,425,99732,100,99165,100,99734,100,99145,200,99846,100,99103,100,99874,100,99059,100,100080,100,99042,100,100085,100,98856,100,100088,100,98425,100,100148,100,98241,100
2019-06-28 10:08:30.000000000,99583,550,99193,550,99668,100,99186,200,99732,100,99165,100,99734,100,99145,200,99846,100,99103,100,99874,100,99059,100,100080,100,99042,100,100085,100,98856,100,100088,100,98425,100,100148,100,98241,100
2019-06-28 10:08:38.601068207,99583,450,99193,550,99668,100,99186,200,99732,100,99165,100,99734,100,99145,200,99846,100,99103,100,99874,100,99059,100,100080,100,99042,100,100085,100,98856,100,100088,100,98425,100,,,98241,100
2019-06-28 10:08:40.000000000,99668,212,99193,212,99732,212,99186,312,99734,212,99165,212,99846,212,99145,312,99874,100,99103,100,100080,100,99059,100,100085,100,99042,100,100088,100,98856,100,,,98425,100,,,98241,100
2019-06-28 10:08:44.277098911,99668,112,99193,212,99732,212,99186,312,99734,212,99165,212,99846,212,99145,312,99874,100,99103,100,100080,100,99059,100,100085,100,99042,100,100088,100,98856,100,,,98425,100,,,98241,100
2019-06-28 10:08:50.000000000,99732,212,99193,212,99734,212,99186,312,99846,212,99165,212,99874,212,99145,312,100080,100,99103,100,100085,100,99059,100,100088,100,99042,100,,,98856,100,,,98425,100,,,98241,100
2019-06-28 10:08:53.933354491,99732,212,99682,100,99734,212,99193,212,99846,212,99186,312,99874,212,99165,212,100080,100,99145,312,100085,100,99103,100,100088,100,99059,100,,,99042,100,,,98856,100,,,98425,100
