,ask_price_1,ask_size_1,bid_price_1,bid_size_1,ask_price_2,ask_size_2,bid_price_2,bid_size_2,ask_price_3,ask_size_3,bid_price_3,bid_size_3,ask_price_4,ask_size_4,bid_price_4,bid_size_4,ask_price_5,ask_size_5,bid_price_5,bid_size_5,ask_price_6,ask_size_6,bid_price_6,bid_size_6,ask_price_7,ask_size_7,bid_price_7,bid_size_7,ask_price_8,ask_size_8,bid_price_8,bid_size_8,ask_price_9,ask_size_9,bid_price_9,bid_size_9,ask_price_10,ask_size_10,bid_price_10,bid_size_10
2019-06-28 09:30:00.000000000,100046,100,,,,,,,,,,,,,,,,,,,,,,,,,,,,,,,,,,,,,,
2019-06-28 09:30:00.000000001,,,,,,,,,,,,,,,,,,,,,,,,,,,,,,,,,,,,,,,,
2019-06-28 09:30:00.000000005,,,99913,100,,,,,,,,,,,,,,,,,,,,,,,,,,,,,,,,,,,,
2019-06-28 09:30:00.000000007,100041,100,99913,100,100047,100,,,,,,,,,,,,,,,,,,,,,,,,,,,,,,,,,,
2019-06-28 09:30:00.000000008,99974,100,99913,100,99991,100,,,100041,100,,,100047,100,,,,,,,,,,,,,,,,,,,,,,,,,,
2019-06-28 09:30:00.000000015,99974,100,99913,100,99991,100,,,100041,100,,,100047,100,,,100129,100,,,,,,,,,,,,,,,,,,,,,,
2019-06-28 09:30:00.000000019,99974,100,99952,100,99991,100,99913,100,100041,100,99898,100,100047,100,99833,100,100129,100,,,,,,,,,,,,,,,,,,,,,,
2019-06-28 09:30:00.000000022,99964,100,99952,100,99974,100,99913,100,99991,100,99898,100,100041,100,99833,100,100047,100,,,100082,100,,,100129,100,,,100147,100,,,,,,,,,,
2019-06-28 09:30:00.000000023,99964,100,99952,100,99974,100,99916,100,99991,100,99913,100,100041,100,99898,100,100047,100,99833,100,100082,100,,,100129,100,,,100147,100,,,,,,,,,,
2019-06-28 09:30:00.000000024,99974,100,99952,100,99991,100,99916,100,100041,100,99913,100,100047,100,99898,100,100082,100,99833,100,100096,100,,,100129,100,,,100147,100,,,,,,,,,,
2019-06-28 09:30:00.000000025,99974,100,99952,100,99991,100,99916,100,100041,100,99913,100,100047,100,99898,100,100082,100,99833,100,100096,100,99820,100,100129,100,,,100147,100,,,,,,,,,,
2019-06-28 09:30:00.000000027,99974,100,99952,100,99991,100,99916,100,100041,100,99913,100,100047,100,99898,100,100082,100,99833,100,100096,100,99820,100,100129,100,99799,100,100147,100,,,,,,,,,,
2019-06-28 09:30:00.000000028,99974,100,99964,100,99991,100,99952,100,100041,100,99916,100,100047,100,99913,100,100082,100,99898,100,100096,100,99833,100,100129,100,99820,100,100147,100,99799,100,,,,,,,,
2019-06-28 09:30:00.000000030,99991,100,99964,100,100004,100,99952,100,100041,100,99916,100,100047,100,99913,100,100082,100,99898,100,100096,100,99833,100,100129,100,99820,100,100147,100,99799,100,,,,,,,,
2019-06-28 09:30:00.000000034,99991,100,99964,100,100004,100,99952,100,100041,100,99916,100,100047,100,99913,100,100075,100,99906,100,100082,100,99898,100,100096,100,99833,100,100129,100,99820,100,100147,100,99799,100,,,,
2019-06-28 09:30:00.000000035,99991,100,99964,100,100004,100,99952,100,100041,100,99916,100,100047,100,99913,100,100075,100,99906,100,100082,100,99898,100,100096,100,99854,100,100129,100,99833,100,100147,100,99820,100,,,99799,100
2019-06-28 09:30:00.000000037,99991,100,99964,100,100004,100,99952,100,100041,100,99916,100,100047,100,99913,100,100048,100,99906,100,100075,100,99898,100,100082,100,99854,100,100096,100,99833,100,100102,100,99820,100,100129,100,99799,100
2019-06-28 09:30:00.000000040,99991,100,99964,100,100004,100,99952,100,100041,100,99916,100,100047,100,99913,100,100048,100,99906,100,100075,100,99898,100,100082,100,99854,100,100096,100,99833,100,100102,100,99820,100,100105,100,99799,100
2019-06-28 09:30:00.000000042,99991,100,99964,200,100004,100,99952,100,100041,100,99916,100,100047,100,99913,100,100048,100,99906,100,100075,100,99898,100,100082,100,99854,100,100096,100,99833,100,100102,100,99820,100,100105,100,99799,100
2019-06-28 09:30:00.000000045,99991,100,99964,200,100004,100,99952,100,100041,100,99916,100,100047,100,99913,100,100048,100,99906,100,100075,100,99898,100,100082,100,99858,100,100096,100,99854,100,100102,100,99833,100,100105,100,99820,100
2019-06-28 09:30:00.000000046,99991,100,99964,200,100004,100,99952,100,100005,100,99916,100,100041,100,99913,100,100047,100,99906,100,100048,100,99898,100,100075,100,99858,100,100082,100,99854,100,100096,100,99833,100,100102,100,99820,100
2019-06-28 09:30:00.000000047,99979,100,99964,200,99991,100,99952,100,100004,100,99916,100,100005,100,99913,100,100041,100,99906,100,100047,100,99898,100,100048,100,99871,100,100075,100,99858,100,100082,100,99854,100,100096,100,99833,100
2019-06-28 09:30:00.000000048,99979,100,99964,200,99991,100,99952,100,100004,100,99916,100,100005,100,99913,100,100041,100,99906,100,100047,100,99898,100,100048,100,99891,100,100075,100,99871,100,100082,100,99858,100,100096,100,99854,100
2019-06-28 09:30:00.000000050,99979,100,99964,200,99991,100,99952,100,100004,100,99916,100,100005,100,99913,100,100041,100,99906,100,100047,100,99898,100,100048,100,99891,100,100069,100,99871,100,100075,100,99858,100,100082,100,99854,100
2019-06-28 09:30:00.000000055,99979,100,99964,200,99991,100,99952,100,100004,100,99916,100,100005,100,99913,100,100041,100,99906,100,100047,100,99898,100,100048,100,99891,100,100069,100,99871,100,100075,100,99858,100,100082,100,99854,100
2019-06-28 09:30:00.000000057,99979,100,99964,200,99991,100,99952,100,100004,100,99916,100,100005,100,99913,100,100041,100,99906,100,100047,100,99898,100,100048,100,99891,100,100069,100,99871,100,100075,100,99858,100,100082,100,99854,100
2019-06-28 09:30:00.000000058,99979,100,99964,200,99991,100,99952,100,100004,100,99916,100,100005,100,99913,100,100041,100,99906,100,100047,100,99898,100,100048,100,99891,100,100065,100,99871,100,100069,100,99858,100,100075,100,99854,100
2019-06-28 09:30:00.000000060,99991,100,99964,200,100004,100,99952,100,100005,100,99916,100,100041,100,99913,100,100047,100,99906,100,100048,100,99898,100,100065,100,99891,100,100069,100,99871,100,100075,100,99858,100,100082,100,99854,100
2019-06-28 09:30:00.000000061,99991,100,99988,100,100004,100,99964,200,100005,100,99952,100,100041,100,99916,100,100047,100,99913,100,100048,100,99906,100,100065,100,99898,100,100069,100,99891,100,100075,100,99871,100,100082,100,99858,100
2019-06-28 09:30:00.000000063,99991,100,99988,100,100004,100,99974,100,100005,100,99964,200,100041,100,99952,100,100047,100,99916,100,100048,100,99913,100,100065,100,99906,100,100069,100,99898,100,100074,100,99891,100,100075,100,99871,100
2019-06-28 09:30:00.000000066,99991,100,99988,100,100004,100,99974,100,100005,100,99964,200,100041,100,99952,100,100047,100,99916,100,100048,100,99913,100,100065,100,99906,100,100069,100,99898,100,100074,100,99891,100,100075,100,99871,100
2019-06-28 09:30:00.000000068,99991,100,99988,100,100004,100,99974,100,100005,100,99964,200,100041,100,99952,100,100047,100,99916,100,100048,100,99913,100,100060,100,99906,100,100065,100,99898,100,100069,100,99891,100,100074,100,99871,100
2019-06-28 09:30:00.000000069,99991,100,99988,100,100004,100,99974,100,100005,100,99964,300,100041,100,99952,100,100047,100,99916,100,100048,100,99913,100,100060,100,99906,100,100065,100,99898,100,100069,100,99891,100,100074,100,99871,100
2019-06-28 09:30:00.000000070,99991,100,99988,100,100004,100,99974,100,100005,100,99964,300,100041,100,99952,100,100047,100,99916,100,100048,100,99913,100,100060,100,99906,100,100065,100,99898,100,100069,100,99891,100,100074,100,99871,100
2019-06-28 09:30:00.000000078,99991,100,99988,100,100004,200,99974,100,100005,100,99964,300,100041,100,99952,100,100047,100,99916,100,100048,100,99913,100,100060,100,99906,100,100065,100,99898,100,100069,100,99891,100,100074,100,99871,100
2019-06-28 09:30:00.000000079,99991,100,99988,100,100004,200,99974,100,100005,100,99964,300,100036,100,99952,100,100041,100,99916,100,100047,100,99913,100,100048,100,99906,100,100060,100,99898,100,100065,100,99891,100,100069,100,99871,100
2019-06-28 09:30:00.000000081,99991,100,99988,100,100004,200,99974,100,100005,100,99964,300,100036,100,99952,100,100041,100,99916,100,100047,100,99913,100,100048,100,99906,100,100060,100,99898,100,100065,100,99891,100,100069,100,99871,100
2019-06-28 09:30:00.000000082,99991,100,99988,100,100004,200,99974,100,100005,100,99964,300,100022,100,99952,100,100036,100,99916,100,100041,100,99913,100,100047,100,99906,100,100048,100,99898,100,100060,100,99891,100,100065,100,99871,100
2019-06-28 09:30:00.000000084,99991,100,99988,100,100004,200,99974,100,100005,100,99964,300,100022,100,99952,100,100036,100,99916,100,100041,100,99913,100,100047,100,99906,100,100048,100,99898,100,100060,100,99891,100,100065,100,99871,100
2019-06-28 09:30:00.000000085,100004,200,99988,100,100005,100,99974,100,100022,100,99964,300,100036,100,99952,100,100041,100,99916,100,100047,100,99913,100,100048,100,99906,100,100060,100,99898,100,100065,100,99891,100,100069,100,99871,100
2019-06-28 09:30:00.000000088,100004,200,99988,100,100005,100,99974,100,100022,100,99964,300,100036,100,99952,100,100041,100,99916,100,100047,100,99913,100,100048,100,99906,100,100060,100,99898,100,100065,100,99891,100,100069,100,99871,100
2019-06-28 09:30:00.000000090,100004,200,99974,100,100005,100,99964,300,100012,100,99952,100,100022,100,99916,100,100036,100,99913,100,100041,100,99906,100,100047,100,99898,100,100048,100,99891,100,100060,100,99871,100,100065,100,99858,100
2019-06-28 09:30:00.000000092,100004,200,99974,100,100005,100,99964,300,100012,100,99952,100,100022,100,99916,100,100036,100,99913,100,100041,100,99906,100,100047,100,99898,100,100048,100,99891,100,100060,100,99871,100,100065,100,99858,100
2019-06-28 09:30:00.000000094,100004,200,99974,100,100005,100,99964,300,100012,100,99952,100,100022,100,99916,100,100036,100,99913,100,100041,100,99906,100,100047,100,99898,100,100048,100,99891,100,100060,100,99871,100,100065,100,99858,100
2019-06-28 09:30:00.000000099,100004,100,99974,100,100005,100,99964,300,100012,100,99952,100,100022,100,99916,100,100036,100,99913,100,100041,100,99906,100,100047,100,99898,100,100048,100,99891,100,100060,100,99871,100,100065,100,99858,100
2019-06-28 09:30:00.411084630,100004,100,99974,100,100005,100,99964,300,100012,100,99952,100,100022,100,99916,100,100036,100,99913,100,100041,100,99906,100,100047,100,99898,100,100048,100,99891,100,100060,100,99871,100,100065,100,99858,100
2019-06-28 09:30:01.819762414,100004,100,99974,100,100005,100,99964,300,100012,100,99952,100,100022,100,99916,100,100036,100,99913,100,100041,100,99906,100,100047,100,99898,100,100048,100,99891,100,100060,100,99886,100,100065,100,99871,100
2019-06-28 09:30:10.000000000,100004,286,99974,286,100005,286,99964,486,100012,100,99952,100,100022,100,99916,100,100036,100,99913,100,100041,100,99906,100,100047,100,99898,100,100048,100,99891,100,100060,100,99886,100,100065,100,99871,100
2019-06-28 09:30:14.851161428,100004,286,99974,286,100005,286,99964,486,100012,100,99952,100,100022,100,99916,100,100036,100,99913,100,100041,100,99906,100,100047,100,99898,100,100048,100,99891,100,100060,100,99886,100,100065,100,99871,100
2019-06-28 09:30:17.621638343,100004,286,99974,286,100005,286,99964,486,100012,100,99952,100,100020,100,99916,100,100022,100,99913,100,100036,100,99906,100,100041,100,99898,100,100047,100,99891,100,100048,100,99886,100,100060,100,99871,100
2019-06-28 09:30:20.000000000,100004,226,99974,226,100005,223,99964,423,100012,223,99952,223,100020,100,99916,100,100022,100,99913,100,100036,100,99906,100,100041,100,99898,100,100047,100,99891,100,100048,100,99886,100,100060,100,99871,100
2019-06-28 09:30:27.718956133,100004,226,99974,126,100005,223,99964,423,100012,223,99952,223,100020,100,99916,100,100022,100,99913,100,100036,100,99906,100,100041,100,99898,100,100047,100,99891,100,100048,100,99886,100,100060,100,99871,100
2019-06-28 09:30:30.000000000,100004,226,99964,426,100005,223,99952,223,100012,223,99916,223,100020,100,99913,100,100022,100,99906,100,100036,100,99898,100,100041,100,99891,100,100047,100,99886,100,100048,100,99871,100,100060,100,99854,100
2019-06-28 09:30:40.000000000,100004,226,99964,426,100005,223,99952,223,100012,223,99916,223,100020,100,99913,100,100022,100,99906,100,100036,100,99898,100,100041,100,99891,100,100047,100,99886,100,100048,100,99871,100,100060,100,99854,100
2019-06-28 09:30:50.000000000,100004,174,99964,374,100005,174,99952,174,100012,174,99916,174,100020,174,99913,174,100022,174,99906,174,100036,100,99898,100,100041,100,99891,100,100047,100,99886,100,100048,100,99871,100,100060,100,99854,100
2019-06-28 09:30:50.259947058,100004,174,99964,374,100005,174,99952,174,100012,174,99916,174,100020,174,99913,174,100022,174,99906,174,100036,100,99898,100,100041,100,99891,100,100048,100,99886,100,100060,100,99871,100,100065,100,99854,100
2019-06-28 09:31:00.000000000,100004,472,99964,672,100005,100,99952,100,100012,100,99916,100,100020,100,99913,100,100022,100,99906,100,100036,100,99898,100,100041,100,99891,100,100048,100,99886,100,100060,100,99871,100,100065,100,99854,100
2019-06-28 09:31:10.000000000,100004,286,99964,486,100005,286,99952,286,100012,100,99916,100,100020,100,99913,100,100022,100,99906,100,100036,100,99898,100,100041,100,99891,100,100048,100,99886,100,100060,100,99871,100,100065,100,99854,100
2019-06-28 09:31:10.024497271,100004,286,99964,486,100005,286,99952,286,100012,100,99916,100,100020,100,99915,100,100022,100,99913,100,100036,100,99906,100,100041,100,99898,100,100048,100,99891,100,100060,100,99886,100,100065,100,99871,100
2019-06-28 09:31:20.000000000,100004,226,99964,426,100005,223,99952,223,100012,223,99916,223,100020,100,99915,100,100022,100,99913,100,100036,100,99906,100,100041,100,99898,100,100048,100,99891,100,100060,100,99886,100,100065,100,99871,100
2019-06-28 09:31:30.000000000,100004,193,99964,393,100005,193,99952,193,100012,193,99916,193,100020,193,99915,193,100022,100,99913,100,100036,100,99906,100,100041,100,99898,100,100048,100,99891,100,100060,100,99886,100,100065,100,99871,100
2019-06-28 09:31:40.000000000,100004,174,99964,374,100005,174,99952,174,100012,174,99916,174,100020,174,99915,174,100022,174,99913,174,100036,100,99906,100,100041,100,99898,100,100048,100,99891,100,100060,100,99886,100,100065,100,99871,100
2019-06-28 09:31:48.994866111,100004,174,99964,374,100005,174,99952,174,100012,174,99916,174,100020,174,99915,174,100022,174,99913,174,100036,100,99906,100,100041,100,99898,100,100048,100,99891,100,100060,100,99886,100,100065,100,99871,100
2019-06-28 09:31:50.000000000,100004,472,99964,672,100005,100,99952,100,100012,100,99916,100,100020,100,99915,100,100022,100,99913,100,100036,100,99906,100,100041,100,99898,100,100048,100,99891,100,100060,100,99886,100,100065,100,99871,100
2019-06-28 09:32:00.000000000,100004,193,99964,393,100005,193,99952,193,100012,193,99916,193,100020,193,99915,193,100022,100,99913,100,100036,100,99906,100,100041,100,99898,100,100048,100,99891,100,100060,100,99886,100,100065,100,99871,100
2019-06-28 09:32:01.667958889,100004,193,99964,393,100005,193,99952,193,100012,193,99916,193,100020,193,99915,193,100022,100,99913,100,100036,100,99906,100,100041,100,99898,100,100048,100,99891,100,100060,100,99886,100,100065,100,99871,100
2019-06-28 09:32:06.957548057,100004,193,99964,393,100005,193,99952,193,100012,193,99916,193,100020,193,99915,193,100022,100,99913,100,100036,100,99906,100,100041,100,99898,100,100048,100,99891,100,100060,100,99886,100,100065,100,99871,100
2019-06-28 09:32:10.000000000,100004,226,99964,426,100005,223,99952,223,100012,223,99916,223,100020,100,99915,100,100022,100,99913,100,100036,100,99906,100,100041,100,99898,100,100048,100,99891,100,100060,100,99886,100,100065,100,99871,100
2019-06-28 09:32:20.000000000,100004,286,99964,486,100005,286,99952,286,100012,100,99916,100,100020,100,99915,100,100022,100,99913,100,100036,100,99906,100,100041,100,99898,100,100048,100,99891,100,100060,100,99886,100,100065,100,99871,100
2019-06-28 09:32:30.000000000,100004,174,99964,374,100005,174,99952,174,100012,174,99916,174,100020,174,99915,174,100022,174,99913,174,100036,100,99906,100,100041,100,99898,100,100048,100,99891,100,100060,100,99886,100,100065,100,99871,100
2019-06-28 09:32:40.000000000,100004,193,99964,393,100005,193,99952,193,100012,193,99916,193,100020,193,99915,193,100022,100,99913,100,100036,100,99906,100,100041,100,99898,100,100048,100,99891,100,100060,100,99886,100,100065,100,99871,100
2019-06-28 09:32:46.517974187,100004,193,99964,293,100005,193,99952,193,100012,193,99916,193,100020,193,99915,193,100022,100,99913,100,100036,100,99906,100,100041,100,99898,100,100048,100,99891,100,100060,100,99886,100,100065,100,99871,100
2019-06-28 09:32:50.000000000,100004,286,99964,386,100005,286,99952,286,100012,100,99916,100,100020,100,99915,100,100022,100,99913,100,100036,100,99906,100,100041,100,99898,100,100048,100,99891,100,100060,100,99886,100,100065,100,99871,100
2019-06-28 09:32:58.563640334,99968,100,99964,386,100004,286,99952,286,100005,286,99916,100,100012,100,99915,100,100020,100,99913,100,100022,100,99898,100,100036,100,99891,100,100041,100,99886,100,100048,100,99871,100,100060,100,99854,200
2019-06-28 09:33:00.000000000,99968,193,99964,293,100004,193,99952,193,100005,193,99916,193,100012,193,99915,193,100020,100,99913,100,100022,100,99898,100,100036,100,99891,100,100041,100,99886,100,100048,100,99871,100,100060,100,99854,200
2019-06-28 09:33:10.000000000,99968,226,99964,326,100004,223,99952,223,100005,223,99916,223,100012,100,99915,100,100020,100,99913,100,100022,100,99898,100,100036,100,99891,100,100041,100,99886,100,100048,100,99871,100,100060,100,99854,200
2019-06-28 09:33:20.000000000,99968,174,99964,274,100004,174,99952,174,100005,174,99916,174,100012,174,99915,174,100020,174,99913,174,100022,100,99898,100,100036,100,99891,100,100041,100,99886,100,100048,100,99871,100,100060,100,99854,200
2019-06-28 09:33:30.000000000,99968,472,99964,572,100004,100,99952,100,100005,100,99916,100,100012,100,99915,100,100020,100,99913,100,100022,100,99898,100,100036,100,99891,100,100041,100,99886,100,100048,100,99871,100,100060,100,99854,200
2019-06-28 09:33:40.000000000,99968,174,99964,274,100004,174,99952,174,100005,174,99916,174,100012,174,99915,174,100020,174,99913,174,100022,100,99898,100,100036,100,99891,100,100041,100,99886,100,100048,100,99871,100,100060,100,99854,200
2019-06-28 09:33:42.782732428,99968,174,99964,274,100004,174,99952,174,100005,174,99916,174,100012,174,99915,174,100020,174,99913,174,100022,100,99898,100,100036,100,99891,100,100041,100,99886,100,100048,100,99854,200,100060,100,99833,200
2019-06-28 09:33:45.719952453,99968,74,99964,274,100004,174,99952,174,100005,174,99916,174,100012,174,99915,174,100020,174,99913,174,100022,100,99898,100,100036,100,99891,100,100041,100,99886,100,100048,100,99854,200,100060,100,99833,200
2019-06-28 09:33:50.000000000,100004,193,99964,293,100005,193,99952,193,100012,193,99916,193,100020,193,99915,193,100022,100,99913,100,100036,100,99898,100,100041,100,99891,100,100048,100,99886,100,100060,100,99854,200,100065,100,99833,200
2019-06-28 09:33:57.058938466,100004,193,99964,293,100005,193,99952,193,100012,193,99916,193,100020,193,99915,193,100022,100,99913,100,100036,100,99898,100,100041,100,99891,100,100048,100,99886,100,100060,100,99854,200,100065,100,99833,200
2019-06-28 09:34:00.000000000,100004,226,99964,326,100005,223,99952,223,100012,223,99916,223,100020,100,99915,100,100022,100,99913,100,100036,100,99898,100,100041,100,99891,100,100048,100,99886,100,100060,100,99854,200,100065,100,99833,200
2019-06-28 09:34:07.805930546,100004,226,99964,226,100005,223,99952,223,100012,223,99916,223,100020,100,99915,100,100022,100,99913,100,100036,100,99898,100,100041,100,99891,100,100048,100,99886,100,100060,100,99854,200,100065,100,99833,200
2019-06-28 09:34:10.000000000,100004,286,99964,286,100005,286,99952,286,100012,100,99916,100,100020,100,99915,100,100022,100,99913,100,100036,100,99898,100,100041,100,99891,100,100048,100,99886,100,100060,100,99854,200,100065,100,99833,200
2019-06-28 09:34:20.000000000,100004,193,99964,193,100005,193,99952,193,100012,193,99916,193,100020,193,99915,193,100022,100,99913,100,100036,100,99898,100,100041,100,99891,100,100048,100,99886,100,100060,100,99854,200,100065,100,99833,200
2019-06-28 09:34:21.224479837,100004,193,99964,193,100005,193,99952,193,100012,193,99916,193,100020,193,99915,193,100022,100,99913,100,100036,100,99898,100,100041,100,99891,100,100048,100,99886,100,100054,100,99854,200,100060,100,99833,200
2019-06-28 09:34:22.636930020,99985,100,99964,193,100004,193,99952,193,100005,193,99916,193,100012,193,99915,193,100020,193,99913,100,100022,100,99898,100,100036,100,99891,100,100041,100,99886,100,100048,100,99854,200,100054,100,99833,200
2019-06-28 09:34:30.000000000,99985,472,99964,472,100004,100,99952,100,100005,100,99916,100,100012,100,99915,100,100020,100,99913,100,100022,100,99898,100,100036,100,99891,100,100041,100,99886,100,100048,100,99854,200,100054,100,99833,200
2019-06-28 09:34:37.258330754,99967,100,99964,472,99985,472,99952,100,100004,100,99916,100,100005,100,99915,100,100012,100,99913,100,100020,100,99898,100,100022,100,99891,100,100036,100,99886,100,100041,100,99854,200,100048,100,99833,200
2019-06-28 09:34:37.806380122,99967,200,99964,472,99985,472,99952,100,100004,100,99916,100,100005,100,99915,100,100012,100,99913,100,100020,100,99898,100,100022,100,99891,100,100036,100,99886,100,100041,100,99854,200,100048,100,99833,200
2019-06-28 09:34:40.000000000,99967,386,99964,286,99985,286,99952,286,100004,100,99916,100,100005,100,99915,100,100012,100,99913,100,100020,100,99898,100,100022,100,99891,100,100036,100,99886,100,100041,100,99854,200,100048,100,99833,200
2019-06-28 09:34:43.189916169,99967,386,99964,286,99976,100,99952,286,99985,286,99916,100,100004,100,99915,100,100005,100,99913,100,100012,100,99898,100,100020,100,99891,100,100022,100,99886,100,100036,100,99854,200,100041,100,99833,200
2019-06-28 09:34:50.000000000,99967,386,99964,286,99976,286,99952,286,99985,100,99916,100,100004,100,99915,100,100005,100,99913,100,100012,100,99898,100,100020,100,99891,100,100022,100,99886,100,100036,100,99854,200,100041,100,99833,200
2019-06-28 09:34:59.584788066,99967,386,99964,186,99976,286,99952,286,99985,100,99916,100,100004,100,99915,100,100005,100,99913,100,100012,100,99898,100,100020,100,99891,100,100022,100,99886,100,100036,100,99854,200,100041,100,99833,200
2019-06-28 09:35:00.000000000,99967,293,99952,193,99976,193,99916,193,99985,193,99915,193,100004,193,99913,193,100005,100,99898,100,100012,100,99891,100,100020,100,99886,100,100022,100,99854,200,100036,100,99833,200,100041,100,99820,100
2019-06-28 09:35:10.000000000,99967,293,99952,193,99976,193,99916,193,99985,193,99915,193,100004,193,99913,193,100005,100,99898,100,100012,100,99891,100,100020,100,99886,100,100022,100,99854,200,100036,100,99833,200,100041,100,99820,100
2019-06-28 09:35:10.759755134,99967,293,99952,93,99976,193,99916,193,99985,193,99915,193,100004,193,99913,193,100005,100,99898,100,100012,100,99891,100,100020,100,99886,100,100022,100,99854,200,100036,100,99833,200,100041,100,99820,100
2019-06-28 09:35:20.000000000,99967,386,99916,286,99976,286,99915,286,99985,100,99913,100,100004,100,99898,100,100005,100,99891,100,100012,100,99886,100,100020,100,99854,200,100022,100,99833,200,100036,100,99820,100,100041,100,99799,100
2019-06-28 09:35:30.000000000,99967,386,99916,286,99976,286,99915,286,99985,100,99913,100,100004,100,99898,100,100005,100,99891,100,100012,100,99886,100,100020,100,99854,200,100022,100,99833,200,100036,100,99820,100,100041,100,99799,100
2019-06-28 09:35:34.821967067,99967,386,99916,186,99976,286,99915,286,99985,100,99913,100,100004,100,99898,100,100005,100,99891,100,100012,100,99886,100,100020,100,99854,200,100022,100,99833,100,100036,100,99820,100,100041,100,99799,100
2019-06-28 09:35:40.000000000,99967,274,99915,174,99976,174,99913,174,99985,174,99898,174,100004,174,99891,174,100005,174,99886,174,100012,100,99854,200,100020,100,99833,100,100022,100,99820,100,100036,100,99799,100,100041,100,99753,100
2019-06-28 09:35:44.848915714,99967,274,99915,174,99976,174,99913,174,99985,174,99898,174,100004,174,99891,174,100005,174,99886,174,100012,100,99854,200,100020,100,99833,100,100022,100,99820,100,100036,100,99799,100,100041,100,99753,100
2019-06-28 09:35:50.000000000,99967,326,99915,226,99976,223,99913,223,99985,223,99898,223,100004,100,99891,100,100005,100,99886,100,100012,100,99854,200,100020,100,99833,100,100022,100,99820,100,100036,100,99799,100,100041,100,99753,100
2019-06-28 09:36:00.000000000,99967,386,99915,286,99976,286,99913,286,99985,100,99898,100,100004,100,99891,100,100005,100,99886,100,100012,100,99854,200,100020,100,99833,100,100022,100,99820,100,100036,100,99799,100,100041,100,99753,100
2019-06-28 09:36:01.529273306,99952,100,99915,286,99967,386,99913,286,99976,286,99898,100,99985,100,99891,100,100004,100,99886,100,100005,100,99854,200,100012,100,99833,100,100020,100,99820,100,100022,100,99799,100,100036,100,99753,100
2019-06-28 09:36:08.242615748,99952,200,99915,286,99967,286,99913,286,99976,286,99898,100,99985,100,99891,100,100004,100,99886,100,100005,100,99854,200,100012,100,99833,100,100020,100,99820,100,100022,100,99799,100,100036,100,99753,100
2019-06-28 09:36:10.000000000,99952,274,99915,174,99967,174,99913,174,99976,174,99898,174,99985,174,99891,174,100004,174,99886,174,100005,100,99854,200,100012,100,99833,100,100020,100,99820,100,100022,100,99799,100,100036,100,99753,100
2019-06-28 09:36:10.456160981,99952,274,99915,74,99967,174,99913,174,99976,174,99898,174,99985,174,99891,174,100004,174,99886,174,100005,100,99854,200,100012,100,99833,100,100020,100,99820,100,100022,100,99799,100,100036,100,99753,100
2019-06-28 09:36:20.000000000,99952,386,99913,286,99967,286,99898,286,99976,100,99891,100,99985,100,99886,100,100004,100,99854,200,100005,100,99833,100,100012,100,99820,100,100020,100,99799,100,100022,100,99753,100,100036,100,99700,100
2019-06-28 09:36:30.000000000,99952,293,99913,193,99967,193,99898,193,99976,193,99891,193,99985,193,99886,193,100004,100,99854,200,100005,100,99833,100,100012,100,99820,100,100020,100,99799,100,100022,100,99753,100,100036,100,99700,100
2019-06-28 09:36:32.183550810,99952,293,99913,93,99967,193,99898,193,99976,193,99891,193,99985,193,99886,193,100004,100,99854,200,100005,100,99833,100,100012,100,99820,100,100020,100,99799,100,100022,100,99753,100,100036,100,99700,100
2019-06-28 09:36:40.000000000,99952,572,99898,472,99967,100,99891,100,99976,100,99886,100,99985,100,99854,200,100004,100,99833,100,100005,100,99820,100,100012,100,99799,100,100020,100,99753,100,100022,100,99700,100,100036,100,99438,100
2019-06-28 09:36:42.169333634,99952,572,99898,372,99967,100,99891,100,99976,100,99886,100,99985,100,99854,200,100004,100,99833,100,100005,100,99820,100,100012,100,99799,100,100020,100,99753,100,100022,100,99700,100,100036,100,99438,100
2019-06-28 09:36:49.953184719,99952,572,99898,272,99967,100,99891,100,99976,100,99886,100,99985,100,99854,200,100004,100,99833,100,100005,100,99820,100,100012,100,99799,100,100020,100,99753,100,100022,100,99700,100,100036,100,99438,100
2019-06-28 09:36:50.000000000,99952,293,99891,193,99967,193,99886,193,99976,193,99854,293,99985,193,99833,193,100004,100,99820,100,100005,100,99799,100,100012,100,99753,100,100020,100,99700,100,100022,100,99438,100,100036,100,,
2019-06-28 09:36:50.586577639,99952,293,99891,193,99967,193,99886,193,99976,193,99854,293,99985,193,99833,193,100004,100,99820,100,100005,100,99799,100,100012,100,99753,100,100020,100,99700,100,100022,100,99440,100,100036,100,,
2019-06-28 09:37:00.000000000,99952,326,99891,226,99967,223,99886,223,99976,223,99854,323,99985,100,99833,100,100004,100,99820,100,100005,100,99799,100,100012,100,99753,100,100020,100,99700,100,100022,100,99440,100,100036,100,,
2019-06-28 09:37:04.312541086,99898,100,99891,226,99952,326,99886,223,99967,223,99854,323,99976,223,99833,100,99985,100,99820,100,100004,100,99799,100,100005,100,99753,100,100012,100,99700,100,100020,100,99440,100,100022,100,,
2019-06-28 09:37:10.000000000,99898,286,99891,286,99952,386,99886,286,99967,100,99854,200,99976,100,99833,100,99985,100,99820,100,100004,100,99799,100,100005,100,99753,100,100012,100,99700,100,100020,100,99440,100,100022,100,,
2019-06-28 09:37:13.282954670,99898,286,99891,286,99952,386,99886,286,99967,100,99854,200,99976,100,99833,100,99985,100,99820,100,100004,100,99799,100,100005,100,99753,100,100012,100,99700,100,100020,100,99627,100,100022,100,99440,100
2019-06-28 09:37:20.000000000,99898,174,99891,174,99952,274,99886,174,99967,174,99854,274,99976,174,99833,174,99985,174,99820,174,100004,100,99799,100,100005,100,99753,100,100012,100,99700,100,100020,100,99627,100,100022,100,99440,100
2019-06-28 09:37:30.000000000,99898,174,99891,174,99952,274,99886,174,99967,174,99854,274,99976,174,99833,174,99985,174,99820,174,100004,100,99799,100,100005,100,99753,100,100012,100,99700,100,100020,100,99627,100,100022,100,99440,100
2019-06-28 09:37:40.000000000,99898,226,99891,226,99952,323,99886,223,99967,223,99854,323,99976,100,99833,100,99985,100,99820,100,100004,100,99799,100,100005,100,99753,100,100012,100,99700,100,100020,100,99627,100,100022,100,99440,100
2019-06-28 09:37:45.450520903,99898,226,99891,226,99952,323,99886,223,99967,223,99854,323,99976,100,99833,100,99985,100,99820,100,100004,100,99799,100,100005,100,99753,100,100012,100,99700,100,100020,100,99627,100,100022,100,99601,100
2019-06-28 09:37:50.000000000,99898,174,99891,174,99952,274,99886,174,99967,174,99854,274,99976,174,99833,174,99985,174,99820,174,100004,100,99799,100,100005,100,99753,100,100012,100,99700,100,100020,100,99627,100,100022,100,99601,100
2019-06-28 09:37:55.749851540,99898,174,99891,174,99952,274,99886,174,99967,174,99854,274,99976,174,99833,174,99985,174,99820,174,100004,100,99799,100,100005,100,99753,100,100012,100,99627,100,100020,100,99601,100,100022,100,99452,100
2019-06-28 09:38:00.000000000,99898,286,99891,286,99952,386,99886,286,99967,100,99854,200,99976,100,99833,100,99985,100,99820,100,100004,100,99799,100,100005,100,99753,100,100012,100,99627,100,100020,100,99601,100,100022,100,99452,100
2019-06-28 09:38:07.961250410,99898,386,99891,286,99952,386,99886,286,99967,100,99854,200,99976,100,99833,100,99985,100,99820,100,100004,100,99799,100,100005,100,99753,100,100012,100,99627,100,100020,100,99601,100,100022,100,99452,100
2019-06-28 09:38:10.000000000,99898,293,99891,193,99952,293,99886,193,99967,193,99854,293,99976,193,99833,193,99985,100,99820,100,100004,100,99799,100,100005,100,99753,100,100012,100,99627,100,100020,100,99601,100,100022,100,99452,100
2019-06-28 09:38:11.791584076,99898,293,99891,193,99952,293,99886,193,99967,93,99854,293,99976,193,99833,193,99985,100,99820,100,100004,100,99799,100,100005,100,99753,100,100012,100,99627,100,100020,100,99601,100,100022,100,99452,100
2019-06-28 09:38:20.000000000,99898,386,99891,286,99952,386,99886,286,99976,100,99854,200,99985,100,99833,100,100004,100,99820,100,100005,100,99799,100,100012,100,99753,100,100020,100,99627,100,100022,100,99601,100,100041,100,99452,100
2019-06-28 09:38:21.089828064,99898,386,99891,186,99952,386,99886,286,99976,100,99854,200,99985,100,99833,100,100004,100,99820,100,100005,100,99799,100,100012,100,99753,100,100020,100,99627,100,100022,100,99601,100,100041,100,99452,100
2019-06-28 09:38:30.000000000,99898,326,99886,226,99952,323,99854,323,99976,223,99833,223,99985,100,99820,100,100004,100,99799,100,100005,100,99753,100,100012,100,99627,100,100020,100,99601,100,100022,100,99452,100,100041,100,99440,100
2019-06-28 09:38:38.268803769,99898,326,99892,100,99952,323,99886,226,99976,223,99854,323,99985,100,99833,223,100004,100,99820,100,100005,100,99799,100,100012,100,99753,100,100020,100,99627,100,100022,100,99601,100,100041,100,99452,100
2019-06-28 09:38:40.000000000,99898,274,99892,174,99952,274,99886,174,99976,174,99854,274,99985,174,99833,174,100004,174,99820,174,100005,100,99799,100,100012,100,99753,100,100020,100,99627,100,100022,100,99601,100,100041,100,99452,100
2019-06-28 09:38:50.000000000,99898,326,99892,226,99952,323,99886,223,99976,223,99854,323,99985,100,99833,100,100004,100,99820,100,100005,100,99799,100,100012,100,99753,100,100020,100,99627,100,100022,100,99601,100,100041,100,99452,100
2019-06-28 09:39:00.000000000,99898,293,99892,193,99952,293,99886,193,99976,193,99854,293,99985,193,99833,193,100004,100,99820,100,100005,100,99799,100,100012,100,99753,100,100020,100,99627,100,100022,100,99601,100,100041,100,99452,100
2019-06-28 09:39:06.852939208,99898,293,99892,93,99952,293,99886,193,99976,193,99854,293,99985,193,99833,193,100004,100,99820,100,100005,100,99799,100,100012,100,99753,100,100020,100,99627,100,100022,100,99601,100,100041,100,99452,100
2019-06-28 09:39:10.000000000,99898,293,99886,193,99952,293,99854,293,99976,193,99833,193,99985,193,99820,193,100004,100,99799,100,100005,100,99753,100,100012,100,99627,100,100020,100,99601,100,100022,100,99452,100,100041,100,99440,100
2019-06-28 09:39:11.371183771,99898,293,99886,193,99952,293,99854,293,99976,193,99833,193,99985,193,99820,193,100004,100,99799,100,100005,100,99753,100,100012,100,99627,100,100020,100,99601,100,100022,100,99484,100,100041,100,99452,100
2019-06-28 09:39:20.000000000,99898,274,99886,174,99952,274,99854,274,99976,174,99833,174,99985,174,99820,174,100004,174,99799,174,100005,100,99753,100,100012,100,99627,100,100020,100,99601,100,100022,100,99484,100,100041,100,99452,100
2019-06-28 09:39:24.826549927,99898,274,99886,174,99952,274,99854,274,99976,174,99833,174,99985,174,99820,174,100004,174,99799,174,100005,100,99753,100,100012,100,99714,100,100020,100,99627,100,100022,100,99601,100,100041,100,99484,100
2019-06-28 09:39:30.000000000,99898,293,99886,193,99952,293,99854,293,99976,193,99833,193,99985,193,99820,193,100004,100,99799,100,100005,100,99753,100,100012,100,99714,100,100020,100,99627,100,100022,100,99601,100,100041,100,99484,100
2019-06-28 09:39:40.000000000,99898,293,99886,193,99952,293,99854,293,99976,193,99833,193,99985,193,99820,193,100004,100,99799,100,100005,100,99753,100,100012,100,99714,100,100020,100,99627,100,100022,100,99601,100,100041,100,99484,100
2019-06-28 09:39:40.423722110,99892,100,99886,193,99898,293,99854,293,99952,293,99833,193,99976,193,99820,193,99985,193,99799,100,100004,100,99753,100,100005,100,99714,100,100012,100,99627,100,100020,100,99601,100,100022,100,99484,100
2019-06-28 09:39:42.769925789,99892,200,99886,193,99898,293,99854,293,99952,293,99833,193,99976,193,99820,193,99985,193,99799,100,100004,100,99753,100,100005,100,99714,100,100012,100,99627,100,100020,100,99601,100,100022,100,99484,100
2019-06-28 09:39:50.000000000,99892,386,99886,286,99898,386,99854,386,99952,200,99833,100,99976,100,99820,100,99985,100,99799,100,100004,100,99753,100,100005,100,99714,100,100012,100,99627,100,100020,100,99601,100,100022,100,99484,100
2019-06-28 09:39:52.735168655,99892,386,99886,286,99898,386,99854,386,99930,100,99833,100,99952,200,99820,100,99976,100,99799,100,99985,100,99753,100,100004,100,99714,100,100005,100,99627,100,100012,100,99601,100,100020,100,99484,100
2019-06-28 09:39:56.215415901,99892,386,99886,186,99898,386,99854,386,99930,100,99833,100,99952,200,99820,100,99976,100,99799,100,99985,100,99753,100,100004,100,99714,100,100005,100,99627,100,100012,100,99601,100,100020,100,99484,100
2019-06-28 09:40:00.000000000,99892,274,99854,274,99898,274,99833,174,99930,174,99820,174,99952,274,99799,174,99976,174,99753,174,99985,100,99714,100,100004,100,99627,100,100005,100,99601,100,100012,100,99484,100,100020,100,99452,100
2019-06-28 09:40:00.129600714,99892,274,99854,174,99898,274,99833,174,99930,74,99820,174,99952,274,99799,174,99976,174,99753,174,99985,100,99714,100,100004,100,99627,100,100005,100,99601,100,100012,100,99484,100,100020,100,99452,100
2019-06-28 09:40:09.601773840,99886,100,99854,174,99892,274,99833,174,99898,274,99820,174,99930,74,99799,174,99952,274,99753,174,99976,174,99714,100,99985,100,99627,100,100004,100,99601,100,100005,100,99484,100,100012,100,99452,100
2019-06-28 09:40:10.000000000,99886,226,99854,226,99892,323,99833,223,99898,323,99820,223,99952,200,99799,100,99976,100,99753,100,99985,100,99714,100,100004,100,99627,100,100005,100,99601,100,100012,100,99484,100,100020,100,99452,100
2019-06-28 09:40:20.000000000,99886,226,99854,226,99892,323,99833,223,99898,323,99820,223,99952,200,99799,100,99976,100,99753,100,99985,100,99714,100,100004,100,99627,100,100005,100,99601,100,100012,100,99484,100,100020,100,99452,100
2019-06-28 09:40:20.127390325,99886,226,99854,226,99892,323,99833,223,99898,323,99820,223,99952,200,99799,100,99976,100,99753,100,99985,100,99714,100,100004,100,99627,100,100005,100,99601,100,100012,100,99480,100,100020,100,99452,100
2019-06-28 09:40:30.000000000,99886,286,99854,286,99892,386,99833,286,99898,200,99820,100,99952,200,99799,100,99976,100,99753,100,99985,100,99714,100,100004,100,99627,100,100005,100,99601,100,100012,100,99480,100,100020,100,99452,100
2019-06-28 09:40:40.000000000,99886,472,99854,472,99892,200,99833,100,99898,200,99820,100,99952,200,99799,100,99976,100,99753,100,99985,100,99714,100,100004,100,99627,100,100005,100,99601,100,100012,100,99480,100,100020,100,99452,100
2019-06-28 09:40:42.412554719,99886,472,99854,472,99892,200,99833,100,99898,200,99820,100,99952,200,99799,100,99976,100,99753,100,99985,100,99714,100,100004,100,99627,100,100005,100,99601,100,100012,100,99489,100,100020,100,99480,100
2019-06-28 09:40:50.000000000,99886,193,99854,193,99892,293,99833,193,99898,293,99820,193,99952,293,99799,193,99976,100,99753,100,99985,100,99714,100,100004,100,99627,100,100005,100,99601,100,100012,100,99489,100,100020,100,99480,100
2019-06-28 09:41:00.000000000,99886,226,99854,226,99892,323,99833,223,99898,323,99820,223,99952,200,99799,100,99976,100,99753,100,99985,100,99714,100,100004,100,99627,100,100005,100,99601,100,100012,100,99489,100,100020,100,99480,100
2019-06-28 09:41:05.234729715,99886,226,99854,226,99892,323,99833,223,99898,323,99820,223,99952,200,99799,100,99976,100,99753,100,99985,100,99714,100,100004,100,99627,100,100005,100,99621,100,100012,100,99489,100,100020,100,99480,100
2019-06-28 09:41:10.000000000,99886,286,99854,286,99892,386,99833,286,99898,200,99820,100,99952,200,99799,100,99976,100,99753,100,99985,100,99714,100,100004,100,99627,100,100005,100,99621,100,100012,100,99489,100,100020,100,99480,100
2019-06-28 09:41:20.000000000,99886,472,99854,472,99892,200,99833,100,99898,200,99820,100,99952,200,99799,100,99976,100,99753,100,99985,100,99714,100,100004,100,99627,100,100005,100,99621,100,100012,100,99489,100,100020,100,99480,100
2019-06-28 09:41:30.000000000,99886,193,99854,193,99892,293,99833,193,99898,293,99820,193,99952,293,99799,193,99976,100,99753,100,99985,100,99714,100,100004,100,99627,100,100005,100,99621,100,100012,100,99489,100,100020,100,99480,100
2019-06-28 09:41:31.520653163,99886,193,99854,193,99892,293,99833,193,99898,293,99820,193,99952,293,99799,193,99964,100,99753,100,99976,100,99714,100,99985,100,99627,100,100004,100,99621,100,100005,100,99489,100,100020,100,99480,100
2019-06-28 09:41:40.000000000,99886,286,99854,286,99892,386,99833,286,99898,200,99820,100,99952,200,99799,100,99964,100,99753,100,99976,100,99714,100,99985,100,99627,100,100004,100,99621,100,100005,100,99489,100,100020,100,99480,100
2019-06-28 09:41:50.000000000,99886,193,99854,193,99892,293,99833,193,99898,293,99820,193,99952,293,99799,193,99964,100,99753,100,99976,100,99714,100,99985,100,99627,100,100004,100,99621,100,100005,100,99489,100,100020,100,99480,100
2019-06-28 09:41:55.781693786,99886,193,99854,93,99892,293,99833,193,99898,293,99820,193,99952,293,99799,193,99964,100,99753,100,99976,100,99714,100,99985,100,99627,100,100004,100,99621,100,100005,100,99489,100,100020,100,99480,100
2019-06-28 09:42:00.000000000,99886,193,99833,193,99892,293,99820,193,99898,293,99799,193,99952,293,99753,193,99964,100,99714,100,99976,100,99627,100,99985,100,99621,100,100004,100,99489,100,100005,100,99480,100,100020,100,99452,100
2019-06-28 09:42:10.000000000,99886,472,99833,472,99892,200,99820,100,99898,200,99799,100,99952,200,99753,100,99964,100,99714,100,99976,100,99627,100,99985,100,99621,100,100004,100,99489,100,100005,100,99480,100,100020,100,99452,100
2019-06-28 09:42:20.000000000,99886,286,99833,286,99892,386,99820,286,99898,200,99799,100,99952,200,99753,100,99964,100,99714,100,99976,100,99627,100,99985,100,99621,100,100004,100,99489,100,100005,100,99480,100,100020,100,99452,100
2019-06-28 09:42:27.549788034,99886,286,99833,286,99892,386,99820,286,99898,200,99799,100,99952,200,99753,100,99964,100,99714,100,99976,100,99682,100,99985,100,99627,100,100004,100,99621,100,100005,100,99489,100,100022,100,99480,100
2019-06-28 09:42:30.000000000,99886,193,99833,193,99892,293,99820,193,99898,293,99799,193,99952,293,99753,193,99964,100,99714,100,99976,100,99682,100,99985,100,99627,100,100004,100,99621,100,100005,100,99489,100,100022,100,99480,100
2019-06-28 09:42:36.790868173,99886,193,99833,193,99892,293,99820,193,99898,293,99799,193,99952,293,99753,193,99964,100,99714,100,99976,100,99682,100,99985,100,99627,100,100004,100,99621,100,100005,100,99489,100,100022,100,99480,100
2019-06-28 09:42:40.000000000,99886,193,99833,193,99892,293,99820,193,99898,293,99799,193,99952,293,99753,193,99964,100,99714,100,99976,100,99682,100,99985,100,99627,100,100004,100,99621,100,100005,100,99489,100,100022,100,99480,100
2019-06-28 09:42:50.000000000,99886,472,99833,472,99892,200,99820,100,99898,200,99799,100,99952,200,99753,100,99964,100,99714,100,99976,100,99682,100,99985,100,99627,100,100004,100,99621,100,100005,100,99489,100,100022,100,99480,100
2019-06-28 09:42:52.240254545,99886,472,99833,472,99892,100,99820,100,99898,200,99799,100,99952,200,99753,100,99964,100,99714,100,99976,100,99682,100,99985,100,99627,100,100004,100,99621,100,100005,100,99489,100,100022,100,99480,100
2019-06-28 09:43:00.000000000,99886,286,99833,286,99892,286,99820,286,99898,200,99799,100,99952,200,99753,100,99964,100,99714,100,99976,100,99682,100,99985,100,99627,100,100004,100,99621,100,100005,100,99489,100,100022,100,99480,100
2019-06-28 09:43:10.000000000,99886,472,99833,472,99892,100,99820,100,99898,200,99799,100,99952,200,99753,100,99964,100,99714,100,99976,100,99682,100,99985,100,99627,100,100004,100,99621,100,100005,100,99489,100,100022,100,99480,100
2019-06-28 09:43:20.000000000,99886,472,99833,472,99892,100,99820,100,99898,200,99799,100,99952,200,99753,100,99964,100,99714,100,99976,100,99682,100,99985,100,99627,100,100004,100,99621,100,100005,100,99489,100,100022,100,99480,100
2019-06-28 09:43:30.000000000,99886,193,99833,193,99892,193,99820,193,99898,293,99799,193,99952,293,99753,193,99964,100,99714,100,99976,100,99682,100,99985,100,99627,100,100004,100,99621,100,100005,100,99489,100,100022,100,99480,100
2019-06-28 09:43:34.169061805,99886,193,99833,193,99892,193,99820,193,99898,293,99799,193,99952,293,99753,193,99964,100,99714,100,99976,100,99627,100,99985,100,99621,100,100004,100,99489,100,100005,100,99480,100,100022,100,99460,100
2019-06-28 09:43:40.000000000,99886,174,99833,174,99892,174,99820,174,99898,274,99799,174,99952,274,99753,174,99964,174,99714,174,99976,100,99627,100,99985,100,99621,100,100004,100,99489,100,100005,100,99480,100,100022,100,99460,100
2019-06-28 09:43:48.284227864,99886,174,99833,174,99892,174,99820,174,99898,274,99799,174,99952,274,99753,174,99964,174,99714,174,99976,100,99627,100,99985,100,99621,100,100004,100,99489,100,100005,100,99480,100,100022,100,99460,100
2019-06-28 09:43:50.000000000,99886,472,99833,472,99892,100,99820,100,99898,200,99799,100,99952,200,99753,100,99964,100,99714,100,99976,100,99627,100,99985,100,99621,100,100004,100,99489,100,100005,100,99480,100,100022,100,99460,100
2019-06-28 09:44:00.000000000,99886,286,99833,286,99892,286,99820,286,99898,200,99799,100,99952,200,99753,100,99964,100,99714,100,99976,100,99627,100,99985,100,99621,100,100004,100,99489,100,100005,100,99480,100,100022,100,99460,100
2019-06-28 09:44:08.138284261,99886,286,99833,286,99892,286,99820,286,99898,200,99799,100,99910,100,99753,100,99952,200,99714,100,99964,100,99627,100,99976,100,99621,100,99985,100,99489,100,100004,100,99480,100,100005,100,99460,100
2019-06-28 09:44:10.000000000,99886,286,99833,286,99892,286,99820,286,99898,200,99799,100,99910,100,99753,100,99952,200,99714,100,99964,100,99627,100,99976,100,99621,100,99985,100,99489,100,100004,100,99480,100,100005,100,99460,100
2019-06-28 09:44:20.000000000,99886,226,99833,226,99892,223,99820,223,99898,323,99799,223,99910,100,99753,100,99952,200,99714,100,99964,100,99627,100,99976,100,99621,100,99985,100,99489,100,100004,100,99480,100,100005,100,99460,100
2019-06-28 09:44:30.000000000,99886,226,99833,226,99892,223,99820,223,99898,323,99799,223,99910,100,99753,100,99952,200,99714,100,99964,100,99627,100,99976,100,99621,100,99985,100,99489,100,100004,100,99480,100,100005,100,99460,100
2019-06-28 09:44:36.119019193,99886,226,99833,126,99892,223,99820,223,99898,323,99799,223,99910,100,99753,100,99952,200,99714,100,99964,100,99627,100,99976,100,99621,100,99985,100,99480,100,100004,100,99460,100,100005,100,99452,100
2019-06-28 09:44:40.000000000,99886,472,99820,472,99892,100,99799,100,99898,200,99753,100,99910,100,99714,100,99952,200,99627,100,99964,100,99621,100,99976,100,99480,100,99985,100,99460,100,100004,100,99452,100,100005,100,99440,100
2019-06-28 09:44:50.000000000,99886,174,99820,174,99892,174,99799,174,99898,274,99753,174,99910,174,99714,174,99952,274,99627,174,99964,100,99621,100,99976,100,99480,100,99985,100,99460,100,100004,100,99452,100,100005,100,99440,100
2019-06-28 09:45:00.000000000,99886,286,99820,286,99892,286,99799,286,99898,200,99753,100,99910,100,99714,100,99952,200,99627,100,99964,100,99621,100,99976,100,99480,100,99985,100,99460,100,100004,100,99452,100,100005,100,99440,100
2019-06-28 09:45:10.000000000,99886,193,99820,193,99892,193,99799,193,99898,293,99753,193,99910,193,99714,193,99952,200,99627,100,99964,100,99621,100,99976,100,99480,100,99985,100,99460,100,100004,100,99452,100,100005,100,99440,100
2019-06-28 09:45:13.039085946,99886,193,99820,93,99892,193,99799,193,99898,293,99753,193,99910,193,99714,193,99952,200,99627,100,99964,100,99621,100,99976,100,99480,100,99985,100,99460,100,100004,100,99452,100,100005,100,99440,100
2019-06-28 09:45:20.000000000,99886,472,99799,472,99892,100,99753,100,99898,200,99714,100,99910,100,99627,100,99952,200,99621,100,99964,100,99480,100,99976,100,99460,100,99985,100,99452,100,100004,100,99440,100,100005,100,,
2019-06-28 09:45:21.818109011,99886,472,99799,472,99892,100,99753,100,99898,200,99714,100,99910,100,99627,100,99952,200,99621,100,99964,100,99480,100,99976,100,99452,100,99985,100,99440,100,100004,100,99163,100,100005,100,,
2019-06-28 09:45:22.888564205,99886,472,99799,372,99892,100,99753,100,99898,200,99714,100,99910,100,99627,100,99952,200,99621,100,99964,100,99452,100,99976,100,99440,100,99985,100,99163,100,100004,100,,,100005,100,,
2019-06-28 09:45:27.659832343,99886,472,99799,272,99892,100,99753,100,99898,200,99714,100,99910,100,99627,100,99952,200,99621,100,99964,100,99452,100,99976,100,99440,100,99985,100,99163,100,100004,100,,,100005,100,,
2019-06-28 09:45:30.000000000,99886,226,99753,226,99892,223,99714,223,99898,323,99627,223,99910,100,99621,100,99952,200,99452,100,99964,100,99440,100,99976,100,99163,100,99985,100,,,100004,100,,,100005,100,,
2019-06-28 09:45:38.291310788,99886,226,99753,226,99892,223,99714,223,99898,323,99627,223,99910,100,99621,100,99952,200,99440,100,99964,100,99163,100,99976,100,98841,100,99985,100,,,100004,100,,,100005,100,,
2019-06-28 09:45:40.000000000,99886,193,99753,193,99892,193,99714,193,99898,293,99627,193,99910,193,99621,193,99952,200,99440,100,99964,100,99163,100,99976,100,98841,100,99985,100,,,100004,100,,,100005,100,,
2019-06-28 09:45:43.647623397,99799,100,99753,193,99886,193,99714,193,99892,193,99627,193,99898,293,99621,193,99910,193,99440,100,99952,200,99163,100,99964,100,98841,100,99976,100,,,99985,100,,,100004,100,,
2019-06-28 09:45:48.674941601,99799,200,99753,193,99886,193,99714,193,99892,193,99627,193,99898,293,99621,193,99910,193,99440,100,99952,200,99163,100,99964,100,98841,100,99976,100,,,99985,100,,,100004,100,,
2019-06-28 09:45:50.000000000,99799,274,99753,174,99886,174,99714,174,99892,174,99627,174,99898,274,99621,174,99910,174,99440,174,99952,200,99163,100,99964,100,98841,100,99976,100,,,99985,100,,,100004,100,,
2019-06-28 09:45:55.904494164,99799,274,99753,174,99886,174,99714,174,99892,174,99627,174,99898,274,99621,174,99910,174,99440,174,99952,200,99163,100,99964,100,98841,100,99976,100,,,99985,100,,,100004,100,,
2019-06-28 09:45:59.991043744,99799,274,99753,174,99886,174,99714,174,99892,174,99627,174,99898,274,99621,174,99910,174,99440,174,99952,200,99159,100,99964,100,98841,100,99976,100,,,99985,100,,,100004,100,,
2019-06-28 09:46:00.000000000,99799,293,99753,193,99886,193,99714,193,99892,193,99627,193,99898,293,99621,193,99910,100,99440,100,99952,200,99159,100,99964,100,98841,100,99976,100,,,99985,100,,,100004,100,,
2019-06-28 09:46:10.000000000,99799,274,99753,174,99886,174,99714,174,99892,174,99627,174,99898,274,99621,174,99910,174,99440,174,99952,200,99159,100,99964,100,98841,100,99976,100,,,99985,100,,,100004,100,,
2019-06-28 09:46:20.000000000,99799,572,99753,472,99886,100,99714,100,99892,100,99627,100,99898,200,99621,100,99910,100,99440,100,99952,200,99159,100,99964,100,98841,100,99976,100,,,99985,100,,,100004,100,,
2019-06-28 09:46:22.668403397,99799,572,99753,372,99886,100,99714,100,99892,100,99627,100,99898,200,99621,100,99910,100,99440,100,99952,200,99159,100,99964,100,98841,100,99976,100,,,99985,100,,,100004,100,,
2019-06-28 09:46:30.000000000,99799,386,99714,286,99886,286,99627,286,99892,100,99621,100,99898,200,99440,100,99910,100,99159,100,99952,200,98841,100,99964,100,,,99976,100,,,99985,100,,,100004,100,,
2019-06-28 09:46:30.147706704,99798,100,99714,286,99799,286,99627,286,99886,286,99621,100,99892,100,99440,100,99898,200,99159,100,99910,100,98841,100,99952,200,,,99964,100,,,99976,100,,,99985,100,,
2019-06-28 09:46:37.287518332,99798,200,99714,286,99799,286,99627,286,99886,286,99621,100,99892,100,99440,100,99898,200,99159,100,99910,100,98841,100,99952,200,,,99964,100,,,99976,100,,,99985,100,,
2019-06-28 09:46:38.571105115,99798,200,99714,186,99799,286,99627,286,99886,286,99621,100,99892,100,99440,100,99898,200,99159,100,99910,100,98841,100,99952,200,,,99964,100,,,99976,100,,,99985,100,,
2019-06-28 09:46:40.000000000,99798,386,99627,286,99799,286,99621,286,99886,100,99440,100,99892,100,99159,100,99898,200,98841,100,99910,100,,,99952,200,,,99964,100,,,99976,100,,,99985,100,,
2019-06-28 09:46:40.297673660,99798,386,99627,286,99799,286,99621,286,99886,100,99440,100,99892,100,99159,100,99898,200,99029,100,99910,100,98841,100,99952,200,,,99964,100,,,99976,100,,,99985,100,,
2019-06-28 09:46:45.033577035,99798,386,99627,186,99799,286,99621,186,99886,100,99440,100,99892,100,99159,100,99898,200,99029,100,99910,100,98841,100,99952,200,,,99964,100,,,99976,100,,,99985,100,,
2019-06-28 09:46:50.000000000,99798,274,99440,174,99799,174,99159,174,99886,174,99029,174,99892,174,98841,174,99898,274,98840,74,99910,100,,,99952,200,,,99964,100,,,99976,100,,,99985,100,,
2019-06-28 09:47:00.000000000,99798,326,99440,226,99799,223,99159,223,99886,223,99029,223,99892,100,98841,100,99898,200,,,99910,100,,,99952,200,,,99964,100,,,99976,100,,,99985,100,,
2019-06-28 09:47:10.000000000,99798,326,99440,226,99799,223,99159,223,99886,223,99029,223,99892,100,98841,100,99898,200,,,99910,100,,,99952,200,,,99964,100,,,99976,100,,,99985,100,,
2019-06-28 09:47:13.693594505,99714,100,99440,226,99798,326,99159,223,99799,223,99029,223,99886,223,98841,100,99892,100,,,99898,200,,,99910,100,,,99952,100,,,99964,100,,,99976,100,,
2019-06-28 09:47:19.149816255,99468,100,99440,226,99714,100,99159,223,99798,326,99029,223,99799,223,98841,100,99886,223,,,99892,100,,,99898,200,,,99910,100,,,99952,100,,,99964,100,,
2019-06-28 09:47:20.000000000,99468,472,99440,472,99714,100,99159,100,99798,200,99029,100,99799,100,98841,100,99886,100,,,99892,100,,,99898,200,,,99910,100,,,99952,100,,,99964,100,,
2019-06-28 09:47:30.000000000,99468,174,99440,174,99714,174,99159,174,99798,274,99029,174,99799,174,98841,174,99886,174,98840,74,99892,100,,,99898,200,,,99910,100,,,99952,100,,,99964,100,,
2019-06-28 09:47:40.000000000,99468,174,99440,174,99714,174,99159,174,99798,274,99029,174,99799,174,98841,174,99886,174,98840,74,99892,100,,,99898,200,,,99910,100,,,99952,100,,,99964,100,,
2019-06-28 09:47:50.000000000,99468,226,99440,226,99714,223,99159,223,99798,323,99029,223,99799,100,98841,100,99886,100,,,99892,100,,,99898,200,,,99910,100,,,99952,100,,,99964,100,,
2019-06-28 09:47:58.840582587,99468,226,99440,226,99714,323,99159,223,99798,323,99029,223,99799,100,98841,100,99886,100,,,99892,100,,,99898,200,,,99910,100,,,99952,100,,,99964,100,,
2019-06-28 09:48:00.000000000,99468,174,99440,174,99714,274,99159,174,99798,274,99029,174,99799,174,98841,174,99886,174,98840,74,99892,100,,,99898,200,,,99910,100,,,99952,100,,,99964,100,,
2019-06-28 09:48:01.260830220,99468,174,99440,174,99714,374,99159,174,99798,174,99029,174,99799,174,98841,174,99886,174,98840,74,99892,100,,,99898,200,,,99910,100,,,99952,100,,,99964,100,,
2019-06-28 09:48:04.281013888,99468,174,99440,174,99714,474,99159,174,99798,174,99029,174,99799,174,98841,174,99886,174,98840,74,99892,100,,,99898,200,,,99910,100,,,99952,100,,,99964,100,,
2019-06-28 09:48:06.029309137,99468,174,99440,174,99714,474,99314,100,99798,174,99159,174,99799,174,99029,174,99886,174,98841,174,99892,100,98840,74,99898,200,,,99910,100,,,99952,100,,,99964,100,,
2019-06-28 09:48:10.000000000,99468,193,99440,193,99714,493,99314,193,99798,193,99159,193,99799,193,99029,193,99886,100,98841,100,99892,100,,,99898,200,,,99910,100,,,99952,100,,,99964,100,,
2019-06-28 09:48:20.000000000,99468,226,99440,226,99714,523,99314,223,99798,223,99159,223,99799,100,99029,100,99886,100,98841,100,99892,100,,,99898,200,,,99910,100,,,99952,100,,,99964,100,,
2019-06-28 09:48:30.000000000,99468,174,99440,174,99714,474,99314,174,99798,174,99159,174,99799,174,99029,174,99886,174,98841,174,99892,100,,,99898,200,,,99910,100,,,99952,100,,,99964,100,,
2019-06-28 09:48:32.225267651,99468,74,99440,174,99714,474,99314,174,99798,174,99159,174,99799,174,99029,174,99886,174,98841,174,99892,100,,,99898,200,,,99910,100,,,99952,100,,,99964,100,,
2019-06-28 09:48:40.000000000,99714,474,99440,174,99798,174,99314,174,99799,174,99159,174,99886,174,99029,174,99892,174,98841,174,99898,200,,,99910,100,,,99952,100,,,99964,100,,,99976,100,,
2019-06-28 09:48:46.875911158,99522,100,99440,174,99714,474,99314,174,99798,174,99159,174,99799,174,99029,174,99886,174,98841,174,99892,174,,,99898,200,,,99910,100,,,99952,100,,,99964,100,,
2019-06-28 09:48:50.000000000,99522,226,99440,226,99714,523,99314,223,99798,223,99159,223,99799,100,99029,100,99886,100,98841,100,99892,100,,,99898,200,,,99910,100,,,99952,100,,,99964,100,,
2019-06-28 09:49:00.000000000,99522,193,99440,193,99714,493,99314,193,99798,193,99159,193,99799,193,99029,193,99886,100,98841,100,99892,100,,,99898,200,,,99910,100,,,99952,100,,,99964,100,,
2019-06-28 09:49:10.000000000,99522,286,99440,286,99714,586,99314,286,99798,100,99159,100,99799,100,99029,100,99886,100,98841,100,99892,100,,,99898,200,,,99910,100,,,99952,100,,,99964,100,,
2019-06-28 09:49:13.773776520,99522,286,99440,286,99714,586,99314,286,99798,100,99159,100,99799,100,99029,100,99886,100,98841,100,99892,100,,,99898,200,,,99910,100,,,99952,100,,,99964,100,,
2019-06-28 09:49:20.000000000,99522,193,99440,193,99714,493,99314,193,99798,193,99159,193,99799,193,99029,193,99886,100,98841,100,99892,100,,,99898,200,,,99910,100,,,99952,100,,,99964,100,,
2019-06-28 09:49:25.750220992,99522,193,99440,193,99714,493,99314,193,99798,193,99159,193,99799,193,99029,193,99886,100,98841,100,99892,100,,,99898,200,,,99910,100,,,99952,100,,,99964,100,,
2019-06-28 09:49:30.000000000,99522,286,99440,286,99714,586,99314,286,99798,100,99159,100,99799,100,99029,100,99886,100,98841,100,99892,100,,,99898,200,,,99910,100,,,99952,100,,,99964,100,,
2019-06-28 09:49:36.186015895,99522,286,99440,286,99714,586,99314,286,99798,100,99159,100,99799,100,99029,100,99886,100,98841,100,99892,100,,,99898,200,,,99910,100,,,99952,100,,,99964,100,,
2019-06-28 09:49:36.356956723,99522,286,99440,286,99714,586,99314,286,99798,100,99159,100,99799,100,99029,100,99886,100,98841,100,99892,100,,,99898,200,,,99910,100,,,99952,100,,,99964,100,,
2019-06-28 09:49:40.000000000,99522,472,99440,472,99714,400,99314,100,99798,100,99159,100,99799,100,99029,100,99886,100,98841,100,99892,100,,,99898,200,,,99910,100,,,99952,100,,,99964,100,,
2019-06-28 09:49:50.000000000,99522,286,99440,286,99714,586,99314,286,99798,100,99159,100,99799,100,99029,100,99886,100,98841,100,99892,100,,,99898,200,,,99910,100,,,99952,100,,,99964,100,,
2019-06-28 09:50:00.000000000,99522,226,99440,226,99714,523,99314,223,99798,223,99159,223,99799,100,99029,100,99886,100,98841,100,99892,100,,,99898,200,,,99910,100,,,99952,100,,,99964,100,,
2019-06-28 09:50:01.415779425,99522,226,99440,226,99714,423,99314,223,99798,223,99159,223,99799,100,99029,100,99886,100,98841,100,99892,100,,,99898,200,,,99910,100,,,99952,100,,,99964,100,,
2019-06-28 09:50:10.000000000,99522,174,99440,174,99714,374,99314,174,99798,174,99159,174,99799,174,99029,174,99886,174,98841,174,99892,100,,,99898,200,,,99910,100,,,99952,100,,,99964,100,,
2019-06-28 09:50:20.000000000,99522,193,99440,193,99714,393,99314,193,99798,193,99159,193,99799,193,99029,193,99886,100,98841,100,99892,100,,,99898,200,,,99910,100,,,99952,100,,,99964,100,,
2019-06-28 09:50:22.142928589,99522,93,99440,193,99714,393,99314,193,99798,193,99159,193,99799,193,99029,193,99886,100,98841,100,99892,100,,,99898,200,,,99910,100,,,99952,100,,,99964,100,,
2019-06-28 09:50:28.099095567,99522,93,99468,100,99714,393,99440,193,99798,193,99314,193,99799,193,99159,193,99886,100,99029,193,99892,100,98841,100,99898,200,,,99910,100,,,99952,100,,,99964,100,,
2019-06-28 09:50:28.645251089,99522,93,99468,100,99714,393,99440,193,99798,193,99314,193,99799,93,99159,193,99886,100,99029,193,99892,100,98841,100,99898,200,,,99910,100,,,99952,100,,,99964,100,,
2019-06-28 09:50:30.000000000,99714,672,99468,472,99798,100,99440,100,99886,100,99314,100,99892,100,99159,100,99898,200,99029,100,99910,100,98841,100,99952,100,,,99964,100,,,99976,100,,,100004,100,,
2019-06-28 09:50:40.000000000,99714,486,99468,286,99798,286,99440,286,99886,100,99314,100,99892,100,99159,100,99898,200,99029,100,99910,100,98841,100,99952,100,,,99964,100,,,99976,100,,,100004,100,,
2019-06-28 09:50:44.579670076,99714,386,99468,286,99798,286,99440,286,99886,100,99314,100,99892,100,99159,100,99898,200,98841,100,99910,100,,,99952,100,,,99964,100,,,99976,100,,,100004,100,,
2019-06-28 09:50:50.000000000,99714,386,99468,286,99798,286,99440,286,99886,100,99314,100,99892,100,99159,100,99898,200,98841,100,99910,100,,,99952,100,,,99964,100,,,99976,100,,,100004,100,,
2019-06-28 09:51:00.000000000,99714,386,99468,286,99798,286,99440,286,99886,100,99314,100,99892,100,99159,100,99898,200,98841,100,99910,100,,,99952,100,,,99964,100,,,99976,100,,,100004,100,,
2019-06-28 09:51:03.435106580,99714,286,99468,286,99798,286,99440,286,99886,100,99314,100,99892,100,99159,100,99898,200,98841,100,99910,100,,,99952,100,,,99964,100,,,99976,100,,,100004,100,,
2019-06-28 09:51:05.227696117,99714,286,99468,286,99798,286,99440,286,99886,100,99314,100,99892,100,99159,100,99898,200,98841,100,99910,100,,,99952,100,,,99964,100,,,99976,100,,,100004,100,,
2019-06-28 09:51:07.367147846,99714,186,99468,286,99798,286,99440,286,99886,100,99314,100,99892,100,99159,100,99898,200,98841,100,99910,100,,,99952,100,,,99964,100,,,99976,100,,,100004,100,,
2019-06-28 09:51:10.000000000,99798,286,99468,286,99886,286,99440,286,99892,100,99314,100,99898,200,99159,100,99910,100,98841,100,99952,100,,,99964,100,,,99976,100,,,100004,100,,,100005,100,,
2019-06-28 09:51:14.585246376,99798,286,99468,286,99886,286,99440,286,99892,100,99314,100,99898,200,99159,100,99910,100,98841,100,99952,100,,,99964,100,,,99976,100,,,100004,100,,,100005,100,,
2019-06-28 09:51:20.000000000,99798,193,99468,193,99886,193,99440,193,99892,193,99314,193,99898,293,99159,193,99910,100,98841,100,99952,100,,,99964,100,,,99976,100,,,100004,100,,,100005,100,,
2019-06-28 09:51:22.533667128,99798,193,99468,193,99886,193,99440,193,99892,193,99314,193,99898,293,99159,193,99910,100,98841,100,99952,100,,,99964,100,,,99976,100,,,100004,100,,,100005,100,,
2019-06-28 09:51:25.770336581,99798,193,99468,193,99886,193,99440,193,99892,193,99314,193,99898,293,99159,193,99910,100,98841,100,99952,100,,,99964,100,,,99976,100,,,100004,100,,,100005,100,,
2019-06-28 09:51:30.000000000,99798,193,99468,193,99886,193,99440,193,99892,193,99314,193,99898,293,99159,193,99910,100,98841,100,99952,100,,,99964,100,,,99976,100,,,100004,100,,,100005,100,,
2019-06-28 09:51:35.285911273,99798,193,99714,100,99886,193,99468,193,99892,193,99440,193,99898,293,99314,193,99910,100,99159,193,99952,100,98841,100,99964,100,,,99976,100,,,100004,100,,,100005,100,,
2019-06-28 09:51:40.000000000,99798,193,99714,193,99886,193,99468,193,99892,193,99440,193,99898,293,99314,193,99910,100,99159,100,99952,100,98841,100,99964,100,,,99976,100,,,100004,100,,,100005,100,,
2019-06-28 09:51:42.237992600,99798,193,99714,193,99886,193,99468,193,99892,193,99440,193,99898,293,99314,193,99910,100,99159,100,99952,100,98841,100,99964,100,,,99976,100,,,100004,100,,,100005,100,,
2019-06-28 09:51:45.600747619,99798,93,99714,193,99886,193,99468,193,99892,193,99440,193,99898,293,99314,193,99910,100,99159,100,99952,100,98841,100,99964,100,,,99976,100,,,100004,100,,,100005,100,,
2019-06-28 09:51:47.594303124,99798,93,99715,100,99886,193,99714,193,99892,193,99468,193,99898,293,99440,193,99910,100,99314,193,99952,100,99159,100,99964,100,98841,100,99976,100,,,100004,100,,,100005,100,,
2019-06-28 09:51:50.000000000,99886,226,99715,226,99892,223,99714,223,99898,323,99468,223,99910,100,99440,100,99952,100,99314,100,99964,100,99159,100,99976,100,98841,100,100004,100,,,100005,100,,,100022,100,,
2019-06-28 09:52:00.000000000,99886,286,99715,286,99892,286,99714,286,99898,200,99468,100,99910,100,99440,100,99952,100,99314,100,99964,100,99159,100,99976,100,98841,100,100004,100,,,100005,100,,,100022,100,,
2019-06-28 09:52:10.000000000,99886,174,99715,174,99892,174,99714,174,99898,274,99468,174,99910,174,99440,174,99952,174,99314,174,99964,100,99159,100,99976,100,98841,100,100004,100,,,100005,100,,,100022,100,,
2019-06-28 09:52:12.178367310,99886,174,99715,174,99892,174,99714,174,99898,274,99468,174,99910,174,99440,174,99952,174,99314,174,99964,100,99159,100,99976,100,98841,100,100004,100,,,100022,100,,,100041,100,,
2019-06-28 09:52:20.000000000,99886,472,99715,472,99892,100,99714,100,99898,200,99468,100,99910,100,99440,100,99952,100,99314,100,99964,100,99159,100,99976,100,98841,100,100004,100,,,100022,100,,,100041,100,,
2019-06-28 09:52:30.000000000,99886,174,99715,174,99892,174,99714,174,99898,274,99468,174,99910,174,99440,174,99952,174,99314,174,99964,100,99159,100,99976,100,98841,100,100004,100,,,100022,100,,,100041,100,,
2019-06-28 09:52:40.000000000,99886,286,99715,286,99892,286,99714,286,99898,200,99468,100,99910,100,99440,100,99952,100,99314,100,99964,100,99159,100,99976,100,98841,100,100004,100,,,100022,100,,,100041,100,,
2019-06-28 09:52:48.919492925,99886,186,99715,286,99892,286,99714,286,99898,200,99468,100,99910,100,99440,100,99952,100,99314,100,99964,100,99159,100,99976,100,98841,100,100004,100,,,100022,100,,,100041,100,,
2019-06-28 09:52:50.000000000,99892,286,99715,286,99898,386,99714,286,99910,100,99468,100,99952,100,99440,100,99964,100,99314,100,99976,100,99159,100,100004,100,98841,100,100022,100,,,100041,100,,,100060,100,,
2019-06-28 09:53:00.000000000,99892,174,99715,174,99898,274,99714,174,99910,174,99468,174,99952,174,99440,174,99964,174,99314,174,99976,100,99159,100,100004,100,98841,100,100022,100,,,100041,100,,,100060,100,,
2019-06-28 09:53:10.000000000,99892,226,99715,226,99898,323,99714,223,99910,223,99468,223,99952,100,99440,100,99964,100,99314,100,99976,100,99159,100,100004,100,98841,100,100022,100,,,100041,100,,,100060,100,,
2019-06-28 09:53:20.000000000,99892,472,99715,472,99898,200,99714,100,99910,100,99468,100,99952,100,99440,100,99964,100,99314,100,99976,100,99159,100,100004,100,98841,100,100022,100,,,100041,100,,,100060,100,,
2019-06-28 09:53:30.000000000,99892,226,99715,226,99898,323,99714,223,99910,223,99468,223,99952,100,99440,100,99964,100,99314,100,99976,100,99159,100,100004,100,98841,100,100022,100,,,100041,100,,,100060,100,,
2019-06-28 09:53:40.000000000,99892,193,99715,193,99898,293,99714,193,99910,193,99468,193,99952,193,99440,193,99964,100,99314,100,99976,100,99159,100,100004,100,98841,100,100022,100,,,100041,100,,,100060,100,,
2019-06-28 09:53:50.000000000,99892,174,99715,174,99898,274,99714,174,99910,174,99468,174,99952,174,99440,174,99964,174,99314,174,99976,100,99159,100,100004,100,98841,100,100022,100,,,100041,100,,,100060,100,,
2019-06-28 09:53:57.310568742,99892,174,99715,174,99898,274,99714,174,99910,174,99468,174,99952,174,99440,174,99964,174,99314,174,99976,100,99159,100,100004,100,98841,100,100022,100,,,100041,100,,,100060,100,,
2019-06-28 09:54:00.000000000,99892,226,99715,226,99898,323,99714,223,99910,223,99468,223,99952,100,99440,100,99964,100,99314,100,99976,100,99159,100,100004,100,98841,100,100022,100,,,100041,100,,,100060,100,,
2019-06-28 09:54:10.000000000,99892,286,99715,286,99898,386,99714,286,99910,100,99468,100,99952,100,99440,100,99964,100,99314,100,99976,100,99159,100,100004,100,98841,100,100022,100,,,100041,100,,,100060,100,,
2019-06-28 09:54:12.138891397,99892,286,99798,100,99898,386,99715,286,99910,100,99714,286,99952,100,99468,100,99964,100,99440,100,99976,100,99314,100,100004,100,99159,100,100022,100,98841,100,100041,100,,,100060,100,,
2019-06-28 09:54:18.205391108,99892,186,99798,100,99898,386,99715,286,99910,100,99714,286,99952,100,99468,100,99964,100,99314,100,99976,100,99159,100,100004,100,98841,100,100022,100,,,100041,100,,,100060,100,,
2019-06-28 09:54:20.000000000,99898,572,99798,472,99910,100,99715,100,99952,100,99714,100,99964,100,99468,100,99976,100,99314,100,100004,100,99159,100,100022,100,98841,100,100041,100,,,100060,100,,,100100,100,,
2019-06-28 09:54:20.093312305,99898,572,99798,472,99910,100,99715,100,99952,100,99714,100,99964,100,99468,100,99976,100,99314,100,100004,100,99159,100,100022,100,98841,100,100041,100,,,100060,100,,,100100,100,,
2019-06-28 09:54:22.228405212,99898,572,99798,472,99910,100,99715,100,99952,100,99714,100,99964,100,99468,100,99976,100,99314,100,100004,100,99159,100,100022,100,98841,100,100041,100,,,100060,100,,,100100,100,,
2019-06-28 09:54:27.698592177,99898,472,99886,100,99910,100,99798,472,99952,100,99715,100,99964,100,99714,100,99976,100,99468,100,100004,100,99314,100,100022,100,99159,100,100041,100,98841,100,100060,100,,,100100,100,,
2019-06-28 09:54:30.000000000,99898,226,99886,226,99910,223,99798,223,99952,223,99715,223,99964,100,99714,100,99976,100,99468,100,100004,100,99314,100,100022,100,99159,100,100041,100,98841,100,100060,100,,,100100,100,,
2019-06-28 09:54:30.994209863,99898,226,99886,226,99910,223,99798,223,99952,223,99715,223,99964,100,99714,100,99976,100,99468,100,100004,100,99314,100,100022,100,99159,100,100041,100,98841,100,100060,100,,,100100,100,,
2019-06-28 09:54:40.000000000,99898,226,99886,226,99910,223,99798,223,99952,223,99715,223,99964,100,99714,100,99976,100,99468,100,100004,100,99314,100,100022,100,99159,100,100041,100,98841,100,100060,100,,,100100,100,,
2019-06-28 09:54:49.839944408,99898,126,99886,226,99910,223,99798,223,99952,223,99715,223,99964,100,99714,100,99976,100,99468,100,100004,100,99314,100,100022,100,99159,100,100041,100,98841,100,100060,100,,,100100,100,,
2019-06-28 09:54:50.000000000,99910,286,99886,286,99952,286,99798,286,99964,100,99715,100,99976,100,99714,100,100004,100,99468,100,100022,100,99314,100,100041,100,99159,100,100060,100,98841,100,100100,100,,,100117,100,,
2019-06-28 09:54:51.130813458,99910,286,99892,100,99952,286,99886,286,99964,100,99798,286,99976,100,99715,100,100004,100,99714,100,100022,100,99468,100,100041,100,99314,100,100060,100,99159,100,100100,100,98841,100,100117,100,,
2019-06-28 09:54:53.112907237,99910,286,99892,100,99952,286,99886,286,99964,100,99798,286,100004,100,99715,100,100022,100,99714,100,100041,100,99468,100,100060,100,99314,100,100100,100,99159,100,100117,100,98841,100,100147,100,,
2019-06-28 09:54:59.432749013,99910,286,99892,100,99952,286,99886,286,99964,100,99798,286,100004,100,99715,100,100022,100,99714,100,100041,100,99468,100,100060,100,99314,100,100100,100,99159,100,100117,100,98841,100,100147,100,,
2019-06-28 09:54:59.899498218,99910,286,99892,200,99952,286,99886,286,99964,100,99798,286,100004,100,99715,100,100022,100,99714,100,100041,100,99468,100,100060,100,99314,100,100100,100,99159,100,100117,100,98841,100,100147,100,,
2019-06-28 09:55:00.000000000,99910,226,99892,326,99952,223,99886,223,99964,223,99798,223,100004,100,99715,100,100022,100,99714,100,100041,100,99468,100,100060,100,99314,100,100100,100,99159,100,100117,100,98841,100,100147,100,,
2019-06-28 09:55:10.000000000,99910,193,99892,293,99952,193,99886,193,99964,193,99798,193,100004,193,99715,193,100022,100,99714,100,100041,100,99468,100,100060,100,99314,100,100100,100,99159,100,100117,100,98841,100,100147,100,,
2019-06-28 09:55:13.063080127,99910,193,99892,293,99952,193,99886,193,99964,193,99798,193,100004,193,99715,193,100022,100,99714,100,100041,100,99468,100,100060,100,99314,100,100100,100,99159,100,100117,100,98841,100,100147,100,,
2019-06-28 09:55:13.417998486,99910,193,99892,293,99952,193,99886,193,99964,193,99798,193,100004,193,99715,93,100022,100,99714,100,100041,100,99468,100,100060,100,99314,100,100100,100,99159,100,100117,100,98841,100,100147,100,,
2019-06-28 09:55:20.000000000,99910,472,99892,572,99952,100,99886,100,99964,100,99798,100,100004,100,99714,100,100022,100,99468,100,100041,100,99314,100,100060,100,99159,100,100100,100,98841,100,100117,100,,,100147,100,,
2019-06-28 09:55:20.719778115,99910,372,99892,572,99952,100,99886,100,99964,100,99798,100,100004,100,99714,100,100022,100,99468,100,100041,100,99314,100,100060,100,99159,100,100100,100,98841,100,100117,100,,,100147,100,,
2019-06-28 09:55:27.023688393,99910,372,99892,572,99952,100,99886,100,99964,100,99798,100,100004,100,99714,100,100022,100,99468,100,100041,100,99314,100,100060,100,99159,100,100100,100,98841,100,100117,100,,,100147,100,,
2019-06-28 09:55:30.000000000,99952,226,99892,326,99964,223,99886,223,100004,223,99798,223,100022,100,99714,100,100041,100,99468,100,100060,100,99314,100,100100,100,99159,100,100117,100,98841,100,100147,100,,,100151,100,,
2019-06-28 09:55:40.000000000,99952,193,99892,293,99964,193,99886,193,100004,193,99798,193,100022,193,99714,193,100041,100,99468,100,100060,100,99314,100,100100,100,99159,100,100117,100,98841,100,100147,100,,,100151,100,,
2019-06-28 09:55:42.567990080,99952,93,99892,293,99964,193,99886,193,100004,193,99798,193,100022,193,99714,193,100041,100,99468,100,100060,100,99314,100,100100,100,99159,100,100117,100,98841,100,100147,100,,,100151,100,,
2019-06-28 09:55:43.996412046,99952,93,99892,293,99964,193,99886,193,100004,193,99798,193,100022,193,99714,193,100060,100,99468,100,100100,100,99314,100,100117,100,99159,100,100147,100,98841,100,100151,100,,,100152,100,,
2019-06-28 09:55:49.504723202,99964,193,99952,7,100004,193,99892,293,100022,193,99886,193,100060,100,99798,193,100100,100,99714,193,100117,100,99468,100,100147,100,99314,100,100151,100,99159,100,100152,100,98841,100,100154,100,,
2019-06-28 09:55:50.000000000,99964,286,99952,193,100004,286,99892,386,100022,100,99886,100,100060,100,99798,100,100100,100,99714,100,100117,100,99468,100,100147,100,99314,100,100151,100,99159,100,100152,100,98841,100,100154,100,,
2019-06-28 09:56:00.000000000,99964,193,99952,100,100004,193,99892,293,100022,193,99886,193,100060,193,99798,193,100100,100,99714,100,100117,100,99468,100,100147,100,99314,100,100151,100,99159,100,100152,100,98841,100,100154,100,,
2019-06-28 09:56:03.478827366,99964,193,99952,100,100004,193,99892,293,100022,93,99886,193,100060,193,99798,193,100100,100,99714,100,100117,100,99468,100,100147,100,99314,100,100151,100,99159,100,100152,100,98841,100,100154,100,,
2019-06-28 09:56:08.399587502,99964,193,99952,100,100004,193,99892,193,100022,93,99886,193,100060,193,99798,193,100100,100,99714,100,100117,100,99468,100,100147,100,99314,100,100151,100,99159,100,100152,100,98841,100,100154,100,,
2019-06-28 09:56:10.000000000,99964,226,99952,133,100004,223,99892,223,100060,223,99886,223,100100,100,99798,100,100117,100,99714,100,100147,100,99468,100,100151,100,99314,100,100152,100,99159,100,100154,100,98841,100,100169,100,,
2019-06-28 09:56:14.494643690,99964,126,99952,133,100004,223,99892,223,100060,223,99886,223,100100,100,99798,100,100117,100,99714,100,100147,100,99468,100,100151,100,99314,100,100152,100,99159,100,100154,100,98841,100,100169,100,,
2019-06-28 09:56:20.000000000,100004,286,99952,193,100060,286,99892,286,100100,100,99886,100,100117,100,99798,100,100147,100,99714,100,100151,100,99468,100,100152,100,99314,100,100154,100,99159,100,100169,100,98841,100,100218,100,,
2019-06-28 09:56:20.990625393,100004,286,99953,100,100060,286,99952,193,100100,100,99892,286,100117,100,99886,100,100147,100,99798,100,100151,100,99714,100,100152,100,99468,100,100154,100,99314,100,100169,100,99159,100,100218,100,98841,100
2019-06-28 09:56:21.286530122,100004,286,99953,100,100060,286,99952,193,100100,100,99892,286,100117,100,99886,100,100147,100,99798,100,100151,100,99714,100,100152,100,99468,100,100154,100,99314,100,100169,100,99159,100,100218,100,98841,100
2019-06-28 09:56:21.307368884,100004,286,99953,100,100060,286,99952,193,100100,100,99892,286,100117,100,99886,100,100147,100,99798,100,100151,100,99714,100,100152,100,99468,100,100169,100,99314,100,100218,100,99159,100,100418,100,98841,100
2019-06-28 09:56:30.000000000,100004,226,99953,226,100060,223,99952,130,100100,223,99892,223,100117,100,99886,100,100147,100,99798,100,100151,100,99714,100,100152,100,99468,100,100169,100,99314,100,100218,100,99159,100,100418,100,98841,100
2019-06-28 09:56:40.000000000,100004,286,99953,286,100060,286,99952,193,100100,100,99892,100,100117,100,99886,100,100147,100,99798,100,100151,100,99714,100,100152,100,99468,100,100169,100,99314,100,100218,100,99159,100,100418,100,98841,100
2019-06-28 09:56:48.382707486,100004,186,99953,286,100060,286,99952,193,100100,100,99892,100,100117,100,99886,100,100147,100,99798,100,100151,100,99714,100,100152,100,99468,100,100169,100,99314,100,100218,100,99159,100,100418,100,98841,100
2019-06-28 09:56:50.000000000,100060,193,99953,193,100100,193,99952,100,100117,193,99892,193,100147,193,99886,193,100151,100,99798,100,100152,100,99714,100,100169,100,99468,100,100218,100,99314,100,100418,100,99159,100,100636,100,98841,100
2019-06-28 09:57:00.000000000,100060,174,99953,174,100100,174,99952,81,100117,174,99892,174,100147,174,99886,174,100151,174,99798,174,100152,100,99714,100,100169,100,99468,100,100218,100,99314,100,100418,100,99159,100,100636,100,98841,100
2019-06-28 09:57:10.000000000,100060,174,99953,174,100100,174,99952,81,100117,174,99892,174,100147,174,99886,174,100151,174,99798,174,100152,100,99714,100,100169,100,99468,100,100218,100,99314,100,100418,100,99159,100,100636,100,98841,100
2019-06-28 09:57:20.000000000,100060,174,99953,174,100100,174,99952,81,100117,174,99892,174,100147,174,99886,174,100151,174,99798,174,100152,100,99714,100,100169,100,99468,100,100218,100,99314,100,100418,100,99159,100,100636,100,98841,100
2019-06-28 09:57:30.000000000,100060,286,99953,286,100100,286,99952,193,100117,100,99892,100,100147,100,99886,100,100151,100,99798,100,100152,100,99714,100,100169,100,99468,100,100218,100,99314,100,100418,100,99159,100,100636,100,98841,100
2019-06-28 09:57:40.000000000,100060,286,99953,286,100100,286,99952,193,100117,100,99892,100,100147,100,99886,100,100151,100,99798,100,100152,100,99714,100,100169,100,99468,100,100218,100,99314,100,100418,100,99159,100,100636,100,98841,100
2019-06-28 09:57:48.301662732,100060,186,99953,286,100100,286,99952,193,100117,100,99892,100,100147,100,99886,100,100151,100,99798,100,100152,100,99714,100,100169,100,99468,100,100218,100,99314,100,100418,100,99159,100,100636,100,98841,100
2019-06-28 09:57:50.000000000,100100,226,99953,226,100117,223,99952,130,100147,223,99892,223,100151,100,99886,100,100152,100,99798,100,100169,100,99714,100,100218,100,99468,100,100418,100,99314,100,100636,100,99159,100,100708,100,98841,100
2019-06-28 09:58:00.000000000,100100,174,99953,174,100117,174,99952,81,100147,174,99892,174,100151,174,99886,174,100152,174,99798,174,100169,100,99714,100,100218,100,99468,100,100418,100,99314,100,100636,100,99159,100,100708,100,98841,100
2019-06-28 09:58:10.000000000,100100,472,99953,472,100117,100,99952,7,100147,100,99892,100,100151,100,99886,100,100152,100,99798,100,100169,100,99714,100,100218,100,99468,100,100418,100,99314,100,100636,100,99159,100,100708,100,98841,100
2019-06-28 09:58:20.000000000,100100,472,99953,472,100117,100,99952,7,100147,100,99892,100,100151,100,99886,100,100152,100,99798,100,100169,100,99714,100,100218,100,99468,100,100418,100,99314,100,100636,100,99159,100,100708,100,98841,100
2019-06-28 09:58:22.325406977,100100,372,99953,472,100117,100,99952,7,100147,100,99892,100,100151,100,99886,100,100152,100,99798,100,100169,100,99714,100,100218,100,99468,100,100418,100,99314,100,100636,100,99159,100,100708,100,98841,100
2019-06-28 09:58:30.000000000,100117,472,99953,472,100147,100,99952,7,100151,100,99892,100,100152,100,99886,100,100169,100,99798,100,100218,100,99714,100,100418,100,99468,100,100636,100,99314,100,100708,100,99159,100,100734,100,98841,100
2019-06-28 09:58:30.804844026,100117,372,99953,472,100147,100,99952,7,100151,100,99892,100,100152,100,99886,100,100218,100,99798,100,100418,100,99714,100,100636,100,99468,100,100708,100,99314,100,100734,100,99159,100,100752,100,98841,100
2019-06-28 09:58:38.247045959,100117,272,99953,472,100147,100,99952,7,100151,100,99892,100,100152,100,99886,100,100218,100,99798,100,100418,100,99714,100,100636,100,99468,100,100708,100,99314,100,100734,100,99159,100,100752,100,98841,100
2019-06-28 09:58:40.000000000,100147,226,99953,226,100151,223,99952,130,100152,223,99892,223,100218,100,99886,100,100418,100,99798,100,100636,100,99714,100,100708,100,99468,100,100734,100,99314,100,100752,100,99159,100,100806,100,98841,100
2019-06-28 09:58:43.003286914,100147,226,99953,226,100151,223,99952,130,100152,223,99892,223,100218,100,99886,100,100418,100,99798,100,100636,100,99714,100,100708,100,99468,100,100734,100,99314,100,100752,100,99159,100,100839,100,98841,100
2019-06-28 09:58:50.000000000,100147,193,99953,193,100151,193,99952,100,100152,193,99892,193,100218,193,99886,193,100418,100,99798,100,100636,100,99714,100,100708,100,99468,100,100734,100,99314,100,100752,100,99159,100,100839,100,98841,100
2019-06-28 09:59:00.000000000,100147,286,99953,286,100151,286,99952,193,100152,100,99892,100,100218,100,99886,100,100418,100,99798,100,100636,100,99714,100,100708,100,99468,100,100734,100,99314,100,100752,100,99159,100,100839,100,98841,100
2019-06-28 09:59:10.000000000,100147,226,99953,226,100151,223,99952,130,100152,223,99892,223,100218,100,99886,100,100418,100,99798,100,100636,100,99714,100,100708,100,99468,100,100734,100,99314,100,100752,100,99159,100,100839,100,98841,100
2019-06-28 09:59:19.280683056,100147,126,99953,226,100151,223,99952,130,100152,123,99892,223,100218,100,99886,100,100418,100,99798,100,100636,100,99714,100,100708,100,99468,100,100734,100,99314,100,100752,100,99159,100,100839,100,98841,100
2019-06-28 09:59:20.000000000,100151,226,99953,226,100218,223,99952,130,100418,223,99892,223,100636,100,99886,100,100708,100,99798,100,100734,100,99714,100,100752,100,99468,100,100839,100,99314,100,100844,100,99159,100,100846,100,98841,100
2019-06-28 09:59:25.513082957,100151,226,99953,226,100218,223,99952,130,100418,223,99892,223,100636,100,99886,100,100708,100,99798,100,100734,100,99714,100,100752,100,99468,100,100839,100,99314,100,100844,100,99159,100,100846,100,98841,100
2019-06-28 09:59:30.000000000,100151,174,99953,174,100218,174,99952,81,100418,174,99892,174,100636,174,99886,174,100708,174,99798,174,100734,100,99714,100,100752,100,99468,100,100839,100,99314,100,100844,100,99159,100,100846,100,98841,100
2019-06-28 09:59:40.000000000,100151,286,99953,286,100218,286,99952,193,100418,100,99892,100,100636,100,99886,100,100708,100,99798,100,100734,100,99714,100,100752,100,99468,100,100839,100,99314,100,100844,100,99159,100,100846,100,98841,100
2019-06-28 09:59:40.252383143,100151,286,99953,286,100218,286,99952,193,100354,100,99892,100,100418,100,99886,100,100636,100,99798,100,100708,100,99714,100,100734,100,99468,100,100752,100,99314,100,100839,100,99159,100,100844,100,98841,100
2019-06-28 09:59:50.000000000,100151,472,99953,472,100218,100,99952,7,100354,100,99892,100,100418,100,99886,100,100636,100,99798,100,100708,100,99714,100,100734,100,99468,100,100752,100,99314,100,100839,100,99159,100,100844,100,98841,100
2019-06-28 10:00:00.000000000,100151,174,99953,174,100218,174,99952,81,100354,174,99892,174,100418,174,99886,174,100636,174,99798,174,100708,100,99714,100,100734,100,99468,100,100752,100,99314,100,100839,100,99159,100,100844,100,98841,100
2019-06-28 10:00:00.212213871,100151,174,100117,100,100218,174,99953,174,100354,174,99952,81,100418,174,99892,174,100636,174,99886,174,100708,100,99798,174,100734,100,99714,100,100752,100,99468,100,100839,100,99314,100,100844,100,99159,100
2019-06-28 10:00:05.501250874,100151,174,100117,200,100218,174,99953,174,100354,174,99952,81,100418,174,99892,174,100636,174,99886,174,100708,100,99798,174,100734,100,99714,100,100752,100,99468,100,100839,100,99314,100,100844,100,99159,100
2019-06-28 10:00:06.980520878,100151,174,100117,300,100218,174,99953,174,100354,174,99952,81,100418,174,99892,174,100636,174,99886,174,100708,100,99798,174,100734,100,99714,100,100752,100,99468,100,100839,100,99314,100,100844,100,99159,100
2019-06-28 10:00:10.000000000,100151,286,100117,486,100218,286,99953,286,100354,100,99952,7,100418,100,99892,100,100636,100,99886,100,100708,100,99798,100,100734,100,99714,100,100752,100,99468,100,100839,100,99314,100,100844,100,99159,100
2019-06-28 10:00:17.818891428,100151,186,100117,486,100218,286,99953,286,100354,100,99952,7,100418,100,99892,100,100636,100,99886,100,100708,100,99798,100,100734,100,99714,100,100752,100,99468,100,100839,100,99314,100,100844,100,99159,100
2019-06-28 10:00:20.000000000,100218,193,100117,393,100354,193,99953,193,100418,193,99952,100,100636,193,99892,193,100708,100,99886,100,100734,100,99798,100,100752,100,99714,100,100839,100,99468,100,100844,100,99314,100,100846,100,99159,100
2019-06-28 10:00:30.000000000,100218,174,100117,374,100354,174,99953,174,100418,174,99952,81,100636,174,99892,174,100708,174,99886,174,100734,100,99798,100,100752,100,99714,100,100839,100,99468,100,100844,100,99314,100,100846,100,99159,100
2019-06-28 10:00:38.552458695,100218,74,100117,374,100354,174,99953,174,100418,174,99952,81,100636,174,99892,174,100708,174,99886,174,100734,100,99798,100,100752,100,99714,100,100839,100,99468,100,100844,100,99314,100,100846,100,99159,100
2019-06-28 10:00:40.000000000,100354,174,100117,374,100418,174,99953,174,100636,174,99952,81,100708,174,99892,174,100734,174,99886,174,100752,100,99798,100,100839,100,99714,100,100844,100,99468,100,100846,100,99314,100,100849,100,99159,100
2019-06-28 10:00:42.857813228,100354,174,100117,374,100418,174,99953,174,100510,100,99952,81,100636,174,99892,174,100708,174,99886,174,100734,174,99798,100,100752,100,99714,100,100839,100,99468,100,100844,100,99314,100,100846,100,99159,100
2019-06-28 10:00:50.000000000,100354,174,100117,374,100418,174,99953,174,100510,174,99952,81,100636,174,99892,174,100708,174,99886,174,100734,100,99798,100,100752,100,99714,100,100839,100,99468,100,100844,100,99314,100,100846,100,99159,100
2019-06-28 10:00:52.690702214,100354,174,100117,374,100418,174,99953,174,100426,100,99952,81,100510,174,99892,174,100636,174,99886,174,100708,174,99798,100,100734,100,99714,100,100752,100,99468,100,100839,100,99314,100,100844,100,99159,100
2019-06-28 10:01:00.000000000,100354,174,100117,374,100418,174,99953,174,100426,174,99952,81,100510,174,99892,174,100636,174,99886,174,100708,100,99798,100,100734,100,99714,100,100752,100,99468,100,100839,100,99314,100,100844,100,99159,100
2019-06-28 10:01:04.658484909,100354,174,100261,100,100418,174,100117,374,100426,174,99953,174,100510,174,99952,81,100636,174,99892,174,100708,100,99886,174,100734,100,99798,100,100752,100,99714,100,100839,100,99468,100,100844,100,99314,100
2019-06-28 10:01:06.572286581,100354,174,100261,100,100418,174,100117,274,100426,174,99953,174,100510,174,99952,81,100636,174,99892,174,100708,100,99886,174,100734,100,99798,100,100752,100,99714,100,100839,100,99468,100,100844,100,99314,100
2019-06-28 10:01:09.253616035,100298,100,100261,100,100354,174,100117,274,100418,174,99953,174,100426,174,99952,81,100510,174,99892,174,100636,174,99886,174,100708,100,99798,100,100752,100,99714,100,100839,100,99468,100,100844,100,99314,100
2019-06-28 10:01:10.000000000,100298,193,100261,193,100354,193,100117,293,100418,193,99953,193,100426,193,99952,100,100510,100,99892,100,100636,100,99886,100,100708,100,99798,100,100752,100,99714,100,100839,100,99468,100,100844,100,99314,100
2019-06-28 10:01:20.000000000,100298,193,100261,193,100354,193,100117,293,100418,193,99953,193,100426,193,99952,100,100510,100,99892,100,100636,100,99886,100,100708,100,99798,100,100752,100,99714,100,100839,100,99468,100,100844,100,99314,100
2019-06-28 10:01:30.000000000,100298,286,100261,286,100354,286,100117,386,100418,100,99953,100,100426,100,99952,7,100510,100,99892,100,100636,100,99886,100,100708,100,99798,100,100752,100,99714,100,100839,100,99468,100,100844,100,99314,100
2019-06-28 10:01:38.547574175,100298,286,100261,286,100354,286,100117,386,100418,100,99953,100,100426,100,99952,7,100510,100,99892,100,100636,100,99886,100,100653,100,99798,100,100708,100,99714,100,100752,100,99468,100,100839,100,99314,100
2019-06-28 10:01:40.000000000,100298,472,100261,472,100354,100,100117,200,100418,100,99953,100,100426,100,99952,7,100510,100,99892,100,100636,100,99886,100,100653,100,99798,100,100708,100,99714,100,100752,100,99468,100,100839,100,99314,100
2019-06-28 10:01:47.309954843,100298,372,100261,472,100354,100,100117,200,100418,100,99953,100,100426,100,99952,7,100510,100,99892,100,100636,100,99886,100,100653,100,99798,100,100708,100,99714,100,100752,100,99468,100,100839,100,99314,100
2019-06-28 10:01:50.000000000,100354,193,100261,193,100418,193,100117,293,100426,193,99953,193,100510,193,99952,100,100636,100,99892,100,100653,100,99886,100,100708,100,99798,100,100752,100,99714,100,100839,100,99468,100,100844,100,99314,100
2019-06-28 10:01:56.905499539,100354,93,100261,193,100418,193,100117,293,100426,193,99953,193,100510,193,99952,100,100636,100,99892,100,100653,100,99886,100,100708,100,99798,100,100752,100,99714,100,100839,100,99468,100,100846,100,99314,100
2019-06-28 10:01:58.272598697,100354,93,100261,193,100418,193,100117,193,100426,193,99953,193,100510,193,99952,100,100636,100,99892,100,100653,100,99886,100,100708,100,99798,100,100752,100,99714,100,100839,100,99468,100,100846,100,99314,100
2019-06-28 10:02:00.000000000,100418,286,100261,286,100426,286,100117,286,100510,100,99953,100,100636,100,99952,7,100653,100,99892,100,100708,100,99886,100,100752,100,99798,100,100839,100,99714,100,100846,100,99468,100,100849,100,99314,100
2019-06-28 10:02:01.030922120,100418,286,100261,286,100426,286,100117,286,100510,100,99953,100,100636,100,99952,7,100653,100,99886,100,100708,100,99798,100,100752,100,99714,100,100839,100,99468,100,100846,100,99314,100,100849,100,99159,100
2019-06-28 10:02:03.928595138,100418,286,100261,286,100426,286,100187,100,100510,100,100117,286,100636,100,99953,100,100653,100,99952,7,100708,100,99886,100,100752,100,99798,100,100839,100,99714,100,100849,100,99468,100,100986,100,99314,100
2019-06-28 10:02:10.000000000,100418,472,100261,472,100426,100,100187,100,100510,100,100117,100,100636,100,99953,100,100653,100,99952,7,100708,100,99886,100,100752,100,99798,100,100839,100,99714,100,100849,100,99468,100,100986,100,99314,100
2019-06-28 10:02:20.000000000,100418,472,100261,472,100426,100,100187,100,100510,100,100117,100,100636,100,99953,100,100653,100,99952,7,100708,100,99886,100,100752,100,99798,100,100839,100,99714,100,100849,100,99468,100,100986,100,99314,100
2019-06-28 10:02:30.000000000,100418,193,100261,193,100426,193,100187,193,100510,193,100117,193,100636,193,99953,193,100653,100,99952,7,100708,100,99886,100,100752,100,99798,100,100839,100,99714,100,100849,100,99468,100,100986,100,99314,100
2019-06-28 10:02:36.918140195,100418,193,100261,193,100426,193,100187,193,100510,193,100117,193,100636,193,100063,100,100653,100,99953,193,100752,100,99952,7,100839,100,99886,100,100849,100,99798,100,100986,100,99714,100,101024,100,99468,100
2019-06-28 10:02:40.000000000,100418,472,100261,472,100426,100,100187,100,100510,100,100117,100,100636,100,100063,100,100653,100,99953,100,100752,100,99952,7,100839,100,99886,100,100849,100,99798,100,100986,100,99714,100,101024,100,99468,100
2019-06-28 10:02:50.000000000,100418,286,100261,286,100426,286,100187,286,100510,100,100117,100,100636,100,100063,100,100653,100,99953,100,100752,100,99952,7,100839,100,99886,100,100849,100,99798,100,100986,100,99714,100,101024,100,99468,100
2019-06-28 10:03:00.000000000,100418,472,100261,472,100426,100,100187,100,100510,100,100117,100,100636,100,100063,100,100653,100,99953,100,100752,100,99952,7,100839,100,99886,100,100849,100,99798,100,100986,100,99714,100,101024,100,99468,100
2019-06-28 10:03:08.561042412,100353,100,100261,472,100418,472,100187,100,100426,100,100117,100,100510,100,100063,100,100636,100,99953,100,100653,100,99952,7,100752,100,99886,100,100839,100,99798,100,100849,100,99714,100,100986,100,99468,100
2019-06-28 10:03:10.000000000,100353,174,100261,174,100418,174,100187,174,100426,174,100117,174,100510,174,100063,174,100636,174,99953,174,100653,100,99952,7,100752,100,99886,100,100839,100,99798,100,100849,100,99714,100,100986,100,99468,100
2019-06-28 10:03:20.000000000,100353,193,100261,193,100418,193,100187,193,100426,193,100117,193,100510,193,100063,193,100636,100,99953,100,100653,100,99952,7,100752,100,99886,100,100839,100,99798,100,100849,100,99714,100,100986,100,99468,100
2019-06-28 10:03:28.840450732,100353,193,100261,193,100418,193,100187,193,100426,193,100155,100,100510,193,100117,193,100636,100,100063,193,100752,100,99953,100,100839,100,99952,7,100849,100,99886,100,100986,100,99798,100,101024,100,99714,100
2019-06-28 10:03:30.000000000,100353,193,100261,193,100418,193,100187,193,100426,193,100155,193,100510,193,100117,193,100636,100,100063,100,100752,100,99953,100,100839,100,99952,7,100849,100,99886,100,100986,100,99798,100,101024,100,99714,100
2019-06-28 10:03:40.000000000,100353,472,100261,472,100418,100,100187,100,100426,100,100155,100,100510,100,100117,100,100636,100,100063,100,100752,100,99953,100,100839,100,99952,7,100849,100,99886,100,100986,100,99798,100,101024,100,99714,100
2019-06-28 10:03:43.714626124,100353,472,100261,472,100418,100,100187,100,100426,100,100155,100,100510,100,100117,100,100605,100,100063,100,100636,100,99953,100,100752,100,99952,7,100839,100,99886,100,100849,100,99798,100,100986,100,99714,100
2019-06-28 10:03:47.851357126,100353,472,100298,100,100418,100,100261,472,100426,100,100187,100,100510,100,100155,100,100605,100,100117,100,100636,100,100063,100,100752,100,99952,7,100839,100,99886,100,100849,100,99798,100,100986,100,99714,100
2019-06-28 10:03:50.000000000,100353,193,100298,193,100418,193,100261,193,100426,193,100187,193,100510,193,100155,193,100605,100,100117,100,100636,100,100063,100,100752,100,99952,7,100839,100,99886,100,100849,100,99798,100,100986,100,99714,100
2019-06-28 10:03:54.629576444,100353,193,100298,293,100418,193,100261,193,100426,193,100187,193,100510,193,100155,193,100605,100,100117,100,100636,100,100063,100,100752,100,99952,7,100839,100,99886,100,100849,100,99798,100,100986,100,99714,100
2019-06-28 10:04:00.000000000,100353,193,100298,293,100418,193,100261,193,100426,193,100187,193,100510,193,100155,193,100605,100,100117,100,100636,100,100063,100,100752,100,99952,7,100839,100,99886,100,100849,100,99798,100,100986,100,99714,100
2019-06-28 10:04:10.000000000,100353,226,100298,326,100418,223,100261,223,100426,223,100187,223,100510,100,100155,100,100605,100,100117,100,100636,100,100063,100,100752,100,99952,7,100839,100,99886,100,100849,100,99798,100,100986,100,99714,100
2019-06-28 10:04:20.000000000,100353,286,100298,386,100418,286,100261,286,100426,100,100187,100,100510,100,100155,100,100605,100,100117,100,100636,100,100063,100,100752,100,99952,7,100839,100,99886,100,100849,100,99798,100,100986,100,99714,100
2019-06-28 10:04:24.017740790,100353,286,100298,286,100418,286,100261,286,100426,100,100187,100,100510,100,100155,100,100605,100,100117,100,100636,100,100063,100,100752,100,99952,7,100839,100,99886,100,100849,100,99798,100,100986,100,99714,100
2019-06-28 10:04:30.000000000,100353,286,100298,286,100418,286,100261,286,100426,100,100187,100,100510,100,100155,100,100605,100,100117,100,100636,100,100063,100,100752,100,99952,7,100839,100,99886,100,100849,100,99798,100,100986,100,99714,100
2019-06-28 10:04:40.000000000,100353,286,100298,286,100418,286,100261,286,100426,100,100187,100,100510,100,100155,100,100605,100,100117,100,100636,100,100063,100,100752,100,99952,7,100839,100,99886,100,100849,100,99798,100,100986,100,99714,100
2019-06-28 10:04:42.647266974,100353,286,100298,286,100418,286,100261,286,100426,100,100187,100,100510,100,100155,100,100572,100,100117,100,100605,100,100063,100,100636,100,99952,7,100752,100,99886,100,100839,100,99798,100,100849,100,99714,100
2019-06-28 10:04:50.000000000,100353,472,100298,472,100418,100,100261,100,100426,100,100187,100,100510,100,100155,100,100572,100,100117,100,100605,100,100063,100,100636,100,99952,7,100752,100,99886,100,100839,100,99798,100,100849,100,99714,100
2019-06-28 10:04:55.865679251,100352,100,100298,472,100353,372,100261,100,100418,100,100187,100,100426,100,100155,100,100510,100,100117,100,100572,100,100063,100,100605,100,99952,7,100636,100,99886,100,100752,100,99798,100,100839,100,99714,100
2019-06-28 10:04:56.753234319,100352,100,100298,372,100353,372,100261,100,100418,100,100187,100,100426,100,100155,100,100510,100,100117,100,100572,100,100063,100,100605,100,99952,7,100636,100,99886,100,100752,100,99798,100,100839,100,99714,100
2019-06-28 10:04:59.799357080,100352,100,100298,272,100353,372,100261,100,100426,100,100187,100,100510,100,100155,100,100572,100,100117,100,100605,100,100063,100,100636,100,99952,7,100752,100,99886,100,100839,100,99798,100,100849,100,99714,100
2019-06-28 10:05:00.000000000,100352,226,100261,226,100426,223,100187,223,100510,223,100155,223,100572,100,100117,100,100605,100,100063,100,100636,100,99952,7,100752,100,99886,100,100839,100,99798,100,100849,100,99714,100,100986,100,99468,100
2019-06-28 10:05:10.000000000,100352,472,100261,472,100426,100,100187,100,100510,100,100155,100,100572,100,100117,100,100605,100,100063,100,100636,100,99952,7,100752,100,99886,100,100839,100,99798,100,100849,100,99714,100,100986,100,99468,100
2019-06-28 10:05:10.970714024,100352,372,100261,472,100426,100,100187,100,100510,100,100155,100,100572,100,100117,100,100605,100,100063,100,100636,100,99952,7,100752,100,99886,100,100839,100,99798,100,100849,100,99714,100,100986,100,99468,100
2019-06-28 10:05:14.649279563,100352,372,100299,100,100426,100,100261,472,100510,100,100187,100,100572,100,100155,100,100605,100,100117,100,100636,100,100063,100,100752,100,99952,7,100839,100,99886,100,100849,100,99798,100,100986,100,99714,100
2019-06-28 10:05:16.964620155,100352,372,100261,472,100426,100,100187,100,100510,100,100155,100,100572,100,100117,100,100605,100,100063,100,100636,100,99952,7,100752,100,99886,100,100839,100,99798,100,100849,100,99714,100,100986,100,99468,100
2019-06-28 10:05:20.000000000,100426,174,100261,174,100510,174,100187,174,100572,174,100155,174,100605,174,100117,174,100636,174,100063,174,100752,100,99952,7,100839,100,99886,100,100849,100,99798,100,100986,100,99714,100,101024,100,99468,100
2019-06-28 10:05:30.000000000,100426,286,100261,286,100510,286,100187,286,100572,100,100155,100,100605,100,100117,100,100636,100,100063,100,100752,100,99952,7,100839,100,99886,100,100849,100,99798,100,100986,100,99714,100,101024,100,99468,100
2019-06-28 10:05:31.412701772,100426,286,100349,100,100510,286,100261,286,100572,100,100187,286,100605,100,100155,100,100636,100,100117,100,100752,100,100063,100,100839,100,99952,7,100849,100,99886,100,100986,100,99798,100,101024,100,99714,100
2019-06-28 10:05:34.617306205,100426,286,100261,286,100510,286,100187,286,100572,100,100155,100,100605,100,100117,100,100636,100,100063,100,100752,100,99952,7,100839,100,99886,100,100849,100,99798,100,100986,100,99714,100,101024,100,99468,100
2019-06-28 10:05:39.316018440,100421,100,100261,286,100426,286,100187,286,100510,286,100155,100,100605,100,100117,100,100636,100,100063,100,100752,100,99952,7,100839,100,99886,100,100849,100,99798,100,100986,100,99714,100,101024,100,99468,100
2019-06-28 10:05:40.000000000,100421,226,100261,226,100426,223,100187,223,100510,223,100155,223,100605,100,100117,100,100636,100,100063,100,100752,100,99952,7,100839,100,99886,100,100849,100,99798,100,100986,100,99714,100,101024,100,99468,100
2019-06-28 10:05:50.000000000,100421,174,100261,174,100426,174,100187,174,100510,174,100155,174,100605,174,100117,174,100636,174,100063,174,100752,100,99952,7,100839,100,99886,100,100849,100,99798,100,100986,100,99714,100,101024,100,99468,100
2019-06-28 10:06:00.000000000,100421,472,100261,472,100426,100,100187,100,100510,100,100155,100,100605,100,100117,100,100636,100,100063,100,100752,100,99952,7,100839,100,99886,100,100849,100,99798,100,100986,100,99714,100,101024,100,99468,100
2019-06-28 10:06:10.000000000,100421,193,100261,193,100426,193,100187,193,100510,193,100155,193,100605,193,100117,193,100636,100,100063,100,100752,100,99952,7,100839,100,99886,100,100849,100,99798,100,100986,100,99714,100,101024,100,99468,100
2019-06-28 10:06:16.449018235,100421,193,100261,193,100426,193,100187,193,100510,193,100155,193,100605,193,100117,193,100636,100,100063,100,100752,100,100037,100,100839,100,99952,7,100849,100,99886,100,100986,100,99798,100,101024,100,99714,100
2019-06-28 10:06:20.000000000,100421,472,100261,472,100426,100,100187,100,100510,100,100155,100,100605,100,100117,100,100636,100,100063,100,100752,100,100037,100,100839,100,99952,7,100849,100,99886,100,100986,100,99798,100,101024,100,99714,100
2019-06-28 10:06:21.828054559,100421,472,100261,372,100426,100,100155,100,100510,100,100117,100,100605,100,100063,100,100636,100,100037,100,100752,100,99952,7,100839,100,99886,100,100849,100,99798,100,100986,100,99714,100,101024,100,99468,100
2019-06-28 10:06:28.897574525,100421,472,100261,372,100426,100,100155,100,100510,100,100117,100,100605,100,100063,100,100636,100,100037,100,100752,100,99973,100,100839,100,99952,7,100849,100,99886,100,100986,100,99798,100,101024,100,99714,100
2019-06-28 10:06:30.000000000,100421,174,100155,174,100426,174,100117,174,100510,174,100063,174,100605,174,100037,174,100636,174,99973,174,100752,100,99952,7,100839,100,99886,100,100849,100,99798,100,100986,100,99714,100,101024,100,99468,100
2019-06-28 10:06:40.000000000,100421,193,100155,193,100426,193,100117,193,100510,193,100063,193,100605,193,100037,193,100636,100,99973,100,100752,100,99952,7,100839,100,99886,100,100849,100,99798,100,100986,100,99714,100,101024,100,99468,100
2019-06-28 10:06:47.446137560,100421,193,100155,193,100426,193,100117,193,100510,193,100063,193,100605,193,100037,193,100636,100,99973,100,100752,100,99952,7,100839,100,99886,100,100849,100,99852,100,100986,100,99798,100,101024,100,99714,100
2019-06-28 10:06:50.000000000,100421,193,100155,193,100426,193,100117,193,100510,193,100063,193,100605,193,100037,193,100636,100,99973,100,100752,100,99952,7,100839,100,99886,100,100849,100,99852,100,100986,100,99798,100,101024,100,99714,100
