,ask_price_1,ask_size_1,bid_price_1,bid_size_1,ask_price_2,ask_size_2,bid_price_2,bid_size_2,ask_price_3,ask_size_3,bid_price_3,bid_size_3,ask_price_4,ask_size_4,bid_price_4,bid_size_4,ask_price_5,ask_size_5,bid_price_5,bid_size_5,ask_price_6,ask_size_6,bid_price_6,bid_size_6,ask_price_7,ask_size_7,bid_price_7,bid_size_7,ask_price_8,ask_size_8,bid_price_8,bid_size_8,ask_price_9,ask_size_9,bid_price_9,bid_size_9,ask_price_10,ask_size_10,bid_price_10,bid_size_10
2019-06-28 09:30:00.000000002,,,99957,100,,,,,,,,,,,,,,,,,,,,,,,,,,,,,,,,,,,,
2019-06-28 09:30:00.000000004,100021,100,99957,100,,,,,,,,,,,,,,,,,,,,,,,,,,,,,,,,,,,,
2019-06-28 09:30:00.000000005,100021,100,99999,100,,,99957,100,,,99814,100,,,,,,,,,,,,,,,,,,,,,,,,,,,,
2019-06-28 09:30:00.000000009,100021,100,99999,100,,,99957,100,,,99936,100,,,99814,100,,,,,,,,,,,,,,,,,,,,,,,,
2019-06-28 09:30:00.000000013,100021,100,99999,100,100134,100,99957,100,,,99936,100,,,99814,100,,,,,,,,,,,,,,,,,,,,,,,,
2019-06-28 09:30:00.000000015,100021,100,99999,100,100134,100,99957,100,,,99940,100,,,99936,100,,,99814,100,,,,,,,,,,,,,,,,,,,,
2019-06-28 09:30:00.000000016,100021,100,99957,100,100134,100,99940,100,,,99936,100,,,99902,100,,,99814,100,,,,,,,,,,,,,,,,,,,,
2019-06-28 09:30:00.000000018,99996,100,99957,100,100021,100,99947,100,100134,100,99940,100,,,99936,100,,,99902,100,,,99814,100,,,,,,,,,,,,,,,,
2019-06-28 09:30:00.000000021,99996,100,99957,100,100021,100,99947,100,100072,100,99940,100,100129,100,99936,100,100134,100,99902,100,,,99858,100,,,99814,100,,,,,,,,,,,,
2019-06-28 09:30:00.000000022,99996,100,99957,100,100001,100,99947,100,100021,100,99940,100,100072,100,99936,100,100075,100,99902,100,100129,100,99867,100,100134,100,99858,100,,,99814,100,,,,,,,,
2019-06-28 09:30:00.000000023,99996,100,99957,100,100001,100,99951,100,100021,100,99947,100,100072,100,99940,100,100075,100,99936,100,100129,100,99902,100,100134,100,99867,100,100142,100,99858,100,,,99814,100,,,,
2019-06-28 09:30:00.000000024,99996,100,99957,100,100001,100,99951,100,100021,100,99947,100,100072,100,99940,100,100075,100,99936,100,100129,100,99924,100,100134,100,99902,100,100142,100,99867,100,,,99858,100,,,99814,100
2019-06-28 09:30:00.000000026,99996,100,99957,100,100001,100,99951,100,100021,100,99947,100,100072,100,99940,100,100075,100,99936,100,100129,100,99924,100,100134,100,99902,100,100142,100,99867,100,100150,100,99858,100,,,99814,100
2019-06-28 09:30:00.000000027,100001,100,99996,100,100021,100,99957,100,100072,100,99951,100,100075,100,99947,100,100129,100,99940,100,100134,100,99936,100,100142,100,99924,100,100150,100,99902,100,,,99883,100,,,99867,100
2019-06-28 09:30:00.000000029,100001,100,99996,100,100021,100,99957,100,100072,100,99951,100,100075,100,99947,100,100129,100,99940,100,100134,100,99936,100,100142,100,99924,100,100150,100,99902,100,100169,100,99883,100,,,99867,100
2019-06-28 09:30:00.000000030,100001,100,99996,100,100021,100,99957,100,100072,100,99951,100,100075,100,99947,100,100129,100,99940,100,100134,100,99936,100,100142,100,99924,100,100150,100,99902,100,100169,100,99883,100,,,99867,100
2019-06-28 09:30:00.000000032,99999,100,99996,100,100001,100,99957,100,100021,100,99951,100,100072,100,99947,100,100075,200,99940,100,100129,100,99936,100,100134,100,99924,100,100142,100,99902,100,100150,100,99883,100,100169,100,99879,100
2019-06-28 09:30:00.000000035,99999,100,99996,100,100001,100,99957,100,100021,100,99951,100,100072,100,99947,100,100075,200,99940,100,100129,100,99936,100,100134,200,99924,100,100142,100,99902,100,100150,100,99883,100,100169,100,99879,100
2019-06-28 09:30:00.000000038,99999,100,99957,100,100001,100,99951,100,100021,100,99947,100,100072,100,99940,100,100075,200,99936,100,100090,100,99924,100,100129,100,99902,100,100134,200,99883,100,100142,100,99879,100,100150,100,99867,100
2019-06-28 09:30:00.000000042,99985,100,99957,100,99999,100,99951,100,100001,100,99947,100,100021,100,99940,100,100072,100,99936,100,100075,200,99924,100,100090,100,99902,100,100129,100,99883,100,100134,200,99879,100,100142,100,99867,100
2019-06-28 09:30:00.000000045,99985,100,99969,100,99999,100,99957,100,100001,100,99951,100,100021,100,99947,100,100072,100,99940,100,100075,200,99936,100,100090,100,99924,100,100129,100,99902,100,100134,200,99883,100,100142,100,99879,100
2019-06-28 09:30:00.000000046,99985,100,99969,100,99999,100,99957,100,100001,100,99951,100,100021,100,99947,100,100072,100,99940,100,100075,200,99936,100,100090,100,99924,100,100129,100,99902,100,100134,200,99883,100,100136,100,99879,100
2019-06-28 09:30:00.000000047,99985,100,99969,100,99999,100,99957,100,100001,100,99951,100,100021,100,99947,100,100072,100,99940,100,100075,200,99936,100,100090,100,99924,100,100129,100,99902,100,100134,200,99883,100,100136,100,99879,100
2019-06-28 09:30:00.000000048,99985,100,99969,100,99999,100,99957,100,100001,100,99951,100,100021,100,99947,100,100072,100,99940,100,100075,200,99936,100,100090,100,99927,100,100129,100,99924,100,100134,200,99902,100,100136,100,99883,100
2019-06-28 09:30:00.000000054,99985,100,99969,100,99996,100,99957,100,99999,100,99951,100,100001,100,99947,100,100021,100,99940,100,100072,100,99936,100,100075,200,99927,100,100090,100,99924,100,100094,100,99902,100,100129,100,99883,100
2019-06-28 09:30:00.000000058,99985,100,99969,100,99996,200,99957,100,99999,100,99951,100,100001,100,99947,100,100021,100,99940,100,100072,100,99936,100,100075,200,99927,100,100090,100,99924,100,100094,100,99902,100,100129,100,99883,100
2019-06-28 09:30:00.000000061,99985,100,99969,100,99996,200,99957,100,99999,100,99951,100,100001,200,99947,100,100021,100,99940,100,100072,100,99936,100,100075,200,99927,100,100090,100,99924,100,100094,100,99902,100,100129,100,99883,100
2019-06-28 09:30:00.000000062,99985,100,99957,100,99996,200,99951,100,99999,100,99947,100,100001,200,99940,100,100021,100,99936,100,100072,100,99927,100,100075,200,99924,100,100090,100,99902,100,100094,100,99883,100,100129,100,99879,100
2019-06-28 09:30:00.000000065,99985,100,99957,100,99996,200,99951,100,99999,100,99947,100,100001,200,99940,100,100021,100,99936,100,100041,100,99927,100,100072,100,99924,100,100075,200,99905,100,100090,100,99902,100,100094,100,99883,100
2019-06-28 09:30:00.000000067,99996,200,99957,100,99999,100,99951,100,100001,200,99947,100,100021,100,99940,100,100041,100,99936,100,100072,100,99927,100,100075,200,99924,100,100090,100,99905,100,100094,100,99902,100,100129,100,99883,100
2019-06-28 09:30:00.000000071,99996,200,99974,100,99999,100,99969,100,100001,200,99957,100,100004,100,99951,100,100021,100,99947,100,100041,100,99940,100,100072,100,99936,100,100075,200,99927,100,100090,100,99924,100,100094,100,99905,100
2019-06-28 09:30:00.000000073,99982,100,99974,100,99996,200,99969,100,99999,100,99957,100,100001,200,99951,100,100004,100,99947,100,100021,100,99940,100,100041,100,99936,100,100072,100,99927,100,100075,200,99924,100,100090,100,99905,100
2019-06-28 09:30:00.000000074,99982,100,99974,100,99996,200,99969,100,99999,100,99957,100,100001,200,99951,100,100004,100,99947,100,100021,100,99940,100,100041,100,99936,100,100072,100,99927,100,100075,200,99924,100,100090,100,99905,100
2019-06-28 09:30:00.000000077,99982,100,99974,100,99996,200,99969,200,99999,100,99957,100,100001,200,99951,100,100004,100,99947,100,100021,100,99940,100,100041,100,99936,100,100072,100,99927,100,100075,200,99924,100,100090,100,99905,100
2019-06-28 09:30:00.000000081,99982,100,99974,100,99991,100,99969,200,99996,200,99957,100,99999,100,99951,100,100001,200,99947,100,100004,100,99940,100,100021,100,99936,100,100041,100,99927,100,100072,100,99924,100,100075,200,99905,100
2019-06-28 09:30:00.000000084,99982,100,99974,100,99991,100,99969,200,99996,200,99957,100,99999,100,99951,100,100001,200,99947,100,100004,100,99940,100,100021,100,99936,100,100041,100,99927,100,100058,100,99924,100,100072,100,99905,100
2019-06-28 09:30:00.000000085,99991,100,99974,100,99996,200,99969,200,99999,100,99957,100,100001,200,99951,100,100004,100,99947,100,100021,100,99940,100,100041,100,99936,100,100058,100,99927,100,100072,100,99924,100,100075,200,99918,100
2019-06-28 09:30:00.000000086,99991,100,99982,100,99996,200,99974,100,99999,100,99969,200,100001,200,99957,100,100004,100,99951,100,100021,100,99947,100,100041,100,99940,100,100058,100,99936,100,100072,100,99927,100,100075,200,99924,100
2019-06-28 09:30:00.000000087,99985,100,99982,100,99991,100,99974,100,99996,200,99969,200,99999,100,99957,100,100001,200,99951,100,100004,100,99947,100,100007,100,99940,100,100021,100,99936,100,100041,100,99927,100,100058,100,99924,100
2019-06-28 09:30:00.000000092,99985,100,99982,200,99991,100,99974,100,99996,200,99969,200,99999,100,99957,100,100001,200,99951,100,100004,100,99947,100,100007,100,99940,100,100021,100,99936,100,100041,100,99927,100,100058,100,99924,100
2019-06-28 09:30:00.000000095,99985,100,99982,300,99991,100,99974,100,99996,200,99969,200,99999,100,99957,100,100001,200,99951,100,100004,100,99947,100,100007,100,99940,100,100021,100,99936,100,100041,100,99927,100,100058,100,99924,100
2019-06-28 09:30:00.000000096,99985,100,99982,300,99991,100,99975,100,99996,200,99974,100,99999,100,99969,200,100001,200,99957,100,100004,100,99951,100,100007,100,99947,100,100021,100,99940,100,100041,100,99936,100,100051,100,99927,100
2019-06-28 09:30:00.000000097,99985,100,99982,300,99991,100,99975,100,99996,200,99974,100,99999,100,99969,200,100001,200,99957,100,100004,100,99951,100,100007,100,99947,100,100021,100,99940,100,100041,100,99936,100,100051,100,99927,100
2019-06-28 09:30:00.000000099,99985,100,99982,300,99991,100,99979,100,99996,200,99975,100,99999,100,99974,100,100001,200,99969,200,100004,200,99957,100,100007,100,99951,100,100021,100,99947,100,100041,100,99940,100,100051,100,99936,100
2019-06-28 09:30:10.000000000,99985,204,99982,404,99991,204,99979,204,99996,304,99975,204,99999,204,99974,204,100001,200,99969,200,100004,200,99957,100,100007,100,99951,100,100021,100,99947,100,100041,100,99940,100,100051,100,99936,100
2019-06-28 09:30:12.563777230,99985,204,99982,404,99991,204,99979,204,99996,304,99975,204,99999,204,99974,204,100001,200,99969,200,100004,200,99957,100,100007,100,99951,100,100021,100,99947,100,100041,100,99940,100,100051,100,99936,100
2019-06-28 09:30:20.000000000,99985,309,99982,509,99991,309,99979,309,99996,200,99975,100,99999,100,99974,100,100001,200,99969,200,100004,200,99957,100,100007,100,99951,100,100021,100,99947,100,100041,100,99940,100,100051,100,99936,100
2019-06-28 09:30:30.000000000,99985,204,99982,404,99991,204,99979,204,99996,304,99975,204,99999,204,99974,204,100001,200,99969,200,100004,200,99957,100,100007,100,99951,100,100021,100,99947,100,100041,100,99940,100,100051,100,99936,100
2019-06-28 09:30:32.317104128,99985,104,99982,404,99991,204,99979,204,99996,304,99975,204,99999,204,99974,204,100001,200,99969,200,100004,200,99957,100,100007,100,99951,100,100021,100,99947,100,100041,100,99940,100,100051,100,99936,100
2019-06-28 09:30:40.000000000,99991,204,99982,404,99996,304,99979,204,99999,204,99975,204,100001,304,99974,204,100004,200,99969,200,100007,100,99957,100,100021,100,99951,100,100041,100,99947,100,100051,100,99940,100,100058,100,99936,100
2019-06-28 09:30:47.126508529,99991,204,99982,404,99996,304,99979,204,99999,204,99975,204,100001,304,99974,204,100004,200,99969,200,100007,100,99957,100,100021,100,99951,100,100041,100,99947,100,100051,100,99940,100,100058,100,99936,100
2019-06-28 09:30:48.988675076,99991,204,99982,404,99996,304,99979,204,99999,204,99975,204,100001,304,99974,204,100004,200,99969,200,100007,100,99957,100,100021,100,99951,100,100041,100,99947,100,100051,100,99940,100,100058,100,99936,100
2019-06-28 09:30:50.000000000,99991,518,99982,718,99996,200,99979,100,99999,100,99975,100,100001,200,99974,100,100004,200,99969,200,100007,100,99957,100,100021,100,99951,100,100041,100,99947,100,100051,100,99940,100,100058,100,99936,100
2019-06-28 09:31:00.000000000,99991,518,99982,718,99996,200,99979,100,99999,100,99975,100,100001,200,99974,100,100004,200,99969,200,100007,100,99957,100,100021,100,99951,100,100041,100,99947,100,100051,100,99940,100,100058,100,99936,100
2019-06-28 09:31:10.000000000,99991,242,99982,442,99996,338,99979,238,99999,238,99975,238,100001,200,99974,100,100004,200,99969,200,100007,100,99957,100,100021,100,99951,100,100041,100,99947,100,100051,100,99940,100,100058,100,99936,100
2019-06-28 09:31:13.597783045,99991,242,99982,442,99996,338,99979,238,99999,238,99975,238,100001,200,99974,100,100004,100,99969,200,100007,100,99957,100,100021,100,99951,100,100041,100,99947,100,100051,100,99940,100,100058,100,99936,100
2019-06-28 09:31:19.707427902,99991,242,99982,342,99996,338,99979,238,99999,238,99975,238,100001,200,99974,100,100004,100,99969,200,100007,100,99957,100,100021,100,99951,100,100041,100,99947,100,100051,100,99940,100,100058,100,99936,100
2019-06-28 09:31:20.000000000,99991,184,99982,284,99996,284,99979,184,99999,184,99975,184,100001,284,99974,184,100004,184,99969,284,100007,100,99957,100,100021,100,99951,100,100041,100,99947,100,100051,100,99940,100,100058,100,99936,100
2019-06-28 09:31:30.000000000,99991,184,99982,284,99996,284,99979,184,99999,184,99975,184,100001,284,99974,184,100004,184,99969,284,100007,100,99957,100,100021,100,99951,100,100041,100,99947,100,100051,100,99940,100,100058,100,99936,100
2019-06-28 09:31:36.217321708,99991,84,99982,284,99996,284,99979,184,99999,184,99975,184,100001,284,99974,184,100004,184,99969,284,100007,100,99957,100,100021,100,99951,100,100041,100,99947,100,100051,100,99940,100,100058,100,99936,100
2019-06-28 09:31:40.000000000,99996,409,99982,409,99999,309,99979,309,100001,200,99975,100,100004,100,99974,100,100007,100,99969,200,100021,100,99957,100,100041,100,99951,100,100051,100,99947,100,100058,100,99940,100,100072,100,99936,100
2019-06-28 09:31:49.413979224,99996,309,99982,409,99999,309,99979,309,100001,200,99975,100,100004,100,99974,100,100007,100,99969,200,100021,100,99957,100,100041,100,99951,100,100051,100,99947,100,100058,100,99940,100,100072,100,99936,100
2019-06-28 09:31:50.000000000,99996,518,99982,618,99999,100,99979,100,100001,200,99975,100,100004,100,99974,100,100007,100,99969,200,100021,100,99957,100,100041,100,99951,100,100051,100,99947,100,100058,100,99940,100,100072,100,99936,100
2019-06-28 09:31:55.741517226,99996,518,99982,618,99999,100,99979,100,100001,200,99975,100,100004,100,99974,100,100007,100,99969,200,100021,100,99957,100,100041,100,99951,100,100051,100,99947,100,100058,100,99940,100,100072,100,99936,100
2019-06-28 09:31:55.936437585,99996,418,99982,618,99999,100,99979,100,100001,200,99975,100,100004,100,99974,100,100007,100,99969,200,100021,100,99957,100,100041,100,99951,100,100051,100,99947,100,100058,100,99940,100,100072,100,99936,100
2019-06-28 09:31:56.471156094,99996,318,99982,618,99999,100,99979,100,100001,200,99975,100,100004,100,99974,100,100007,100,99969,200,100021,100,99957,100,100041,100,99951,100,100051,100,99947,100,100058,100,99940,100,100072,100,99936,100
2019-06-28 09:32:00.000000000,99999,518,99982,618,100001,200,99979,100,100004,100,99975,100,100007,100,99974,100,100021,100,99969,200,100041,100,99957,100,100051,100,99951,100,100058,100,99947,100,100072,100,99940,100,100075,200,99936,100
2019-06-28 09:32:10.000000000,99999,518,99982,618,100001,200,99979,100,100004,100,99975,100,100007,100,99974,100,100021,100,99969,200,100041,100,99957,100,100051,100,99951,100,100058,100,99947,100,100072,100,99940,100,100075,200,99936,100
2019-06-28 09:32:10.231666564,99999,518,99982,618,100001,200,99979,100,100004,100,99975,100,100007,100,99974,100,100021,100,99969,200,100041,100,99957,100,100051,100,99951,100,100058,100,99947,100,100072,100,99940,100,100075,200,99936,100
2019-06-28 09:32:19.740256689,99999,418,99982,618,100001,200,99979,100,100004,100,99975,100,100007,100,99974,100,100021,100,99969,200,100041,100,99957,100,100051,100,99951,100,100058,100,99947,100,100072,100,99940,100,100075,200,99936,100
2019-06-28 09:32:20.000000000,100001,342,99982,342,100004,238,99979,238,100007,238,99975,238,100021,100,99974,100,100041,100,99969,200,100051,100,99957,100,100058,100,99951,100,100072,100,99947,100,100075,200,99940,100,100076,100,99936,100
2019-06-28 09:32:27.384294543,100001,342,99996,100,100004,238,99982,342,100007,238,99979,238,100021,100,99975,238,100041,100,99974,100,100051,100,99969,200,100058,100,99957,100,100072,100,99951,100,100075,200,99947,100,100076,100,99936,100
2019-06-28 09:32:30.000000000,100001,284,99996,184,100004,184,99982,284,100007,184,99979,184,100021,184,99975,184,100041,184,99974,184,100051,100,99969,200,100058,100,99957,100,100072,100,99951,100,100075,200,99947,100,100076,100,99936,100
2019-06-28 09:32:40.000000000,100001,409,99996,309,100004,309,99982,409,100007,100,99979,100,100021,100,99975,100,100041,100,99974,100,100051,100,99969,200,100058,100,99957,100,100072,100,99951,100,100075,200,99947,100,100076,100,99936,100
2019-06-28 09:32:50.000000000,100001,618,99996,518,100004,100,99982,200,100007,100,99979,100,100021,100,99975,100,100041,100,99974,100,100051,100,99969,200,100058,100,99957,100,100072,100,99951,100,100075,200,99947,100,100076,100,99936,100
2019-06-28 09:33:00.000000000,100001,342,99996,242,100004,238,99982,338,100007,238,99979,238,100021,100,99975,100,100041,100,99974,100,100051,100,99969,200,100058,100,99957,100,100072,100,99951,100,100075,200,99947,100,100076,100,99936,100
2019-06-28 09:33:04.802058291,100001,342,99996,242,100004,238,99982,338,100007,238,99979,238,100021,100,99975,100,100041,100,99974,100,100051,100,99969,200,100058,100,99957,100,100075,200,99951,100,100076,100,99947,100,100090,100,99936,100
2019-06-28 09:33:10.000000000,100001,618,99996,518,100004,100,99982,200,100007,100,99979,100,100021,100,99975,100,100041,100,99974,100,100051,100,99969,200,100058,100,99957,100,100075,200,99951,100,100076,100,99947,100,100090,100,99936,100
2019-06-28 09:33:10.523220732,100001,518,99996,518,100004,100,99982,200,100007,100,99979,100,100021,100,99975,100,100041,100,99974,100,100051,100,99969,200,100058,100,99957,100,100075,200,99951,100,100076,100,99947,100,100090,100,99936,100
2019-06-28 09:33:10.739648938,100001,518,99999,100,100004,100,99996,518,100007,100,99982,200,100021,100,99979,100,100041,100,99975,100,100051,100,99974,100,100058,100,99969,200,100075,200,99957,100,100076,100,99951,100,100090,100,99947,100
2019-06-28 09:33:16.101135474,100001,518,99999,100,100004,100,99996,518,100007,100,99982,200,100021,100,99979,100,100041,100,99975,100,100051,100,99974,100,100058,100,99969,200,100075,200,99957,100,100090,100,99951,100,100094,100,99947,100
2019-06-28 09:33:20.000000000,100001,518,99999,518,100004,100,99996,100,100007,100,99982,200,100021,100,99979,100,100041,100,99975,100,100051,100,99974,100,100058,100,99969,200,100075,200,99957,100,100090,100,99951,100,100094,100,99947,100
2019-06-28 09:33:30.000000000,100001,184,99999,184,100004,184,99996,184,100007,184,99982,284,100021,184,99979,184,100041,184,99975,184,100051,100,99974,100,100058,100,99969,200,100075,200,99957,100,100090,100,99951,100,100094,100,99947,100
2019-06-28 09:33:32.136823896,100001,184,99999,184,100004,184,99996,184,100007,184,99982,284,100021,184,99979,184,100041,184,99975,184,100051,100,99974,100,100058,100,99969,200,100075,200,99957,100,100090,100,99951,100,100094,100,99947,100
2019-06-28 09:33:33.028297499,100001,184,99999,184,100004,184,99996,184,100007,184,99982,284,100021,184,99979,184,100041,184,99975,184,100051,100,99974,100,100058,100,99969,200,100075,200,99957,100,100090,100,99951,100,100094,100,99947,100
2019-06-28 09:33:37.155853315,100001,84,99999,184,100004,184,99996,184,100007,184,99982,284,100021,184,99979,184,100041,184,99975,184,100051,100,99974,100,100058,100,99969,200,100075,200,99957,100,100090,100,99951,100,100094,100,99947,100
2019-06-28 09:33:40.000000000,100004,204,99999,204,100007,204,99996,204,100021,204,99982,304,100041,204,99979,204,100051,100,99975,100,100058,100,99974,100,100075,200,99969,200,100090,100,99957,100,100094,100,99951,100,100101,100,99947,100
2019-06-28 09:33:41.291768474,100004,204,99999,204,100007,204,99996,204,100021,204,99982,304,100041,204,99979,204,100051,100,99975,100,100058,100,99974,100,100075,200,99969,200,100090,100,99957,100,100094,100,99951,100,100101,100,99947,100
2019-06-28 09:33:50.000000000,100004,518,99999,518,100007,100,99996,100,100021,100,99982,200,100041,100,99979,100,100051,100,99975,100,100058,100,99974,100,100075,200,99969,200,100090,100,99957,100,100094,100,99951,100,100101,100,99947,100
2019-06-28 09:34:00.000000000,100004,518,99999,518,100007,100,99996,100,100021,100,99982,200,100041,100,99979,100,100051,100,99975,100,100058,100,99974,100,100075,200,99969,200,100090,100,99957,100,100094,100,99951,100,100101,100,99947,100
2019-06-28 09:34:05.954384369,100004,518,99999,518,100007,100,99996,100,100021,100,99982,200,100033,100,99979,100,100041,100,99975,100,100051,100,99974,100,100058,100,99969,200,100075,200,99957,100,100090,100,99951,100,100101,100,99947,100
2019-06-28 09:34:10.000000000,100004,518,99999,518,100007,100,99996,100,100021,100,99982,200,100033,100,99979,100,100041,100,99975,100,100051,100,99974,100,100058,100,99969,200,100075,200,99957,100,100090,100,99951,100,100101,100,99947,100
2019-06-28 09:34:13.054409170,100004,518,99999,418,100007,100,99996,100,100021,100,99982,200,100033,100,99979,100,100041,100,99975,100,100051,100,99974,100,100058,100,99969,200,100075,200,99957,100,100090,100,99951,100,100101,100,99947,100
2019-06-28 09:34:18.363281832,100004,518,99999,318,100007,100,99996,100,100021,100,99982,200,100033,100,99979,100,100041,100,99975,100,100051,100,99974,100,100058,100,99969,200,100075,200,99957,100,100090,100,99951,100,100101,100,99947,100
2019-06-28 09:34:20.000000000,100004,204,99996,204,100007,204,99982,304,100021,204,99979,204,100033,204,99975,204,100041,100,99974,100,100051,100,99969,200,100058,100,99957,100,100075,200,99951,100,100090,100,99947,100,100101,100,99936,100
2019-06-28 09:34:30.000000000,100004,242,99996,242,100007,238,99982,338,100021,238,99979,238,100033,100,99975,100,100041,100,99974,100,100051,100,99969,200,100058,100,99957,100,100075,200,99951,100,100090,100,99947,100,100101,100,99936,100
2019-06-28 09:34:33.264477831,100004,242,99996,142,100007,238,99982,338,100021,238,99979,138,100033,100,99975,100,100041,100,99974,100,100051,100,99969,200,100058,100,99957,100,100075,200,99951,100,100090,100,99947,100,100101,100,99936,100
2019-06-28 09:34:40.000000000,100004,309,99982,409,100007,309,99975,309,100021,100,99974,100,100033,100,99969,200,100041,100,99957,100,100051,100,99951,100,100058,100,99947,100,100075,200,99936,100,100090,100,99927,100,100101,100,99918,100
2019-06-28 09:34:42.031490228,99999,100,99982,409,100004,309,99975,309,100007,309,99974,100,100021,100,99969,200,100033,100,99957,100,100041,100,99951,100,100051,100,99947,100,100058,100,99936,100,100075,200,99927,100,100090,100,99918,100
2019-06-28 09:34:50.000000000,99999,518,99982,618,100004,100,99975,100,100007,100,99974,100,100021,100,99969,200,100033,100,99957,100,100041,100,99951,100,100051,100,99947,100,100058,100,99936,100,100075,200,99927,100,100090,100,99918,100
2019-06-28 09:34:56.300100134,99999,518,99982,618,100004,100,99975,100,100007,100,99974,100,100021,100,99969,200,100033,100,99957,100,100041,100,99951,100,100051,100,99947,100,100058,100,99936,100,100075,200,99927,100,100090,100,99918,100
2019-06-28 09:35:00.000000000,99999,242,99982,342,100004,238,99975,238,100007,238,99974,238,100021,100,99969,200,100033,100,99957,100,100041,100,99951,100,100051,100,99947,100,100058,100,99936,100,100075,200,99927,100,100090,100,99918,100
2019-06-28 09:35:10.000000000,99999,184,99982,284,100004,184,99975,184,100007,184,99974,184,100021,184,99969,284,100033,184,99957,184,100041,100,99951,100,100051,100,99947,100,100058,100,99936,100,100075,200,99927,100,100090,100,99918,100
2019-06-28 09:35:20.000000000,99999,518,99982,618,100004,100,99975,100,100007,100,99974,100,100021,100,99969,200,100033,100,99957,100,100041,100,99951,100,100051,100,99947,100,100058,100,99936,100,100075,200,99927,100,100090,100,99918,100
2019-06-28 09:35:28.135046822,99999,518,99982,618,100004,100,99975,100,100007,100,99974,100,100021,100,99969,200,100033,100,99957,100,100041,100,99951,100,100051,100,99947,100,100058,100,99936,100,100075,200,99927,100,100090,100,99918,100
2019-06-28 09:35:30.000000000,99999,204,99982,304,100004,204,99975,204,100007,204,99974,204,100021,204,99969,304,100033,100,99957,100,100041,100,99951,100,100051,100,99947,100,100058,100,99936,100,100075,200,99927,100,100090,100,99918,100
2019-06-28 09:35:40.000000000,99999,184,99982,284,100004,184,99975,184,100007,184,99974,184,100021,184,99969,284,100033,184,99957,184,100041,100,99951,100,100051,100,99947,100,100058,100,99936,100,100075,200,99927,100,100090,100,99918,100
2019-06-28 09:35:49.472292501,99999,284,99982,284,100004,184,99975,184,100007,184,99974,184,100021,184,99969,284,100033,184,99957,184,100041,100,99951,100,100051,100,99936,100,100058,100,99927,100,100075,200,99918,100,100090,100,99905,100
2019-06-28 09:35:50.000000000,99999,284,99982,284,100004,184,99975,184,100007,184,99974,184,100021,184,99969,284,100033,184,99957,184,100041,100,99951,100,100051,100,99936,100,100058,100,99927,100,100075,200,99918,100,100090,100,99905,100
2019-06-28 09:36:00.000000000,99999,284,99982,284,100004,184,99975,184,100007,184,99974,184,100021,184,99969,284,100033,184,99957,184,100041,100,99951,100,100051,100,99936,100,100058,100,99927,100,100075,200,99918,100,100090,100,99905,100
2019-06-28 09:36:02.950474007,99985,100,99982,284,99999,284,99975,184,100004,184,99974,184,100007,184,99969,284,100021,184,99957,184,100033,184,99951,100,100041,100,99936,100,100051,100,99927,100,100058,100,99918,100,100075,200,99905,100
2019-06-28 09:36:10.000000000,99985,204,99982,304,99999,304,99975,204,100004,204,99974,204,100007,204,99969,304,100021,100,99957,100,100033,100,99951,100,100041,100,99936,100,100051,100,99927,100,100058,100,99918,100,100075,200,99905,100
2019-06-28 09:36:17.454687034,99985,204,99982,304,99999,404,99975,204,100004,204,99974,204,100007,204,99969,204,100021,100,99957,100,100033,100,99951,100,100041,100,99936,100,100051,100,99927,100,100058,100,99918,100,100075,200,99905,100
2019-06-28 09:36:19.399044286,99985,204,99982,204,99999,404,99975,204,100004,204,99974,204,100007,204,99969,204,100033,100,99957,100,100041,100,99951,100,100051,100,99936,100,100058,100,99927,100,100075,200,99918,100,100090,100,99905,100
2019-06-28 09:36:20.000000000,99985,204,99982,204,99999,404,99975,204,100004,204,99974,204,100007,204,99969,204,100033,100,99957,100,100041,100,99951,100,100051,100,99936,100,100058,100,99927,100,100075,200,99918,100,100090,100,99905,100
2019-06-28 09:36:20.374684834,99985,204,99982,204,99999,404,99975,204,100004,204,99974,204,100007,204,99969,204,100033,100,99957,100,100041,100,99951,100,100051,100,99936,100,100058,100,99927,100,100075,200,99918,100,100090,100,99905,100
2019-06-28 09:36:30.000000000,99985,204,99982,204,99999,404,99975,204,100004,204,99974,204,100007,204,99969,204,100033,100,99957,100,100041,100,99951,100,100051,100,99936,100,100058,100,99927,100,100075,200,99918,100,100090,100,99905,100
2019-06-28 09:36:40.000000000,99985,309,99982,309,99999,509,99975,309,100004,100,99974,100,100007,100,99969,100,100033,100,99957,100,100041,100,99951,100,100051,100,99936,100,100058,100,99927,100,100075,200,99918,100,100090,100,99905,100
2019-06-28 09:36:50.000000000,99985,242,99982,242,99999,438,99975,238,100004,238,99974,238,100007,100,99969,100,100033,100,99957,100,100041,100,99951,100,100051,100,99936,100,100058,100,99927,100,100075,200,99918,100,100090,100,99905,100
2019-06-28 09:37:00.000000000,99985,204,99982,204,99999,404,99975,204,100004,204,99974,204,100007,204,99969,204,100033,100,99957,100,100041,100,99951,100,100051,100,99936,100,100058,100,99927,100,100075,200,99918,100,100090,100,99905,100
2019-06-28 09:37:05.398181646,99985,204,99982,104,99999,404,99975,204,100004,204,99974,204,100007,204,99969,204,100033,100,99957,100,100041,100,99951,100,100051,100,99936,100,100058,100,99927,100,100075,200,99918,100,100090,100,99905,100
2019-06-28 09:37:10.000000000,99985,518,99975,518,99999,300,99974,100,100004,100,99969,100,100007,100,99957,100,100033,100,99951,100,100041,100,99936,100,100051,100,99927,100,100058,100,99918,100,100075,200,99905,100,100090,100,99904,100
2019-06-28 09:37:19.792630915,99985,518,99975,518,99999,300,99974,100,100004,100,99969,100,100007,100,99957,100,100008,100,99951,100,100033,100,99936,100,100041,100,99927,100,100051,100,99918,100,100058,100,99905,100,100075,200,99904,100
2019-06-28 09:37:20.000000000,99985,309,99975,309,99999,509,99974,309,100004,100,99969,100,100007,100,99957,100,100008,100,99951,100,100033,100,99936,100,100041,100,99927,100,100051,100,99918,100,100058,100,99905,100,100075,200,99904,100
2019-06-28 09:37:30.000000000,99985,242,99975,242,99999,438,99974,238,100004,238,99969,238,100007,100,99957,100,100008,100,99951,100,100033,100,99936,100,100041,100,99927,100,100051,100,99918,100,100058,100,99905,100,100075,200,99904,100
2019-06-28 09:37:34.201073186,99985,142,99975,242,99999,438,99974,238,100004,238,99969,238,100008,100,99957,100,100033,100,99951,100,100041,100,99936,100,100051,100,99927,100,100058,100,99918,100,100075,200,99905,100,100090,100,99904,100
2019-06-28 09:37:40.000000000,99999,384,99975,184,100004,184,99974,184,100008,184,99969,184,100033,184,99957,184,100041,184,99951,184,100051,100,99936,100,100058,100,99927,100,100075,200,99918,100,100090,100,99905,100,100101,100,99904,100
2019-06-28 09:37:44.398495698,99999,284,99975,184,100004,184,99974,184,100008,184,99969,184,100033,84,99957,184,100041,184,99951,184,100051,100,99936,100,100058,100,99927,100,100075,200,99918,100,100090,100,99905,100,100101,100,99904,100
2019-06-28 09:37:50.000000000,99999,304,99975,204,100004,204,99974,204,100008,204,99969,204,100041,204,99957,204,100051,100,99951,100,100058,100,99936,100,100075,200,99927,100,100090,100,99918,100,100101,100,99905,100,100116,100,99904,100
2019-06-28 09:38:00.000000000,99999,409,99975,309,100004,309,99974,309,100008,100,99969,100,100041,100,99957,100,100051,100,99951,100,100058,100,99936,100,100075,200,99927,100,100090,100,99918,100,100101,100,99905,100,100116,100,99904,100
2019-06-28 09:38:10.000000000,99999,618,99975,518,100004,100,99974,100,100008,100,99969,100,100041,100,99957,100,100051,100,99951,100,100058,100,99936,100,100075,200,99927,100,100090,100,99918,100,100101,100,99905,100,100116,100,99904,100
2019-06-28 09:38:13.041580409,99999,518,99975,518,100004,100,99974,100,100008,100,99969,100,100041,100,99957,100,100051,100,99951,100,100058,100,99936,100,100075,200,99927,100,100090,100,99918,100,100101,100,99905,100,100116,100,99904,100
2019-06-28 09:38:20.000000000,99999,242,99975,242,100004,238,99974,238,100008,238,99969,238,100041,100,99957,100,100051,100,99951,100,100058,100,99936,100,100075,200,99927,100,100090,100,99918,100,100101,100,99905,100,100116,100,99904,100
2019-06-28 09:38:30.000000000,99999,242,99975,242,100004,238,99974,238,100008,238,99969,238,100041,100,99957,100,100051,100,99951,100,100058,100,99936,100,100075,200,99927,100,100090,100,99918,100,100101,100,99905,100,100116,100,99904,100
2019-06-28 09:38:36.792591144,99999,242,99975,242,100004,238,99974,238,100008,238,99969,238,100041,100,99957,100,100051,100,99951,100,100058,100,99936,100,100075,200,99927,100,100090,100,99918,100,100101,100,99905,100,100116,100,99904,100
2019-06-28 09:38:40.000000000,99999,184,99975,184,100004,184,99974,184,100008,184,99969,184,100041,184,99957,184,100051,184,99951,184,100058,100,99936,100,100075,200,99927,100,100090,100,99918,100,100101,100,99905,100,100116,100,99904,100
2019-06-28 09:38:49.364879640,99999,84,99975,184,100004,184,99974,184,100008,84,99969,184,100041,184,99957,184,100051,184,99951,184,100058,100,99936,100,100075,200,99927,100,100090,100,99918,100,100101,100,99905,100,100116,100,99904,100
2019-06-28 09:38:50.000000000,100004,184,99975,184,100041,184,99974,184,100051,184,99969,184,100058,184,99957,184,100075,284,99951,184,100090,100,99936,100,100101,100,99927,100,100116,100,99918,100,100134,200,99905,100,100219,100,99904,100
2019-06-28 09:38:59.769657274,100004,84,99975,184,100041,184,99974,184,100051,184,99969,184,100058,184,99957,184,100075,284,99951,184,100090,100,99936,100,100116,100,99927,100,100134,200,99918,100,100219,100,99905,100,100258,100,99904,100
2019-06-28 09:39:00.000000000,100041,242,99975,242,100051,238,99974,238,100058,238,99969,238,100075,200,99957,100,100090,100,99951,100,100116,100,99936,100,100134,200,99927,100,100219,100,99918,100,100258,100,99905,100,100260,100,99904,100
2019-06-28 09:39:10.000000000,100041,518,99975,518,100051,100,99974,100,100058,100,99969,100,100075,200,99957,100,100090,100,99951,100,100116,100,99936,100,100134,200,99927,100,100219,100,99918,100,100258,100,99905,100,100260,100,99904,100
2019-06-28 09:39:20.000000000,100041,242,99975,242,100051,238,99974,238,100058,238,99969,238,100075,200,99957,100,100090,100,99951,100,100116,100,99936,100,100134,200,99927,100,100219,100,99918,100,100258,100,99905,100,100260,100,99904,100
2019-06-28 09:39:24.756660610,100041,242,99975,142,100051,238,99974,238,100058,238,99969,238,100075,200,99957,100,100090,100,99952,100,100116,100,99951,100,100134,200,99936,100,100219,100,99927,100,100258,100,99918,100,100260,100,99905,100
2019-06-28 09:39:30.000000000,100041,184,99974,184,100051,184,99969,184,100058,184,99957,184,100075,284,99952,184,100090,184,99951,184,100116,100,99936,100,100134,200,99927,100,100219,100,99918,100,100258,100,99905,100,100260,100,99904,100
2019-06-28 09:39:40.000000000,100041,309,99974,309,100051,309,99969,309,100058,100,99957,100,100075,200,99952,100,100090,100,99951,100,100116,100,99936,100,100134,200,99927,100,100219,100,99918,100,100258,100,99905,100,100260,100,99904,100
2019-06-28 09:39:50.000000000,100041,309,99974,309,100051,309,99969,309,100058,100,99957,100,100075,200,99952,100,100090,100,99951,100,100116,100,99936,100,100134,200,99927,100,100219,100,99918,100,100258,100,99905,100,100260,100,99904,100
2019-06-28 09:40:00.000000000,100041,242,99974,242,100051,238,99969,238,100058,238,99957,238,100075,200,99952,100,100090,100,99951,100,100116,100,99936,100,100134,200,99927,100,100219,100,99918,100,100258,100,99905,100,100260,100,99904,100
2019-06-28 09:40:01.521965247,100041,242,99999,100,100051,238,99974,242,100058,238,99969,238,100075,200,99957,238,100090,100,99952,100,100116,100,99951,100,100134,200,99936,100,100219,100,99927,100,100258,100,99918,100,100260,100,99905,100
2019-06-28 09:40:07.303134541,100041,142,99999,100,100051,238,99974,242,100058,238,99969,238,100075,200,99957,238,100090,100,99952,100,100116,100,99951,100,100134,200,99936,100,100219,100,99927,100,100258,100,99918,100,100260,100,99905,100
2019-06-28 09:40:09.937708408,100041,142,99999,100,100051,238,99974,242,100058,238,99969,238,100075,200,99957,238,100090,100,99952,100,100116,100,99951,100,100134,200,99936,100,100219,100,99927,100,100258,100,99918,100,100260,100,99905,100
2019-06-28 09:40:10.000000000,100051,309,99999,309,100058,309,99974,309,100075,200,99969,100,100090,100,99957,100,100116,100,99952,100,100134,200,99951,100,100219,100,99936,100,100258,100,99927,100,100260,100,99918,100,100278,100,99905,100
2019-06-28 09:40:15.690841724,100051,309,99999,309,100058,309,99974,309,100075,200,99969,100,100090,100,99957,100,100116,100,99952,100,100134,200,99951,100,100219,100,99936,100,100258,100,99927,100,100260,100,99918,100,100278,100,99905,100
2019-06-28 09:40:20.000000000,100051,242,99999,242,100058,238,99974,238,100075,338,99969,238,100090,100,99957,100,100116,100,99952,100,100134,200,99951,100,100219,100,99936,100,100258,100,99927,100,100260,100,99918,100,100278,100,99905,100
2019-06-28 09:40:30.000000000,100051,204,99999,204,100058,204,99974,204,100075,304,99969,204,100090,204,99957,204,100116,100,99952,100,100134,200,99951,100,100219,100,99936,100,100258,100,99927,100,100260,100,99918,100,100278,100,99905,100
2019-06-28 09:40:40.000000000,100051,204,99999,204,100058,204,99974,204,100075,304,99969,204,100090,204,99957,204,100116,100,99952,100,100134,200,99951,100,100219,100,99936,100,100258,100,99927,100,100260,100,99918,100,100278,100,99905,100
2019-06-28 09:40:46.218322085,100051,204,99999,204,100058,204,99974,204,100075,304,99969,204,100090,204,99957,204,100116,100,99952,100,100134,200,99951,100,100219,100,99936,100,100258,100,99927,100,100260,100,99918,100,100278,100,99904,100
2019-06-28 09:40:50.000000000,100051,204,99999,204,100058,204,99974,204,100075,304,99969,204,100090,204,99957,204,100116,100,99952,100,100134,200,99951,100,100219,100,99936,100,100258,100,99927,100,100260,100,99918,100,100278,100,99904,100
2019-06-28 09:41:00.000000000,100051,309,99999,309,100058,309,99974,309,100075,200,99969,100,100090,100,99957,100,100116,100,99952,100,100134,200,99951,100,100219,100,99936,100,100258,100,99927,100,100260,100,99918,100,100278,100,99904,100
2019-06-28 09:41:03.854727844,100051,309,99999,309,100058,309,99974,309,100075,200,99969,100,100090,100,99957,100,100116,100,99952,100,100134,200,99951,100,100219,100,99936,100,100258,100,99927,100,100260,100,99918,100,100278,100,99904,100
2019-06-28 09:41:10.000000000,100051,309,99999,309,100058,309,99974,309,100075,200,99969,100,100090,100,99957,100,100116,100,99952,100,100134,200,99951,100,100219,100,99936,100,100258,100,99927,100,100260,100,99918,100,100278,100,99904,100
2019-06-28 09:41:15.711524726,100051,309,99999,309,100058,309,99974,309,100075,200,99969,100,100090,100,99957,100,100116,100,99952,100,100134,200,99936,100,100219,100,99927,100,100258,100,99918,100,100260,100,99904,100,100278,100,99902,100
2019-06-28 09:41:20.000000000,100051,309,99999,309,100058,309,99974,309,100075,200,99969,100,100090,100,99957,100,100116,100,99952,100,100134,200,99936,100,100219,100,99927,100,100258,100,99918,100,100260,100,99904,100,100278,100,99902,100
2019-06-28 09:41:30.000000000,100051,518,99999,518,100058,100,99974,100,100075,200,99969,100,100090,100,99957,100,100116,100,99952,100,100134,200,99936,100,100219,100,99927,100,100258,100,99918,100,100260,100,99904,100,100278,100,99902,100
2019-06-28 09:41:40.000000000,100051,518,99999,518,100058,100,99974,100,100075,200,99969,100,100090,100,99957,100,100116,100,99952,100,100134,200,99936,100,100219,100,99927,100,100258,100,99918,100,100260,100,99904,100,100278,100,99902,100
2019-06-28 09:41:50.000000000,100051,204,99999,204,100058,204,99974,204,100075,304,99969,204,100090,204,99957,204,100116,100,99952,100,100134,200,99936,100,100219,100,99927,100,100258,100,99918,100,100260,100,99904,100,100278,100,99902,100
2019-06-28 09:41:51.604855552,100051,204,99999,204,100058,204,99974,204,100075,304,99969,204,100090,204,99957,204,100116,100,99952,100,100134,200,99936,100,100219,100,99927,100,100258,100,99918,100,100260,100,99904,100,100278,100,99902,100
2019-06-28 09:42:00.000000000,100051,518,99999,518,100058,100,99974,100,100075,200,99969,100,100090,100,99957,100,100116,100,99952,100,100134,200,99936,100,100219,100,99927,100,100258,100,99918,100,100260,100,99904,100,100278,100,99902,100
2019-06-28 09:42:06.154214148,100051,518,100004,100,100058,100,99999,518,100075,200,99974,100,100090,100,99969,100,100116,100,99957,100,100134,200,99952,100,100219,100,99936,100,100258,100,99927,100,100260,100,99918,100,100278,100,99904,100
2019-06-28 09:42:10.000000000,100051,184,100004,184,100058,184,99999,184,100075,284,99974,184,100090,184,99969,184,100116,184,99957,184,100134,200,99952,100,100219,100,99936,100,100258,100,99927,100,100260,100,99918,100,100278,100,99904,100
2019-06-28 09:42:20.000000000,100051,184,100004,184,100058,184,99999,184,100075,284,99974,184,100090,184,99969,184,100116,184,99957,184,100134,200,99952,100,100219,100,99936,100,100258,100,99927,100,100260,100,99918,100,100278,100,99904,100
2019-06-28 09:42:30.000000000,100051,242,100004,242,100058,238,99999,238,100075,338,99974,238,100090,100,99969,100,100116,100,99957,100,100134,200,99952,100,100219,100,99936,100,100258,100,99927,100,100260,100,99918,100,100278,100,99904,100
2019-06-28 09:42:35.774722603,100051,142,100004,242,100058,238,99999,238,100075,338,99974,238,100090,100,99969,100,100116,100,99957,100,100134,200,99952,100,100219,100,99936,100,100258,100,99927,100,100260,100,99918,100,100278,100,99904,100
2019-06-28 09:42:40.000000000,100058,309,100004,309,100075,409,99999,309,100090,100,99974,100,100116,100,99969,100,100134,200,99957,100,100219,100,99952,100,100258,100,99936,100,100260,100,99927,100,100278,100,99918,100,100320,100,99904,100
2019-06-28 09:42:50.000000000,100058,242,100004,242,100075,338,99999,238,100090,238,99974,238,100116,100,99969,100,100134,200,99957,100,100219,100,99952,100,100258,100,99936,100,100260,100,99927,100,100278,100,99918,100,100320,100,99904,100
2019-06-28 09:42:56.311347726,100058,242,100004,242,100075,338,99999,238,100090,238,99974,238,100116,100,99969,100,100134,100,99957,100,100219,100,99952,100,100258,100,99936,100,100260,100,99927,100,100278,100,99918,100,100320,100,99904,100
2019-06-28 09:43:00.000000000,100058,204,100004,204,100075,304,99999,204,100090,204,99974,204,100116,204,99969,204,100134,100,99957,100,100219,100,99952,100,100258,100,99936,100,100260,100,99927,100,100278,100,99918,100,100320,100,99904,100
2019-06-28 09:43:03.153955479,100058,204,100004,204,100075,304,99999,204,100090,204,99974,204,100116,204,99969,204,100134,100,99957,100,100219,100,99952,100,100258,100,99936,100,100260,100,99927,100,100278,100,99918,100,100320,100,99904,100
2019-06-28 09:43:10.000000000,100058,309,100004,309,100075,409,99999,309,100090,100,99974,100,100116,100,99969,100,100134,100,99957,100,100219,100,99952,100,100258,100,99936,100,100260,100,99927,100,100278,100,99918,100,100320,100,99904,100
2019-06-28 09:43:12.835932205,100058,309,100004,309,100075,409,99999,309,100090,100,99974,100,100116,100,99969,100,100134,100,99957,100,100219,100,99952,100,100258,100,99927,100,100260,100,99918,100,100278,100,99904,100,100320,100,99858,100
2019-06-28 09:43:20.000000000,100058,184,100004,184,100075,284,99999,184,100090,184,99974,184,100116,184,99969,184,100134,184,99957,184,100219,100,99952,100,100258,100,99927,100,100260,100,99918,100,100278,100,99904,100,100320,100,99858,100
2019-06-28 09:43:30.000000000,100058,309,100004,309,100075,409,99999,309,100090,100,99974,100,100116,100,99969,100,100134,100,99957,100,100219,100,99952,100,100258,100,99927,100,100260,100,99918,100,100278,100,99904,100,100320,100,99858,100
2019-06-28 09:43:40.000000000,100058,309,100004,309,100075,409,99999,309,100090,100,99974,100,100116,100,99969,100,100134,100,99957,100,100219,100,99952,100,100258,100,99927,100,100260,100,99918,100,100278,100,99904,100,100320,100,99858,100
2019-06-28 09:43:45.252810020,100058,309,100004,309,100075,409,99999,309,100116,100,99974,100,100134,100,99969,100,100219,100,99957,100,100258,100,99952,100,100260,100,99927,100,100278,100,99918,100,100320,100,99904,100,100325,100,99858,100
2019-06-28 09:43:48.431017909,100058,309,100004,309,100075,409,99999,309,100116,100,99974,100,100134,100,99969,100,100219,100,99957,100,100258,100,99952,100,100260,100,99927,100,100278,100,99918,100,100320,100,99904,100,100325,100,99858,100
2019-06-28 09:43:50.000000000,100058,309,100004,309,100075,409,99999,309,100116,100,99974,100,100134,100,99969,100,100219,100,99957,100,100258,100,99952,100,100260,100,99927,100,100278,100,99918,100,100320,100,99904,100,100325,100,99858,100
2019-06-28 09:44:00.000000000,100058,204,100004,204,100075,304,99999,204,100116,204,99974,204,100134,204,99969,204,100219,100,99957,100,100258,100,99952,100,100260,100,99927,100,100278,100,99918,100,100320,100,99904,100,100325,100,99858,100
2019-06-28 09:44:07.973916936,100058,204,100004,304,100075,304,99999,204,100116,204,99974,204,100134,204,99969,204,100219,100,99957,100,100258,100,99952,100,100260,100,99927,100,100278,100,99918,100,100320,100,99904,100,100325,100,99858,100
2019-06-28 09:44:10.000000000,100058,242,100004,342,100075,338,99999,238,100116,238,99974,238,100134,100,99969,100,100219,100,99957,100,100258,100,99952,100,100260,100,99927,100,100278,100,99918,100,100320,100,99904,100,100325,100,99858,100
2019-06-28 09:44:10.220520115,100058,242,100004,342,100075,338,99999,238,100116,238,99974,238,100134,100,99969,100,100219,100,99957,100,100222,100,99952,100,100258,100,99927,100,100260,100,99918,100,100278,100,99904,100,100320,100,99858,100
2019-06-28 09:44:13.009156707,100058,242,100041,100,100075,338,100004,342,100116,238,99999,238,100134,100,99974,238,100219,100,99969,100,100222,100,99957,100,100258,100,99952,100,100260,100,99927,100,100278,100,99918,100,100320,100,99904,100
2019-06-28 09:44:20.000000000,100058,518,100041,518,100075,200,100004,200,100116,100,99999,100,100134,100,99974,100,100219,100,99969,100,100222,100,99957,100,100258,100,99952,100,100260,100,99927,100,100278,100,99918,100,100320,100,99904,100
2019-06-28 09:44:21.398568407,100058,418,100041,518,100075,200,100004,200,100116,100,99999,100,100134,100,99974,100,100219,100,99969,100,100222,100,99957,100,100258,100,99952,100,100260,100,99927,100,100278,100,99918,100,100320,100,99904,100
2019-06-28 09:44:25.065734229,100058,418,100041,518,100075,200,100004,200,100116,100,99999,100,100134,100,99974,100,100219,100,99969,100,100222,100,99957,100,100258,100,99952,100,100260,100,99927,100,100278,100,99918,100,100320,100,99904,100
2019-06-28 09:44:30.000000000,100075,304,100041,204,100116,204,100004,304,100134,204,99999,204,100219,204,99974,204,100222,100,99969,100,100258,100,99957,100,100260,100,99952,100,100278,100,99927,100,100320,100,99918,100,100325,100,99904,100
2019-06-28 09:44:40.000000000,100075,618,100041,518,100116,100,100004,200,100134,100,99999,100,100219,100,99974,100,100222,100,99969,100,100258,100,99957,100,100260,100,99952,100,100278,100,99927,100,100320,100,99918,100,100325,100,99904,100
2019-06-28 09:44:46.730620411,100075,618,100070,100,100116,100,100041,518,100134,100,100004,200,100219,100,99999,100,100222,100,99974,100,100258,100,99969,100,100260,100,99957,100,100278,100,99952,100,100320,100,99927,100,100325,100,99918,100
2019-06-28 09:44:47.591126063,100075,518,100070,100,100116,100,100041,518,100134,100,100004,200,100219,100,99999,100,100222,100,99974,100,100260,100,99969,100,100278,100,99957,100,100320,100,99952,100,100325,100,99927,100,100368,100,99918,100
2019-06-28 09:44:50.000000000,100075,204,100070,204,100116,204,100041,204,100134,204,100004,304,100219,204,99999,204,100222,100,99974,100,100260,100,99969,100,100278,100,99957,100,100320,100,99952,100,100325,100,99927,100,100368,100,99918,100
2019-06-28 09:44:53.947902601,100075,204,100070,204,100116,204,100041,204,100134,204,100004,304,100187,100,99999,204,100219,204,99974,100,100222,100,99969,100,100260,100,99957,100,100278,100,99952,100,100320,100,99927,100,100325,100,99918,100
2019-06-28 09:45:00.000000000,100075,204,100070,204,100116,204,100041,204,100134,204,100004,304,100187,204,99999,204,100219,100,99974,100,100222,100,99969,100,100260,100,99957,100,100278,100,99952,100,100320,100,99927,100,100325,100,99918,100
2019-06-28 09:45:08.265562301,100075,204,100070,204,100116,204,100041,204,100134,204,100004,304,100187,204,99999,204,100219,100,99974,100,100222,100,99969,100,100238,100,99957,100,100260,100,99952,100,100278,100,99927,100,100320,100,99918,100
2019-06-28 09:45:10.000000000,100075,204,100070,204,100116,204,100041,204,100134,204,100004,304,100187,204,99999,204,100219,100,99974,100,100222,100,99969,100,100238,100,99957,100,100260,100,99952,100,100278,100,99927,100,100320,100,99918,100
2019-06-28 09:45:20.000000000,100075,518,100070,518,100116,100,100041,100,100134,100,100004,200,100187,100,99999,100,100219,100,99974,100,100222,100,99969,100,100238,100,99957,100,100260,100,99952,100,100278,100,99927,100,100320,100,99918,100
2019-06-28 09:45:20.173020169,100075,518,100070,518,100111,100,100041,100,100116,100,100004,200,100134,100,99999,100,100219,100,99974,100,100222,100,99969,100,100238,100,99957,100,100260,100,99952,100,100278,100,99927,100,100320,100,99918,100
2019-06-28 09:45:30.000000000,100075,184,100070,184,100111,184,100041,184,100116,184,100004,284,100134,184,99999,184,100219,184,99974,184,100222,100,99969,100,100238,100,99957,100,100260,100,99952,100,100278,100,99927,100,100320,100,99918,100
2019-06-28 09:45:40.000000000,100075,204,100070,204,100111,204,100041,204,100116,204,100004,304,100134,204,99999,204,100219,100,99974,100,100222,100,99969,100,100238,100,99957,100,100260,100,99952,100,100278,100,99927,100,100320,100,99918,100
2019-06-28 09:45:50.000000000,100075,309,100070,309,100111,309,100041,309,100116,100,100004,200,100134,100,99999,100,100219,100,99974,100,100222,100,99969,100,100238,100,99957,100,100260,100,99952,100,100278,100,99927,100,100320,100,99918,100
2019-06-28 09:46:00.000000000,100075,309,100070,309,100111,309,100041,309,100116,100,100004,200,100134,100,99999,100,100219,100,99974,100,100222,100,99969,100,100238,100,99957,100,100260,100,99952,100,100278,100,99927,100,100320,100,99918,100
2019-06-28 09:46:03.710492247,100075,109,100070,309,100111,309,100041,309,100116,100,100004,200,100134,100,99999,100,100219,100,99974,100,100222,100,99969,100,100238,100,99957,100,100260,100,99952,100,100278,100,99927,100,100320,100,99918,100
2019-06-28 09:46:08.685166970,100075,109,100070,309,100111,309,100041,209,100116,100,100004,200,100134,100,99999,100,100219,100,99974,100,100222,100,99969,100,100238,100,99957,100,100260,100,99952,100,100278,100,99927,100,100320,100,99918,100
2019-06-28 09:46:10.000000000,100111,309,100070,309,100116,309,100004,409,100134,100,99999,100,100219,100,99974,100,100222,100,99969,100,100238,100,99957,100,100260,100,99952,100,100278,100,99927,100,100320,100,99918,100,100325,100,99904,100
2019-06-28 09:46:13.424628788,100111,209,100070,309,100116,309,100004,409,100134,100,99999,100,100219,100,99974,100,100222,100,99969,100,100238,100,99957,100,100260,100,99952,100,100278,100,99927,100,100320,100,99918,100,100325,100,99904,100
2019-06-28 09:46:20.000000000,100116,518,100070,518,100134,100,100004,200,100219,100,99999,100,100222,100,99974,100,100238,100,99969,100,100260,100,99957,100,100278,100,99952,100,100320,100,99927,100,100325,100,99918,100,100368,100,99904,100
2019-06-28 09:46:30.000000000,100116,242,100070,242,100134,238,100004,338,100219,238,99999,238,100222,100,99974,100,100238,100,99969,100,100260,100,99957,100,100278,100,99952,100,100320,100,99927,100,100325,100,99918,100,100368,100,99904,100
2019-06-28 09:46:40.000000000,100116,204,100070,204,100134,204,100004,304,100219,204,99999,204,100222,204,99974,204,100238,100,99969,100,100260,100,99957,100,100278,100,99952,100,100320,100,99927,100,100325,100,99918,100,100368,100,99904,100
2019-06-28 09:46:50.000000000,100116,309,100070,309,100134,309,100004,409,100219,100,99999,100,100222,100,99974,100,100238,100,99969,100,100260,100,99957,100,100278,100,99952,100,100320,100,99927,100,100325,100,99918,100,100368,100,99904,100
2019-06-28 09:46:56.231665000,100116,309,100070,309,100134,309,100004,409,100219,100,99999,100,100222,100,99974,100,100238,100,99969,100,100260,100,99957,100,100278,100,99952,100,100320,100,99918,100,100325,100,99904,100,100368,100,99838,100
2019-06-28 09:47:00.000000000,100116,184,100070,184,100134,184,100004,284,100219,184,99999,184,100222,184,99974,184,100238,184,99969,184,100260,100,99957,100,100278,100,99952,100,100320,100,99918,100,100325,100,99904,100,100368,100,99838,100
2019-06-28 09:47:10.000000000,100116,204,100070,204,100134,204,100004,304,100219,204,99999,204,100222,204,99974,204,100238,100,99969,100,100260,100,99957,100,100278,100,99952,100,100320,100,99918,100,100325,100,99904,100,100368,100,99838,100
2019-06-28 09:47:20.000000000,100116,184,100070,184,100134,184,100004,284,100219,184,99999,184,100222,184,99974,184,100238,184,99969,184,100260,100,99957,100,100278,100,99952,100,100320,100,99918,100,100325,100,99904,100,100368,100,99838,100
2019-06-28 09:47:30.000000000,100116,309,100070,309,100134,309,100004,409,100219,100,99999,100,100222,100,99974,100,100238,100,99969,100,100260,100,99957,100,100278,100,99952,100,100320,100,99918,100,100325,100,99904,100,100368,100,99838,100
2019-06-28 09:47:40.000000000,100116,242,100070,242,100134,238,100004,338,100219,238,99999,238,100222,100,99974,100,100238,100,99969,100,100260,100,99957,100,100278,100,99952,100,100320,100,99918,100,100325,100,99904,100,100368,100,99838,100
2019-06-28 09:47:46.084376357,100074,100,100070,242,100116,242,100004,338,100134,238,99999,238,100219,238,99974,100,100222,100,99969,100,100238,100,99957,100,100260,100,99952,100,100278,100,99918,100,100320,100,99904,100,100325,100,99838,100
2019-06-28 09:47:46.296458090,100074,200,100070,242,100116,242,100004,338,100134,238,99999,238,100219,238,99974,100,100222,100,99969,100,100238,100,99957,100,100260,100,99952,100,100278,100,99918,100,100320,100,99904,100,100325,100,99838,100
2019-06-28 09:47:50.000000000,100074,284,100070,184,100116,184,100004,284,100134,184,99999,184,100219,184,99974,184,100222,184,99969,184,100238,100,99957,100,100260,100,99952,100,100278,100,99918,100,100320,100,99904,100,100325,100,99838,100
2019-06-28 09:48:00.000000000,100074,284,100070,184,100116,184,100004,284,100134,184,99999,184,100219,184,99974,184,100222,184,99969,184,100238,100,99957,100,100260,100,99952,100,100278,100,99918,100,100320,100,99904,100,100325,100,99838,100
2019-06-28 09:48:10.000000000,100074,409,100070,309,100116,309,100004,409,100134,100,99999,100,100219,100,99974,100,100222,100,99969,100,100238,100,99957,100,100260,100,99952,100,100278,100,99918,100,100320,100,99904,100,100325,100,99838,100
2019-06-28 09:48:20.000000000,100074,284,100070,184,100116,184,100004,284,100134,184,99999,184,100219,184,99974,184,100222,184,99969,184,100238,100,99957,100,100260,100,99952,100,100278,100,99918,100,100320,100,99904,100,100325,100,99838,100
2019-06-28 09:48:23.538438554,100074,284,100070,84,100116,184,100004,284,100134,84,99999,184,100219,184,99974,184,100222,184,99969,184,100238,100,99957,100,100260,100,99952,100,100278,100,99918,100,100320,100,99904,100,100325,100,99838,100
2019-06-28 09:48:25.273394046,100070,16,100004,284,100074,284,99999,184,100116,184,99974,184,100134,84,99969,184,100219,184,99957,100,100222,184,99952,100,100238,100,99918,100,100260,100,99904,100,100278,100,99838,100,100320,100,99826,100
2019-06-28 09:48:30.000000000,100070,225,100004,409,100074,409,99999,309,100116,100,99974,100,100219,100,99969,100,100222,100,99957,100,100238,100,99952,100,100260,100,99918,100,100278,100,99904,100,100320,100,99838,100,100325,100,99826,100
2019-06-28 09:48:40.000000000,100070,120,100004,304,100074,304,99999,204,100116,204,99974,204,100219,204,99969,204,100222,100,99957,100,100238,100,99952,100,100260,100,99918,100,100278,100,99904,100,100320,100,99838,100,100325,100,99826,100
2019-06-28 09:48:50.000000000,100070,158,100004,342,100074,338,99999,238,100116,238,99974,238,100219,100,99969,100,100222,100,99957,100,100238,100,99952,100,100260,100,99918,100,100278,100,99904,100,100320,100,99838,100,100325,100,99826,100
2019-06-28 09:48:51.331177868,100070,158,100004,342,100074,338,99999,138,100116,238,99974,238,100219,100,99969,100,100222,100,99957,100,100238,100,99952,100,100260,100,99918,100,100278,100,99904,100,100320,100,99838,100,100325,100,99826,100
2019-06-28 09:48:59.393075530,100070,158,100004,242,100074,338,99999,138,100116,238,99974,238,100219,100,99969,100,100222,100,99957,100,100238,100,99918,100,100260,100,99904,100,100278,100,99838,100,100320,100,99826,100,100325,100,99814,100
2019-06-28 09:49:00.000000000,100070,120,100004,204,100074,304,99974,204,100116,204,99969,204,100219,204,99957,204,100222,100,99918,100,100238,100,99904,100,100260,100,99838,100,100278,100,99826,100,100320,100,99814,100,100325,100,,
2019-06-28 09:49:10.000000000,100070,434,100004,518,100074,200,99974,100,100116,100,99969,100,100219,100,99957,100,100222,100,99918,100,100238,100,99904,100,100260,100,99838,100,100278,100,99826,100,100320,100,99814,100,100325,100,,
2019-06-28 09:49:13.455599035,100070,434,100004,418,100074,200,99974,100,100116,100,99969,100,100219,100,99957,100,100222,100,99918,100,100238,100,99904,100,100260,100,99838,100,100278,100,99826,100,100325,100,99814,100,100449,100,,
2019-06-28 09:49:20.000000000,100070,225,99974,309,100074,409,99969,309,100116,100,99957,100,100219,100,99918,100,100222,100,99904,100,100238,100,99838,100,100260,100,99826,100,100278,100,99814,100,100325,100,,,100449,100,,
2019-06-28 09:49:30.000000000,100070,158,99974,242,100074,338,99969,238,100116,238,99957,238,100219,100,99918,100,100222,100,99904,100,100238,100,99838,100,100260,100,99826,100,100278,100,99814,100,100325,100,,,100449,100,,
2019-06-28 09:49:32.500076375,100070,158,99974,142,100074,338,99969,238,100116,238,99957,238,100219,100,99918,100,100222,100,99904,100,100238,100,99838,100,100260,100,99826,100,100278,100,,,100325,100,,,100449,100,,
2019-06-28 09:49:33.577196629,100070,158,99974,142,100074,338,99969,238,100116,238,99957,238,100219,100,99918,100,100222,100,99904,100,100238,100,99838,100,100260,100,99826,100,100278,100,99707,100,100325,100,,,100449,100,,
2019-06-28 09:49:40.000000000,100070,120,99969,204,100074,304,99957,204,100116,204,99918,204,100219,204,99904,204,100222,100,99838,100,100238,100,99826,100,100260,100,99707,100,100278,100,,,100325,100,,,100449,100,,
2019-06-28 09:49:50.000000000,100070,120,99969,204,100074,304,99957,204,100116,204,99918,204,100219,204,99904,204,100222,100,99838,100,100238,100,99826,100,100260,100,99707,100,100278,100,,,100325,100,,,100449,100,,
2019-06-28 09:50:00.000000000,100070,434,99969,518,100074,200,99957,100,100116,100,99918,100,100219,100,99904,100,100222,100,99838,100,100238,100,99826,100,100260,100,99707,100,100278,100,,,100325,100,,,100449,100,,
2019-06-28 09:50:10.000000000,100070,158,99969,242,100074,338,99957,238,100116,238,99918,238,100219,100,99904,100,100222,100,99838,100,100238,100,99826,100,100260,100,99707,100,100278,100,,,100325,100,,,100449,100,,
2019-06-28 09:50:20.000000000,100070,434,99969,518,100074,200,99957,100,100116,100,99918,100,100219,100,99904,100,100222,100,99838,100,100238,100,99826,100,100260,100,99707,100,100278,100,,,100325,100,,,100449,100,,
2019-06-28 09:50:25.338500422,100070,434,99969,518,100074,200,99957,100,100116,100,99918,100,100219,100,99904,100,100222,100,99838,100,100238,100,99826,100,100260,100,99707,100,100278,100,98938,100,100325,100,,,100449,100,,
2019-06-28 09:50:30.000000000,100070,100,99969,184,100074,284,99957,184,100116,184,99918,184,100219,184,99904,184,100222,184,99838,184,100238,100,99826,100,100260,100,99707,100,100278,100,98938,100,100325,100,,,100449,100,,
2019-06-28 09:50:40.000000000,100070,100,99969,184,100074,284,99957,184,100116,184,99918,184,100219,184,99904,184,100222,184,99838,184,100238,100,99826,100,100260,100,99707,100,100278,100,98938,100,100325,100,,,100449,100,,
2019-06-28 09:50:50.000000000,100070,158,99969,242,100074,338,99957,238,100116,238,99918,238,100219,100,99904,100,100222,100,99838,100,100238,100,99826,100,100260,100,99707,100,100278,100,98938,100,100325,100,,,100449,100,,
2019-06-28 09:51:00.000000000,100070,100,99969,184,100074,284,99957,184,100116,184,99918,184,100219,184,99904,184,100222,184,99838,184,100238,100,99826,100,100260,100,99707,100,100278,100,98938,100,100325,100,,,100449,100,,
2019-06-28 09:51:10.000000000,100070,434,99969,518,100074,200,99957,100,100116,100,99918,100,100219,100,99904,100,100222,100,99838,100,100238,100,99826,100,100260,100,99707,100,100278,100,98938,100,100325,100,,,100449,100,,
2019-06-28 09:51:20.000000000,100070,225,99969,309,100074,409,99957,309,100116,100,99918,100,100219,100,99904,100,100222,100,99838,100,100238,100,99826,100,100260,100,99707,100,100278,100,98938,100,100325,100,,,100449,100,,
2019-06-28 09:51:30.000000000,100070,120,99969,204,100074,304,99957,204,100116,204,99918,204,100219,204,99904,204,100222,100,99838,100,100238,100,99826,100,100260,100,99707,100,100278,100,98938,100,100325,100,,,100449,100,,
2019-06-28 09:51:31.128430504,100004,100,99969,104,100070,120,99957,204,100074,304,99918,204,100116,204,99904,204,100219,204,99838,100,100222,100,99826,100,100238,100,99707,100,100260,100,98938,100,100278,100,,,100325,100,,
2019-06-28 09:51:40.000000000,100004,518,99957,518,100070,16,99918,100,100074,200,99904,100,100116,100,99838,100,100219,100,99826,100,100222,100,99707,100,100238,100,98938,100,100260,100,,,100278,100,,,100325,100,,
2019-06-28 09:51:50.000000000,100004,242,99957,242,100070,154,99918,238,100074,338,99904,238,100116,100,99838,100,100219,100,99826,100,100222,100,99707,100,100238,100,98938,100,100260,100,,,100278,100,,,100325,100,,
2019-06-28 09:52:00.000000000,100004,518,99957,518,100070,16,99918,100,100074,200,99904,100,100116,100,99838,100,100219,100,99826,100,100222,100,99707,100,100238,100,98938,100,100260,100,,,100278,100,,,100325,100,,
2019-06-28 09:52:09.613873713,100004,518,99957,418,100070,16,99918,100,100074,200,99904,100,100116,100,99838,100,100219,100,99826,100,100222,100,99707,100,100238,100,98938,100,100260,100,,,100278,100,,,100325,100,,
2019-06-28 09:52:10.000000000,100004,242,99918,242,100070,154,99904,238,100074,338,99838,238,100116,100,99826,100,100219,100,99707,100,100222,100,98938,100,100238,100,,,100260,100,,,100278,100,,,100325,100,,
2019-06-28 09:52:20.000000000,100004,184,99918,184,100070,100,99904,184,100074,284,99838,184,100116,184,99826,184,100219,184,99707,184,100222,100,98938,100,100238,100,,,100260,100,,,100278,100,,,100325,100,,
2019-06-28 09:52:30.000000000,100004,309,99918,309,100070,225,99904,309,100074,200,99838,100,100116,100,99826,100,100219,100,99707,100,100222,100,98938,100,100238,100,,,100260,100,,,100278,100,,,100325,100,,
2019-06-28 09:52:40.000000000,100004,204,99918,204,100070,120,99904,204,100074,304,99838,204,100116,204,99826,204,100219,100,99707,100,100222,100,98938,100,100238,100,,,100260,100,,,100278,100,,,100325,100,,
2019-06-28 09:52:50.000000000,100004,184,99918,184,100070,100,99904,184,100074,284,99838,184,100116,184,99826,184,100219,184,99707,184,100222,100,98938,100,100238,100,,,100260,100,,,100278,100,,,100325,100,,
2019-06-28 09:52:51.261387093,100004,184,99918,184,100070,100,99904,184,100074,284,99838,184,100116,184,99826,184,100219,184,99707,184,100222,100,98938,100,100260,100,98379,100,100278,100,,,100325,100,,,100449,100,,
2019-06-28 09:52:51.380404061,100004,184,99918,84,100070,100,99904,84,100074,284,99838,184,100116,184,99826,184,100219,184,99707,184,100222,100,98938,100,100260,100,98379,100,100278,100,,,100325,100,,,100449,100,,
2019-06-28 09:52:57.967114430,99918,16,99904,84,100004,184,99838,184,100070,100,99826,184,100074,284,99707,184,100116,184,98938,100,100219,84,98379,100,100222,100,,,100260,100,,,100278,100,,,100325,100,,
2019-06-28 09:53:00.000000000,99918,100,99838,184,100004,184,99826,184,100070,100,99707,184,100074,284,98938,184,100116,184,98379,184,100222,100,,,100260,100,,,100278,100,,,100325,100,,,100449,100,,
2019-06-28 09:53:10.000000000,99918,158,99838,242,100004,238,99826,238,100070,154,99707,238,100074,200,98938,100,100116,100,98379,100,100222,100,,,100260,100,,,100278,100,,,100325,100,,,100449,100,,
2019-06-28 09:53:11.334283953,99918,158,99838,142,100004,238,99826,238,100070,154,99707,238,100074,200,98938,100,100116,100,98379,100,100222,100,,,100260,100,,,100278,100,,,100325,100,,,100449,100,,
2019-06-28 09:53:19.533435459,99918,158,99838,142,100004,238,99826,238,100070,154,99707,238,100074,200,98938,100,100116,100,98379,100,100222,100,98132,100,100260,100,,,100278,100,,,100325,100,,,100449,100,,
2019-06-28 09:53:20.000000000,99918,120,99826,204,100004,204,99707,204,100070,120,98938,204,100074,304,98379,204,100116,100,98132,100,100222,100,,,100260,100,,,100278,100,,,100325,100,,,100449,100,,
2019-06-28 09:53:21.235703505,99918,120,99826,104,100004,204,99707,204,100070,120,98938,204,100074,304,98379,204,100116,100,98132,100,100222,100,,,100260,100,,,100278,100,,,100325,100,,,100449,100,,
2019-06-28 09:53:21.237081679,99918,120,99826,4,100004,204,99707,204,100070,120,98938,204,100074,304,98379,204,100116,100,98132,100,100222,100,,,100260,100,,,100278,100,,,100325,100,,,100456,100,,
2019-06-28 09:53:23.557867021,99918,120,99826,4,100004,104,99707,204,100070,120,98938,204,100074,304,98379,204,100116,100,98132,100,100222,100,,,100260,100,,,100278,100,,,100325,100,,,100456,100,,
2019-06-28 09:53:30.000000000,99918,100,99707,184,100070,100,98938,184,100074,284,98379,184,100116,184,98132,184,100222,184,98131,84,100260,100,,,100278,100,,,100325,100,,,100456,100,,,100479,100,,
2019-06-28 09:53:31.524910137,99918,100,99707,84,100070,100,98938,184,100074,284,98434,100,100116,184,98379,184,100222,184,98132,184,100260,100,98131,84,100278,100,,,100325,100,,,100456,100,,,100479,100,,
2019-06-28 09:53:40.000000000,99918,434,98938,518,100070,16,98434,100,100074,200,98379,100,100116,100,98132,100,100222,100,,,100260,100,,,100278,100,,,100325,100,,,100456,100,,,100479,100,,
2019-06-28 09:53:43.008156431,99918,434,98938,418,100070,16,98434,100,100074,200,98379,100,100116,100,98132,100,100222,100,,,100260,100,,,100278,100,,,100325,100,,,100456,100,,,100479,100,,
2019-06-28 09:53:50.000000000,99918,225,98434,309,100070,225,98379,309,100074,200,98132,100,100116,100,,,100222,100,,,100260,100,,,100278,100,,,100325,100,,,100456,100,,,100479,100,,
2019-06-28 09:53:59.239509532,99918,225,98434,209,100070,225,98379,309,100074,200,98132,100,100116,100,,,100222,100,,,100260,100,,,100278,100,,,100325,100,,,100456,100,,,100479,100,,
2019-06-28 09:54:00.000000000,99918,225,98379,309,100070,225,98132,309,100074,200,,,100116,100,,,100222,100,,,100260,100,,,100278,100,,,100325,100,,,100456,100,,,100479,100,,
2019-06-28 09:54:07.875621428,99918,225,98379,209,100070,225,98132,309,100074,200,,,100116,100,,,100222,100,,,100260,100,,,100278,100,,,100325,100,,,100456,100,,,100479,100,,
2019-06-28 09:54:10.000000000,99918,158,98132,242,100070,154,98131,138,100074,338,,,100116,100,,,100222,100,,,100260,100,,,100278,100,,,100325,100,,,100456,100,,,100479,100,,
2019-06-28 09:54:18.003032522,98431,100,98132,242,99918,158,98131,138,100070,154,,,100074,338,,,100222,100,,,100260,100,,,100278,100,,,100325,100,,,100456,100,,,100479,100,,
2019-06-28 09:54:20.000000000,98431,309,98132,309,99918,225,98131,209,100070,16,,,100074,200,,,100222,100,,,100260,100,,,100278,100,,,100325,100,,,100456,100,,,100479,100,,
2019-06-28 09:54:20.352539456,98431,209,98132,309,99918,225,98131,209,100070,16,,,100074,200,,,100222,100,,,100260,100,,,100278,100,,,100325,100,,,100456,100,,,100632,100,,
2019-06-28 09:54:30.000000000,99918,225,98132,309,100070,225,98131,209,100074,200,,,100222,100,,,100260,100,,,100278,100,,,100325,100,,,100456,100,,,100632,100,,,100697,100,,
2019-06-28 09:54:31.014347680,99918,225,98806,100,100070,225,98132,309,100074,200,98131,209,100222,100,,,100260,100,,,100278,100,,,100325,100,,,100456,100,,,100632,100,,,100697,100,,
2019-06-28 09:54:40.000000000,99918,120,98806,204,100070,120,98132,204,100074,304,98131,104,100222,204,,,100260,100,,,100278,100,,,100325,100,,,100456,100,,,100632,100,,,100697,100,,
2019-06-28 09:54:49.786040008,99918,120,98806,204,100070,120,98519,100,100074,304,98132,204,100222,204,98131,104,100260,100,,,100278,100,,,100325,100,,,100456,100,,,100632,100,,,100697,100,,
2019-06-28 09:54:50.000000000,99918,434,98806,518,100070,16,98519,100,100074,200,98132,100,100222,100,,,100260,100,,,100278,100,,,100325,100,,,100456,100,,,100632,100,,,100697,100,,
2019-06-28 09:55:00.000000000,99918,225,98806,309,100070,225,98519,309,100074,200,98132,100,100222,100,,,100260,100,,,100278,100,,,100325,100,,,100456,100,,,100632,100,,,100697,100,,
2019-06-28 09:55:10.000000000,99918,225,98806,309,100070,225,98519,309,100074,200,98132,100,100222,100,,,100260,100,,,100278,100,,,100325,100,,,100456,100,,,100632,100,,,100697,100,,
2019-06-28 09:55:20.000000000,99918,225,98806,309,100070,225,98519,309,100074,200,98132,100,100222,100,,,100260,100,,,100278,100,,,100325,100,,,100456,100,,,100632,100,,,100697,100,,
2019-06-28 09:55:30.000000000,99918,100,98806,184,100070,100,98519,184,100074,284,98132,184,100222,184,98131,84,100260,184,,,100278,100,,,100325,100,,,100456,100,,,100632,100,,,100697,100,,
2019-06-28 09:55:40.000000000,99918,434,98806,518,100070,16,98519,100,100074,200,98132,100,100222,100,,,100260,100,,,100278,100,,,100325,100,,,100456,100,,,100632,100,,,100697,100,,
2019-06-28 09:55:50.000000000,99918,100,98806,184,100070,100,98519,184,100074,284,98132,184,100222,184,98131,84,100260,184,,,100278,100,,,100325,100,,,100456,100,,,100632,100,,,100697,100,,
2019-06-28 09:56:00.000000000,99918,100,98806,184,100070,100,98519,184,100074,284,98132,184,100222,184,98131,84,100260,184,,,100278,100,,,100325,100,,,100456,100,,,100632,100,,,100697,100,,
2019-06-28 09:56:07.870891900,99918,100,98806,184,100070,100,98519,184,100074,284,98475,100,100222,184,98132,184,100260,184,98131,84,100278,100,,,100325,100,,,100456,100,,,100632,100,,,100697,100,,
2019-06-28 09:56:10.000000000,99918,434,98806,518,100070,16,98519,100,100074,200,98475,100,100222,100,98132,100,100260,100,,,100278,100,,,100325,100,,,100456,100,,,100632,100,,,100697,100,,
2019-06-28 09:56:10.151804681,99918,434,98806,518,100070,16,98519,100,100074,200,98475,100,100222,100,98380,100,100260,100,98132,100,100278,100,,,100325,100,,,100456,100,,,100632,100,,,100697,100,,
2019-06-28 09:56:11.395988284,99918,434,98806,418,100070,16,98519,100,100074,200,98475,100,100222,100,98380,100,100260,100,98132,100,100278,100,,,100325,100,,,100456,100,,,100632,100,,,100751,100,,
2019-06-28 09:56:20.000000000,99918,225,98519,309,100070,225,98475,309,100074,200,98380,100,100222,100,98132,100,100260,100,,,100278,100,,,100325,100,,,100456,100,,,100632,100,,,100751,100,,
2019-06-28 09:56:30.000000000,99918,225,98519,309,100070,225,98475,309,100074,200,98380,100,100222,100,98132,100,100260,100,,,100278,100,,,100325,100,,,100456,100,,,100632,100,,,100751,100,,
2019-06-28 09:56:40.000000000,99918,120,98519,204,100070,120,98475,204,100074,304,98380,204,100222,204,98132,204,100260,100,,,100278,100,,,100325,100,,,100456,100,,,100632,100,,,100751,100,,
2019-06-28 09:56:50.000000000,99918,225,98519,309,100070,225,98475,309,100074,200,98380,100,100222,100,98132,100,100260,100,,,100278,100,,,100325,100,,,100456,100,,,100632,100,,,100751,100,,
2019-06-28 09:57:00.000000000,99918,434,98519,518,100070,16,98475,100,100074,200,98380,100,100222,100,98132,100,100260,100,,,100278,100,,,100325,100,,,100456,100,,,100632,100,,,100751,100,,
2019-06-28 09:57:00.453721669,99665,100,98519,518,99918,434,98475,100,100070,16,98380,100,100074,200,98132,100,100222,100,,,100260,100,,,100278,100,,,100325,100,,,100456,100,,,100632,100,,
2019-06-28 09:57:10.000000000,99665,204,98519,204,99918,120,98475,204,100070,120,98380,204,100074,304,98132,204,100222,100,,,100260,100,,,100278,100,,,100325,100,,,100456,100,,,100632,100,,
2019-06-28 09:57:20.000000000,99665,204,98519,204,99918,120,98475,204,100070,120,98380,204,100074,304,98132,204,100222,100,,,100260,100,,,100278,100,,,100325,100,,,100456,100,,,100632,100,,
2019-06-28 09:57:30.000000000,99665,242,98519,242,99918,154,98475,238,100070,154,98380,238,100074,200,98132,100,100222,100,,,100260,100,,,100278,100,,,100325,100,,,100456,100,,,100632,100,,
2019-06-28 09:57:40.000000000,99665,184,98519,184,99918,100,98475,184,100070,100,98380,184,100074,284,98132,184,100222,184,98131,84,100260,100,,,100278,100,,,100325,100,,,100456,100,,,100632,100,,
2019-06-28 09:57:41.050175759,99665,84,98519,184,99918,100,98475,184,100070,100,98380,184,100074,284,98132,184,100222,184,98131,84,100260,100,,,100278,100,,,100325,100,,,100456,100,,,100632,100,,
2019-06-28 09:57:42.793750351,99918,100,99665,16,100070,100,98519,184,100074,284,98475,184,100222,184,98380,184,100260,100,98132,184,100278,100,98131,84,100325,100,,,100456,100,,,100632,100,,,100751,100,,
2019-06-28 09:57:44.036294378,99918,100,99665,116,100070,100,98519,184,100074,284,98475,184,100222,184,98380,184,100260,100,98132,184,100278,100,98131,84,100325,100,,,100456,100,,,100632,100,,,100751,100,,
2019-06-28 09:57:50.000000000,99918,158,99665,258,100070,154,98519,238,100074,338,98475,238,100222,100,98380,100,100260,100,98132,100,100278,100,,,100325,100,,,100456,100,,,100632,100,,,100751,100,,
2019-06-28 09:57:50.099472073,99918,158,99665,358,100070,154,98519,238,100074,338,98475,238,100222,100,98380,100,100260,100,98132,100,100278,100,,,100325,100,,,100456,100,,,100632,100,,,100751,100,,
2019-06-28 09:58:00.000000000,99918,434,99665,634,100070,16,98519,100,100074,200,98475,100,100222,100,98380,100,100260,100,98132,100,100278,100,,,100325,100,,,100456,100,,,100632,100,,,100751,100,,
2019-06-28 09:58:10.000000000,99918,100,99665,300,100070,100,98519,184,100074,284,98475,184,100222,184,98380,184,100260,184,98132,184,100278,100,,,100325,100,,,100456,100,,,100632,100,,,100751,100,,
2019-06-28 09:58:20.000000000,99918,225,99665,425,100070,225,98519,309,100074,200,98475,100,100222,100,98380,100,100260,100,98132,100,100278,100,,,100325,100,,,100456,100,,,100632,100,,,100751,100,,
2019-06-28 09:58:21.455355702,99918,225,99665,425,100070,225,98519,309,100074,200,98475,100,100222,100,98380,100,100278,100,98132,100,100317,100,,,100325,100,,,100456,100,,,100632,100,,,100751,100,,
2019-06-28 09:58:29.172097400,99918,225,99665,425,100070,225,98519,309,100074,200,98475,100,100222,100,98380,100,100278,100,98132,100,100317,100,,,100325,100,,,100456,100,,,100497,100,,,100632,100,,
2019-06-28 09:58:30.000000000,99918,100,99665,300,100070,100,98519,184,100074,284,98475,184,100222,184,98380,184,100278,184,98132,184,100317,100,,,100325,100,,,100456,100,,,100497,100,,,100632,100,,
2019-06-28 09:58:33.262053394,100070,100,99665,300,100074,284,98519,184,100222,184,98475,184,100278,184,98380,184,100317,100,98132,184,100325,100,,,100497,100,,,100632,100,,,100751,100,,,100803,100,,
2019-06-28 09:58:40.000000000,100070,434,99665,634,100074,200,98519,100,100222,100,98475,100,100278,100,98380,100,100317,100,98132,100,100325,100,,,100497,100,,,100632,100,,,100751,100,,,100803,100,,
2019-06-28 09:58:44.951971842,100070,434,99666,100,100074,200,99665,634,100222,100,98519,100,100278,100,98475,100,100317,100,98380,100,100325,100,98132,100,100497,100,,,100632,100,,,100751,100,,,100803,100,,
2019-06-28 09:58:50.000000000,100070,434,99666,518,100074,200,99665,216,100222,100,98519,100,100278,100,98475,100,100317,100,98380,100,100325,100,98132,100,100497,100,,,100632,100,,,100751,100,,,100803,100,,
2019-06-28 09:59:00.000000000,100070,434,99666,518,100074,200,99665,216,100222,100,98519,100,100278,100,98475,100,100317,100,98380,100,100325,100,98132,100,100497,100,,,100632,100,,,100751,100,,,100803,100,,
2019-06-28 09:59:02.851704745,100070,434,99733,100,100074,200,99666,518,100222,100,99665,216,100278,100,98475,100,100317,100,98380,100,100325,100,98132,100,100497,100,,,100632,100,,,100751,100,,,100803,100,,
2019-06-28 09:59:04.387323369,99846,100,99733,100,100070,434,99666,518,100074,200,99665,216,100222,100,98475,100,100278,100,98380,100,100317,100,98132,100,100325,100,,,100497,100,,,100632,100,,,100751,100,,
2019-06-28 09:59:06.278428226,100070,434,99733,100,100074,200,99666,518,100222,100,99665,216,100278,100,98475,100,100317,100,98380,100,100325,100,98132,100,100497,100,,,100632,100,,,100751,100,,,100803,100,,
2019-06-28 09:59:10.000000000,100070,120,99733,204,100074,304,99666,204,100222,204,99665,320,100278,204,98475,204,100317,100,98380,100,100325,100,98132,100,100497,100,,,100632,100,,,100751,100,,,100803,100,,
2019-06-28 09:59:20.000000000,100070,158,99733,242,100074,338,99666,238,100222,238,99665,354,100278,100,98475,100,100317,100,98380,100,100325,100,98132,100,100497,100,,,100632,100,,,100751,100,,,100803,100,,
2019-06-28 09:59:30.000000000,100070,100,99733,184,100074,284,99666,184,100222,184,99665,300,100278,184,98475,184,100317,184,98380,184,100325,100,98132,100,100497,100,,,100632,100,,,100751,100,,,100803,100,,
2019-06-28 09:59:40.000000000,100070,434,99733,518,100074,200,99666,100,100222,100,99665,216,100278,100,98475,100,100317,100,98380,100,100325,100,98132,100,100497,100,,,100632,100,,,100751,100,,,100803,100,,
2019-06-28 09:59:50.000000000,100070,100,99733,184,100074,284,99666,184,100222,184,99665,300,100278,184,98475,184,100317,184,98380,184,100325,100,98132,100,100497,100,,,100632,100,,,100751,100,,,100803,100,,
2019-06-28 10:00:00.000000000,100070,434,99733,518,100074,200,99666,100,100222,100,99665,216,100278,100,98475,100,100317,100,98380,100,100325,100,98132,100,100497,100,,,100632,100,,,100751,100,,,100803,100,,
2019-06-28 10:00:10.000000000,100070,100,99733,184,100074,284,99666,184,100222,184,99665,300,100278,184,98475,184,100317,184,98380,184,100325,100,98132,100,100497,100,,,100632,100,,,100751,100,,,100803,100,,
2019-06-28 10:00:20.000000000,100070,434,99733,518,100074,200,99666,100,100222,100,99665,216,100278,100,98475,100,100317,100,98380,100,100325,100,98132,100,100497,100,,,100632,100,,,100751,100,,,100803,100,,
2019-06-28 10:00:28.344194187,100070,434,99733,518,100074,100,99666,100,100222,100,99665,216,100278,100,98475,100,100317,100,98380,100,100325,100,98132,100,100497,100,,,100632,100,,,100751,100,,,100803,100,,
2019-06-28 10:00:30.000000000,100070,158,99733,242,100074,238,99666,238,100222,238,99665,354,100278,100,98475,100,100317,100,98380,100,100325,100,98132,100,100497,100,,,100632,100,,,100751,100,,,100803,100,,
2019-06-28 10:00:35.137006140,100070,158,99921,100,100074,238,99733,242,100222,238,99666,238,100278,100,99665,354,100317,100,98475,100,100325,100,98380,100,100497,100,98132,100,100632,100,,,100751,100,,,100803,100,,
2019-06-28 10:00:37.067839046,100070,158,99733,142,100074,238,99666,238,100222,238,99665,354,100278,100,98475,100,100317,100,98380,100,100325,100,98132,100,100497,100,,,100632,100,,,100751,100,,,100803,100,,
2019-06-28 10:00:40.000000000,100070,225,99666,309,100074,309,99665,425,100222,100,98475,100,100278,100,98380,100,100317,100,98132,100,100325,100,,,100497,100,,,100632,100,,,100751,100,,,100803,100,,
2019-06-28 10:00:40.033474343,100070,225,99666,309,100074,309,99665,425,100222,100,98475,100,100231,100,98380,100,100278,100,98132,100,100317,100,,,100325,100,,,100497,100,,,100632,100,,,100751,100,,
2019-06-28 10:00:42.930262239,100070,225,99718,100,100074,309,99666,309,100222,100,99665,425,100231,100,98380,100,100278,100,98132,100,100317,100,,,100325,100,,,100497,100,,,100632,100,,,100751,100,,
2019-06-28 10:00:50.000000000,100070,100,99718,184,100074,184,99666,184,100222,184,99665,300,100231,184,98380,184,100278,184,98132,184,100317,100,,,100325,100,,,100497,100,,,100632,100,,,100751,100,,
2019-06-28 10:01:00.000000000,100070,120,99718,204,100074,204,99666,204,100222,204,99665,320,100231,204,98380,204,100278,100,98132,100,100317,100,,,100325,100,,,100497,100,,,100632,100,,,100751,100,,
2019-06-28 10:01:06.104199499,100070,120,99718,104,100074,204,99666,204,100222,204,99665,320,100231,204,98380,204,100278,100,98132,100,100317,100,,,100325,100,,,100497,100,,,100632,100,,,100751,100,,
2019-06-28 10:01:09.362161568,99921,100,99718,104,100070,120,99666,204,100074,204,99665,320,100222,204,98380,204,100231,204,98132,100,100278,100,,,100317,100,,,100325,100,,,100497,100,,,100632,100,,
2019-06-28 10:01:10.000000000,99921,309,99666,309,100070,225,99665,425,100074,100,98380,100,100222,100,98132,100,100231,100,,,100278,100,,,100317,100,,,100325,100,,,100497,100,,,100632,100,,
2019-06-28 10:01:10.575850065,99767,100,99666,309,99921,309,99665,425,100070,225,98380,100,100074,100,98132,100,100222,100,,,100231,100,,,100278,100,,,100317,100,,,100325,100,,,100497,100,,
2019-06-28 10:01:20.000000000,99767,184,99666,184,99921,184,99665,300,100070,100,98380,184,100074,184,98132,184,100222,184,98131,84,100231,100,,,100278,100,,,100317,100,,,100325,100,,,100497,100,,
2019-06-28 10:01:23.219298748,99767,184,99666,184,99921,184,99665,300,100070,100,99549,100,100074,184,98380,184,100222,184,98132,184,100231,100,98131,84,100278,100,,,100317,100,,,100325,100,,,100497,100,,
2019-06-28 10:01:30.000000000,99767,242,99666,242,99921,238,99665,354,100070,154,99549,238,100074,100,98380,100,100222,100,98132,100,100231,100,,,100278,100,,,100317,100,,,100325,100,,,100497,100,,
2019-06-28 10:01:30.178531761,99767,242,99666,242,99921,238,99665,354,100070,154,99643,100,100074,100,99549,238,100222,100,98380,100,100231,100,98132,100,100278,100,,,100317,100,,,100325,100,,,100497,100,,
2019-06-28 10:01:34.625493128,99767,242,99734,100,99921,238,99666,242,100070,154,99665,254,100074,100,99643,100,100222,100,99549,238,100231,100,98380,100,100278,100,98132,100,100317,100,,,100325,100,,,100497,100,,
2019-06-28 10:01:40.000000000,99767,184,99734,184,99921,184,99666,184,100070,100,99665,200,100074,184,99643,184,100222,184,99549,184,100231,100,98380,100,100278,100,98132,100,100317,100,,,100325,100,,,100497,100,,
2019-06-28 10:01:50.000000000,99767,309,99734,309,99921,309,99666,309,100070,16,99665,116,100074,100,99643,100,100222,100,99549,100,100231,100,98380,100,100278,100,98132,100,100317,100,,,100325,100,,,100497,100,,
2019-06-28 10:02:00.000000000,99767,242,99734,242,99921,238,99666,238,100070,154,99665,254,100074,100,99643,100,100222,100,99549,100,100231,100,98380,100,100278,100,98132,100,100317,100,,,100325,100,,,100497,100,,
2019-06-28 10:02:10.000000000,99767,204,99734,204,99921,204,99666,204,100070,120,99665,220,100074,204,99643,204,100222,100,99549,100,100231,100,98380,100,100278,100,98132,100,100317,100,,,100325,100,,,100497,100,,
2019-06-28 10:02:13.394350746,99767,204,99734,104,99921,204,99666,204,100070,120,99665,220,100074,204,99643,204,100222,100,99549,100,100231,100,98380,100,100278,100,98132,100,100317,100,,,100325,100,,,100497,100,,
2019-06-28 10:02:20.000000000,99767,309,99666,309,99921,309,99665,325,100070,16,99643,100,100074,100,99549,100,100222,100,98380,100,100231,100,98132,100,100278,100,,,100317,100,,,100325,100,,,100497,100,,
2019-06-28 10:02:25.356415082,99767,309,99666,309,99921,309,99665,325,100070,16,99643,100,100074,100,99549,100,100222,100,99471,100,100231,100,98380,100,100278,100,98132,100,100317,100,,,100325,100,,,100497,100,,
2019-06-28 10:02:30.000000000,99767,309,99666,309,99921,309,99665,325,100070,16,99643,100,100074,100,99549,100,100222,100,99471,100,100231,100,98380,100,100278,100,98132,100,100317,100,,,100325,100,,,100497,100,,
2019-06-28 10:02:33.619422832,99767,309,99666,309,99921,309,99665,325,100070,16,99549,100,100074,100,99472,100,100222,100,99471,100,100231,100,98380,100,100278,100,98132,100,100317,100,,,100325,100,,,100497,100,,
2019-06-28 10:02:40.000000000,99767,204,99666,204,99921,204,99665,220,100070,120,99549,204,100074,204,99472,204,100222,100,99471,100,100231,100,98380,100,100278,100,98132,100,100317,100,,,100325,100,,,100497,100,,
2019-06-28 10:02:49.188692664,99767,204,99666,204,99921,204,99665,220,100070,120,99549,204,100074,204,99472,204,100222,100,99471,100,100231,100,99233,100,100278,100,98380,100,100317,100,98132,100,100325,100,,,100497,100,,
2019-06-28 10:02:50.000000000,99767,242,99666,242,99921,238,99665,254,100070,154,99549,238,100074,100,99472,100,100222,100,99471,100,100231,100,99233,100,100278,100,98380,100,100317,100,98132,100,100325,100,,,100497,100,,
2019-06-28 10:03:00.000000000,99767,204,99666,204,99921,204,99665,220,100070,120,99549,204,100074,204,99472,204,100222,100,99471,100,100231,100,99233,100,100278,100,98380,100,100317,100,98132,100,100325,100,,,100497,100,,
2019-06-28 10:03:10.000000000,99767,204,99666,204,99921,204,99665,220,100070,120,99549,204,100074,204,99472,204,100222,100,99471,100,100231,100,99233,100,100278,100,98380,100,100317,100,98132,100,100325,100,,,100497,100,,
2019-06-28 10:03:13.589707220,99767,204,99666,204,99921,204,99665,220,100070,120,99549,204,100074,204,99472,204,100222,100,99471,100,100231,100,99393,100,100278,100,99233,100,100317,100,98380,100,100325,100,98132,100,100497,100,,
2019-06-28 10:03:20.000000000,99767,518,99666,518,99921,100,99665,116,100070,16,99549,100,100074,100,99472,100,100222,100,99471,100,100231,100,99393,100,100278,100,99233,100,100317,100,98380,100,100325,100,98132,100,100497,100,,
2019-06-28 10:03:25.652717811,99767,518,99666,518,99921,100,99665,116,100070,16,99549,100,100074,100,99472,100,100222,100,99471,100,100231,100,99393,100,100278,100,99256,100,100317,100,99233,100,100325,100,98380,100,100497,100,98132,100
2019-06-28 10:03:30.000000000,99767,242,99666,242,99921,238,99665,254,100070,154,99549,238,100074,100,99472,100,100222,100,99471,100,100231,100,99393,100,100278,100,99256,100,100317,100,99233,100,100325,100,98380,100,100497,100,98132,100
2019-06-28 10:03:40.000000000,99767,309,99666,309,99921,309,99665,325,100070,16,99549,100,100074,100,99472,100,100222,100,99471,100,100231,100,99393,100,100278,100,99256,100,100317,100,99233,100,100325,100,98380,100,100497,100,98132,100
2019-06-28 10:03:50.000000000,99767,242,99666,242,99921,238,99665,254,100070,154,99549,238,100074,100,99472,100,100222,100,99471,100,100231,100,99393,100,100278,100,99256,100,100317,100,99233,100,100325,100,98380,100,100497,100,98132,100
2019-06-28 10:03:57.937370729,99726,100,99666,242,99767,242,99665,254,99921,238,99549,238,100070,154,99472,100,100074,100,99471,100,100222,100,99393,100,100278,100,99256,100,100317,100,99233,100,100325,100,98380,100,100497,100,98132,100
2019-06-28 10:04:00.000000000,99726,204,99666,204,99767,204,99665,220,99921,204,99549,204,100070,120,99472,204,100074,100,99471,100,100222,100,99393,100,100278,100,99256,100,100317,100,99233,100,100325,100,98380,100,100497,100,98132,100
2019-06-28 10:04:10.000000000,99726,184,99666,184,99767,184,99665,200,99921,184,99549,184,100070,100,99472,184,100074,184,99471,184,100222,100,99393,100,100278,100,99256,100,100317,100,99233,100,100325,100,98380,100,100497,100,98132,100
2019-06-28 10:04:18.314051548,99726,84,99666,184,99767,184,99665,200,99921,184,99549,184,100070,100,99472,184,100074,184,99471,184,100222,100,99393,100,100278,100,99256,100,100317,100,99233,100,100325,100,98380,100,100497,100,98132,100
2019-06-28 10:04:20.000000000,99767,242,99666,242,99921,238,99665,254,100070,154,99549,238,100074,100,99472,100,100222,100,99471,100,100278,100,99393,100,100317,100,99256,100,100325,100,99233,100,100497,100,98380,100,100632,100,98132,100
2019-06-28 10:04:30.000000000,99767,242,99666,242,99921,238,99665,254,100070,154,99549,238,100074,100,99472,100,100222,100,99471,100,100278,100,99393,100,100317,100,99256,100,100325,100,99233,100,100497,100,98380,100,100632,100,98132,100
2019-06-28 10:04:37.309243326,99767,242,99666,242,99921,238,99665,254,100070,154,99549,238,100074,100,99472,100,100193,100,99471,100,100222,100,99393,100,100278,100,99256,100,100317,100,99233,100,100325,100,98380,100,100497,100,98132,100
2019-06-28 10:04:40.000000000,99767,204,99666,204,99921,204,99665,220,100070,120,99549,204,100074,204,99472,204,100193,100,99471,100,100222,100,99393,100,100278,100,99256,100,100317,100,99233,100,100325,100,98380,100,100497,100,98132,100
2019-06-28 10:04:42.333008440,99767,104,99666,204,99921,204,99665,220,100070,120,99549,204,100074,204,99472,204,100193,100,99471,100,100222,100,99393,100,100278,100,99256,100,100317,100,99233,100,100325,100,98380,100,100497,100,98132,100
2019-06-28 10:04:50.000000000,99921,184,99666,184,100070,100,99665,200,100074,184,99549,184,100193,184,99472,184,100222,184,99471,184,100278,100,99393,100,100317,100,99256,100,100325,100,99233,100,100497,100,98380,100,100632,100,98132,100
2019-06-28 10:05:00.000000000,99921,309,99666,309,100070,225,99665,325,100074,100,99549,100,100193,100,99472,100,100222,100,99471,100,100278,100,99393,100,100317,100,99256,100,100325,100,99233,100,100497,100,98380,100,100632,100,98132,100
2019-06-28 10:05:10.000000000,99921,309,99666,309,100070,225,99665,325,100074,100,99549,100,100193,100,99472,100,100222,100,99471,100,100278,100,99393,100,100317,100,99256,100,100325,100,99233,100,100497,100,98380,100,100632,100,98132,100
2019-06-28 10:05:20.000000000,99921,518,99666,518,100070,16,99665,116,100074,100,99549,100,100193,100,99472,100,100222,100,99471,100,100278,100,99393,100,100317,100,99256,100,100325,100,99233,100,100497,100,98380,100,100632,100,98132,100
2019-06-28 10:05:28.319832789,99921,518,99666,518,99981,100,99665,116,100070,16,99549,100,100074,100,99472,100,100193,100,99471,100,100222,100,99393,100,100278,100,99256,100,100317,100,99233,100,100325,100,98380,100,100497,100,98132,100
2019-06-28 10:05:30.000000000,99921,309,99666,309,99981,309,99665,325,100070,16,99549,100,100074,100,99472,100,100193,100,99471,100,100222,100,99393,100,100278,100,99256,100,100317,100,99233,100,100325,100,98380,100,100497,100,98132,100
2019-06-28 10:05:34.569220890,99799,100,99666,309,99921,309,99665,325,99981,309,99549,100,100070,16,99472,100,100074,100,99471,100,100193,100,99393,100,100222,100,99256,100,100317,100,99233,100,100325,100,98380,100,100497,100,98132,100
2019-06-28 10:05:40.000000000,99799,204,99666,204,99921,204,99665,220,99981,204,99549,204,100070,120,99472,204,100074,100,99471,100,100193,100,99393,100,100222,100,99256,100,100317,100,99233,100,100325,100,98380,100,100497,100,98132,100
2019-06-28 10:05:50.000000000,99799,242,99666,242,99921,238,99665,254,99981,238,99549,238,100070,16,99472,100,100074,100,99471,100,100193,100,99393,100,100222,100,99256,100,100317,100,99233,100,100325,100,98380,100,100497,100,98132,100
2019-06-28 10:05:52.455433822,99799,142,99666,242,99921,238,99665,254,99981,238,99549,238,100070,16,99472,100,100074,100,99471,100,100193,100,99393,100,100222,100,99256,100,100317,100,99233,100,100325,100,98380,100,100497,100,98132,100
2019-06-28 10:05:52.689458588,99799,142,99767,100,99921,238,99666,242,99981,238,99665,154,100070,16,99549,238,100074,100,99472,100,100193,100,99471,100,100222,100,99393,100,100317,100,99256,100,100325,100,99233,100,100497,100,98380,100
2019-06-28 10:05:58.106720877,99799,142,99767,100,99921,238,99666,242,99981,238,99665,154,100070,16,99549,238,100074,100,99472,100,100193,100,99471,100,100222,100,99393,100,100295,100,99256,100,100317,100,99233,100,100325,100,98380,100
2019-06-28 10:06:00.000000000,99921,309,99767,309,99981,309,99666,309,100070,16,99665,16,100074,100,99549,100,100193,100,99472,100,100222,100,99471,100,100295,100,99393,100,100317,100,99256,100,100325,100,99233,100,100497,100,98380,100
2019-06-28 10:06:10.000000000,99921,242,99767,242,99981,238,99666,238,100070,154,99665,154,100074,100,99549,100,100193,100,99472,100,100222,100,99471,100,100295,100,99393,100,100317,100,99256,100,100325,100,99233,100,100497,100,98380,100
2019-06-28 10:06:20.000000000,99921,309,99767,309,99981,309,99666,309,100070,16,99665,16,100074,100,99549,100,100193,100,99472,100,100222,100,99471,100,100295,100,99393,100,100317,100,99256,100,100325,100,99233,100,100497,100,98380,100
2019-06-28 10:06:30.000000000,99921,204,99767,204,99981,204,99666,204,100070,120,99665,120,100074,204,99549,204,100193,100,99472,100,100222,100,99471,100,100295,100,99393,100,100317,100,99256,100,100325,100,99233,100,100497,100,98380,100
2019-06-28 10:06:40.000000000,99921,518,99767,518,99981,100,99666,100,100070,16,99665,16,100074,100,99549,100,100193,100,99472,100,100222,100,99471,100,100295,100,99393,100,100317,100,99256,100,100325,100,99233,100,100497,100,98380,100
2019-06-28 10:06:43.598068821,99921,518,99903,100,99981,100,99767,518,100070,16,99666,100,100074,100,99665,16,100193,100,99549,100,100222,100,99471,100,100295,100,99393,100,100317,100,99256,100,100325,100,99233,100,100497,100,98380,100
2019-06-28 10:06:50.000000000,99921,204,99903,204,99981,204,99767,204,100070,120,99666,204,100074,204,99665,120,100193,100,99549,100,100222,100,99471,100,100295,100,99393,100,100317,100,99256,100,100325,100,99233,100,100497,100,98380,100
2019-06-28 10:07:00.000000000,99921,242,99903,242,99981,238,99767,238,100070,154,99666,238,100074,100,99665,16,100193,100,99549,100,100222,100,99471,100,100295,100,99393,100,100317,100,99256,100,100325,100,99233,100,100497,100,98380,100
2019-06-28 10:07:10.000000000,99921,309,99903,309,99981,309,99767,309,100070,16,99666,100,100074,100,99665,16,100193,100,99549,100,100222,100,99471,100,100295,100,99393,100,100317,100,99256,100,100325,100,99233,100,100497,100,98380,100
2019-06-28 10:07:20.000000000,99921,518,99903,518,99981,100,99767,100,100070,16,99666,100,100074,100,99665,16,100193,100,99549,100,100222,100,99471,100,100295,100,99393,100,100317,100,99256,100,100325,100,99233,100,100497,100,98380,100
2019-06-28 10:07:24.499418594,99921,518,99903,418,99981,100,99767,100,100070,16,99666,100,100074,100,99665,16,100193,100,99549,100,100222,100,99471,100,100295,100,99393,100,100317,100,99256,100,100325,100,99233,100,100497,100,98380,100
2019-06-28 10:07:30.000000000,99921,242,99767,242,99981,238,99666,238,100070,154,99665,154,100074,100,99549,100,100193,100,99471,100,100222,100,99393,100,100295,100,99256,100,100317,100,99233,100,100325,100,98380,100,100497,100,98132,100
2019-06-28 10:07:40.000000000,99921,309,99767,309,99981,309,99666,309,100070,16,99665,16,100074,100,99549,100,100193,100,99471,100,100222,100,99393,100,100295,100,99256,100,100317,100,99233,100,100325,100,98380,100,100497,100,98132,100
2019-06-28 10:07:48.849779587,99921,309,99767,309,99981,309,99666,309,100070,16,99665,16,100074,100,99549,100,100193,100,99471,100,100222,100,99393,100,100295,100,99256,100,100317,100,99233,100,100325,100,98985,100,100497,100,98380,100
2019-06-28 10:07:50.000000000,99921,204,99767,204,99981,204,99666,204,100070,120,99665,120,100074,204,99549,204,100193,100,99471,100,100222,100,99393,100,100295,100,99256,100,100317,100,99233,100,100325,100,98985,100,100497,100,98380,100
2019-06-28 10:08:00.000000000,99921,309,99767,309,99981,309,99666,309,100070,16,99665,16,100074,100,99549,100,100193,100,99471,100,100222,100,99393,100,100295,100,99256,100,100317,100,99233,100,100325,100,98985,100,100497,100,98380,100
2019-06-28 10:08:10.000000000,99921,242,99767,242,99981,238,99666,238,100070,154,99665,154,100074,100,99549,100,100193,100,99471,100,100222,100,99393,100,100295,100,99256,100,100317,100,99233,100,100325,100,98985,100,100497,100,98380,100
2019-06-28 10:08:20.000000000,99921,309,99767,309,99981,309,99666,309,100070,16,99665,16,100074,100,99549,100,100193,100,99471,100,100222,100,99393,100,100295,100,99256,100,100317,100,99233,100,100325,100,98985,100,100497,100,98380,100
2019-06-28 10:08:30.000000000,99921,309,99767,309,99981,309,99666,309,100070,16,99665,16,100074,100,99549,100,100193,100,99471,100,100222,100,99393,100,100295,100,99256,100,100317,100,99233,100,100325,100,98985,100,100497,100,98380,100
2019-06-28 10:08:40.000000000,99921,309,99767,309,99981,309,99666,309,100070,16,99665,16,100074,100,99549,100,100193,100,99471,100,100222,100,99393,100,100295,100,99256,100,100317,100,99233,100,100325,100,98985,100,100497,100,98380,100
2019-06-28 10:08:50.000000000,99921,184,99767,184,99981,184,99666,184,100070,100,99665,100,100074,184,99549,184,100193,184,99471,184,100222,100,99393,100,100295,100,99256,100,100317,100,99233,100,100325,100,98985,100,100497,100,98380,100
2019-06-28 10:08:57.078547861,99921,184,99767,84,99981,184,99666,184,100070,100,99665,100,100074,184,99549,184,100193,184,99471,184,100222,100,99393,100,100295,100,99256,100,100317,100,99233,100,100325,100,98985,100,100497,100,98380,100
2019-06-28 10:08:59.269987894,99921,184,99767,84,99981,184,99666,184,100070,100,99665,100,100074,184,99549,184,100193,184,99471,184,100222,100,99393,100,100295,100,99256,100,100317,100,99233,100,100325,100,98985,100,100497,100,98944,100
2019-06-28 10:09:00.000000000,99921,518,99666,518,99981,100,99665,16,100070,16,99549,100,100074,100,99471,100,100193,100,99393,100,100222,100,99256,100,100295,100,99233,100,100317,100,98985,100,100325,100,98944,100,100497,100,98380,100
2019-06-28 10:09:10.000000000,99921,184,99666,184,99981,184,99665,100,100070,100,99549,184,100074,184,99471,184,100193,184,99393,184,100222,100,99256,100,100295,100,99233,100,100317,100,98985,100,100325,100,98944,100,100497,100,98380,100
2019-06-28 10:09:20.000000000,99921,204,99666,204,99981,204,99665,120,100070,120,99549,204,100074,204,99471,204,100193,100,99393,100,100222,100,99256,100,100295,100,99233,100,100317,100,98985,100,100325,100,98944,100,100497,100,98380,100
2019-06-28 10:09:20.245642845,99921,204,99666,204,99981,204,99665,104,100070,120,99549,204,100074,204,99471,204,100193,100,99393,100,100222,100,99256,100,100295,100,99233,100,100317,100,98985,100,100325,100,98944,100,100497,100,98928,100
2019-06-28 10:09:27.750131396,99921,204,99666,204,99981,204,99665,104,100070,120,99549,204,100074,104,99471,204,100193,100,99393,100,100222,100,99256,100,100295,100,99233,100,100317,100,98985,100,100325,100,98944,100,100497,100,98928,100
2019-06-28 10:09:30.000000000,99921,309,99666,309,99981,309,99549,309,100070,16,99471,100,100193,100,99393,100,100222,100,99256,100,100295,100,99233,100,100317,100,98985,100,100325,100,98944,100,100497,100,98928,100,100632,100,98380,100
2019-06-28 10:09:31.384112494,99921,309,99666,209,99981,309,99549,309,100070,16,99471,100,100193,100,99393,100,100222,100,99256,100,100295,100,99233,100,100317,100,98985,100,100325,100,98944,100,100497,100,98928,100,100632,100,98380,100
2019-06-28 10:09:40.000000000,99921,309,99549,309,99981,309,99471,309,100070,16,99393,100,100193,100,99256,100,100222,100,99233,100,100295,100,98985,100,100317,100,98944,100,100325,100,98928,100,100497,100,98380,100,100632,100,,
2019-06-28 10:09:48.792111628,99767,100,99549,309,99921,309,99471,309,99981,309,99393,100,100070,16,99256,100,100193,100,99233,100,100222,100,98985,100,100295,100,98944,100,100317,100,98928,100,100325,100,98380,100,100497,100,,
2019-06-28 10:09:50.000000000,99767,184,99549,184,99921,184,99471,184,99981,184,99393,184,100070,100,99256,184,100193,184,99233,184,100222,100,98985,100,100295,100,98944,100,100317,100,98928,100,100325,100,98380,100,100497,100,,
2019-06-28 10:09:53.296854835,99767,184,99549,184,99921,184,99471,184,99981,184,99393,184,100070,100,99256,184,100193,184,99233,184,100222,100,98985,100,100295,100,98969,100,100317,100,98944,100,100325,100,98928,100,100497,100,98380,100
2019-06-28 10:10:00.000000000,99767,518,99549,518,99921,100,99471,100,99981,100,99393,100,100070,16,99256,100,100193,100,99233,100,100222,100,98985,100,100295,100,98969,100,100317,100,98944,100,100325,100,98928,100,100497,100,98380,100
2019-06-28 10:10:00.359338034,99767,518,99549,518,99921,100,99471,100,99981,100,99393,100,100070,16,99256,100,100193,100,99233,100,100222,100,99002,100,100295,100,98985,100,100317,100,98944,100,100325,100,98928,100,100497,100,98380,100
2019-06-28 10:10:05.360934637,99767,518,99549,518,99921,100,99471,100,99981,100,99393,100,100070,16,99256,100,100193,100,99233,100,100222,100,99099,100,100295,100,99002,100,100317,100,98985,100,100325,100,98944,100,100497,100,98928,100
2019-06-28 10:10:10.000000000,99767,518,99549,518,99921,100,99471,100,99981,100,99393,100,100070,16,99256,100,100193,100,99233,100,100222,100,99099,100,100295,100,99002,100,100317,100,98985,100,100325,100,98944,100,100497,100,98928,100
2019-06-28 10:10:10.599420703,99767,618,99549,518,99921,100,99471,100,99981,100,99393,100,100070,16,99256,100,100193,100,99233,100,100222,100,99099,100,100295,100,99002,100,100317,100,98985,100,100325,100,98944,100,100497,100,98928,100
2019-06-28 10:10:11.158707882,99767,618,99549,518,99921,100,99471,100,99981,100,99393,100,100070,16,99256,100,100193,100,99233,100,100222,100,99099,100,100295,100,99002,100,100317,100,98985,100,100325,100,98952,100,100497,100,98944,100
2019-06-28 10:10:13.994846959,99767,618,99549,418,99921,100,99471,100,99981,100,99256,100,100070,16,99233,100,100193,100,99099,100,100222,100,99002,100,100295,100,98985,100,100317,100,98952,100,100325,100,98944,100,100497,100,98928,100
2019-06-28 10:10:20.000000000,99767,409,99471,309,99921,309,99256,309,99981,100,99233,100,100070,16,99099,100,100193,100,99002,100,100222,100,98985,100,100295,100,98952,100,100317,100,98944,100,100325,100,98928,100,100497,100,98380,100
