,ask_price_1,ask_size_1,bid_price_1,bid_size_1,ask_price_2,ask_size_2,bid_price_2,bid_size_2,ask_price_3,ask_size_3,bid_price_3,bid_size_3,ask_price_4,ask_size_4,bid_price_4,bid_size_4,ask_price_5,ask_size_5,bid_price_5,bid_size_5,ask_price_6,ask_size_6,bid_price_6,bid_size_6,ask_price_7,ask_size_7,bid_price_7,bid_size_7,ask_price_8,ask_size_8,bid_price_8,bid_size_8,ask_price_9,ask_size_9,bid_price_9,bid_size_9,ask_price_10,ask_size_10,bid_price_10,bid_size_10
2019-06-28 09:30:00.000000000,,,100020,100,,,,,,,,,,,,,,,,,,,,,,,,,,,,,,,,,,,,
2019-06-28 09:30:00.000000001,,,,,,,,,,,,,,,,,,,,,,,,,,,,,,,,,,,,,,,,
2019-06-28 09:30:00.000000002,99924,100,,,,,,,,,,,,,,,,,,,,,,,,,,,,,,,,,,,,,,
2019-06-28 09:30:00.000000006,99924,100,,,100159,100,,,,,,,,,,,,,,,,,,,,,,,,,,,,,,,,,,
2019-06-28 09:30:00.000000009,99924,100,,,100070,100,,,100159,100,,,,,,,,,,,,,,,,,,,,,,,,,,,,,,
2019-06-28 09:30:00.000000010,99924,100,,,100070,100,,,100159,100,,,100173,100,,,,,,,,,,,,,,,,,,,,,,,,,,
2019-06-28 09:30:00.000000011,100070,100,,,100159,100,,,100173,100,,,,,,,,,,,,,,,,,,,,,,,,,,,,,,
2019-06-28 09:30:00.000000019,100070,100,100045,100,100159,100,,,100173,100,,,,,,,,,,,,,,,,,,,,,,,,,,,,,,
2019-06-28 09:30:00.000000023,100070,100,,,100159,100,,,100173,100,,,,,,,,,,,,,,,,,,,,,,,,,,,,,,
2019-06-28 09:30:00.000000024,100045,100,,,100070,100,,,100159,100,,,100173,100,,,100176,100,,,,,,,,,,,,,,,,,,,,,,
2019-06-28 09:30:00.000000025,100045,100,99845,100,100070,100,,,100159,100,,,100173,100,,,100176,100,,,,,,,,,,,,,,,,,,,,,,
2019-06-28 09:30:00.000000027,100070,100,99845,100,100159,100,,,100173,100,,,100176,100,,,,,,,,,,,,,,,,,,,,,,,,,,
2019-06-28 09:30:00.000000029,100070,100,99886,100,100159,100,99845,100,100173,100,,,100176,100,,,,,,,,,,,,,,,,,,,,,,,,,,
2019-06-28 09:30:00.000000034,100070,100,99886,100,100115,100,99845,100,100159,100,,,100173,100,,,100176,100,,,,,,,,,,,,,,,,,,,,,,
2019-06-28 09:30:00.000000035,100045,100,100020,100,100069,100,99886,100,100070,100,99845,100,100115,100,,,100159,100,,,100173,100,,,100176,100,,,,,,,,,,,,,,
2019-06-28 09:30:00.000000036,100045,100,100020,100,100069,100,99886,100,100070,100,99845,100,100115,100,,,100159,100,,,100173,100,,,100176,100,,,,,,,,,,,,,,
2019-06-28 09:30:00.000000039,100045,100,100020,100,100069,100,99938,100,100070,100,99886,100,100115,100,99845,100,100159,100,,,100173,100,,,100176,100,,,,,,,,,,,,,,
2019-06-28 09:30:00.000000040,100045,100,100020,100,100069,100,99938,100,100070,100,99904,100,100115,100,99890,100,100159,100,99886,100,100173,100,99845,100,100176,100,,,,,,,,,,,,,,
2019-06-28 09:30:00.000000041,100045,100,99938,100,100069,100,99904,100,100070,100,99890,100,100115,100,99886,100,100159,100,99845,100,100173,100,,,100176,100,,,,,,,,,,,,,,
2019-06-28 09:30:00.000000043,100045,100,99938,100,100059,100,99904,100,100069,100,99890,100,100070,100,99886,100,100115,100,99845,100,100159,100,,,100173,100,,,100176,100,,,,,,,,,,
2019-06-28 09:30:00.000000045,100045,100,99938,100,100059,100,99904,100,100069,100,99890,100,100070,100,99886,100,100115,100,99845,100,100159,100,,,100173,100,,,100176,100,,,,,,,,,,
2019-06-28 09:30:00.000000046,100045,100,99938,100,100059,100,99904,100,100069,100,99890,100,100070,100,99886,100,100115,100,99845,100,100140,100,,,100159,100,,,100173,100,,,100176,100,,,,,,
2019-06-28 09:30:00.000000048,100045,100,99970,100,100059,100,99938,100,100069,100,99904,100,100070,100,99890,100,100115,100,99886,100,100140,100,99845,100,100159,100,,,100173,100,,,100176,100,,,,,,
2019-06-28 09:30:00.000000049,100045,100,99970,100,100059,100,99938,100,100069,100,99904,100,100070,100,99890,100,100115,100,99886,100,100140,100,99861,100,100159,100,99845,100,100173,100,,,100176,100,,,,,,
2019-06-28 09:30:00.000000050,100045,100,100025,100,100059,100,99970,100,100069,100,99938,100,100070,100,99904,100,100115,100,99890,100,100140,100,99886,100,100159,100,99861,100,100173,100,99845,100,100176,100,,,,,,
2019-06-28 09:30:00.000000051,100045,100,99970,100,100059,100,99938,100,100069,100,99904,100,100070,100,99890,100,100115,100,99886,100,100140,100,99861,100,100159,100,99845,100,100173,100,,,100176,100,,,,,,
2019-06-28 09:30:00.000000052,100045,100,99970,100,100059,100,99938,100,100069,100,99914,100,100070,100,99904,100,100115,100,99890,100,100140,100,99886,100,100159,100,99861,100,100173,100,99845,100,100176,100,,,,,,
2019-06-28 09:30:00.000000054,100045,100,99970,100,100059,100,99938,100,100069,100,99914,100,100070,100,99904,100,100115,200,99890,100,100140,100,99886,100,100149,100,99861,100,100159,100,99845,100,100173,100,,,100176,100,,
2019-06-28 09:30:00.000000058,100025,100,99970,100,100045,100,99938,100,100059,100,99914,100,100069,100,99904,100,100070,100,99890,100,100115,200,99886,100,100139,100,99861,100,100140,100,99845,100,100149,100,,,100159,100,,
2019-06-28 09:30:00.000000064,100025,100,99970,100,100045,100,99938,100,100059,100,99914,100,100069,100,99912,100,100070,100,99904,100,100115,200,99890,100,100139,100,99886,100,100140,100,99861,100,100149,100,99845,100,100159,100,,
2019-06-28 09:30:00.000000065,100025,100,99973,100,100045,100,99970,100,100059,100,99938,100,100069,100,99914,200,100070,100,99912,100,100096,100,99904,100,100115,200,99890,100,100139,100,99886,100,100140,100,99861,100,100149,100,99845,100
2019-06-28 09:30:00.000000066,100025,100,99973,100,100045,100,99970,100,100059,100,99938,100,100069,100,99914,200,100070,100,99912,100,100096,100,99904,100,100115,200,99890,100,100139,100,99886,100,100140,100,99880,100,100149,100,99861,100
2019-06-28 09:30:00.000000067,100025,100,99973,100,100045,100,99970,200,100059,100,99938,100,100069,100,99914,200,100070,100,99912,100,100096,100,99904,100,100115,200,99890,100,100139,100,99886,100,100140,100,99880,100,100149,100,99861,100
2019-06-28 09:30:00.000000068,100045,100,99973,100,100059,100,99970,200,100069,100,99938,100,100070,100,99914,200,100096,100,99912,100,100115,200,99904,100,100139,100,99890,100,100140,100,99886,100,100149,100,99880,100,100159,100,99861,100
2019-06-28 09:30:00.000000070,100045,100,99973,100,100059,100,99970,200,100069,100,99938,100,100070,100,99914,200,100084,100,99912,100,100096,100,99904,100,100115,200,99890,100,100139,100,99886,100,100140,100,99880,100,100149,100,99861,100
2019-06-28 09:30:00.000000073,100045,100,99973,100,100059,100,99970,200,100069,100,99938,100,100070,100,99914,200,100071,100,99912,100,100084,100,99904,100,100096,100,99890,100,100115,200,99886,100,100139,100,99880,100,100140,100,99861,100
2019-06-28 09:30:00.000000074,100045,100,99973,100,100059,100,99970,200,100069,100,99938,100,100070,100,99914,200,100071,100,99912,100,100084,100,99904,100,100096,100,99890,100,100115,200,99889,100,100139,100,99886,100,100140,100,99880,100
2019-06-28 09:30:00.000000075,100045,100,99973,100,100059,100,99970,200,100069,100,99938,100,100070,100,99914,200,100071,100,99912,100,100084,100,99904,100,100096,100,99902,100,100115,200,99890,100,100139,100,99889,100,100140,100,99886,100
2019-06-28 09:30:00.000000080,100059,100,99973,100,100069,100,99970,200,100070,100,99938,100,100071,100,99914,200,100084,100,99912,100,100096,100,99904,100,100115,200,99902,100,100139,100,99890,100,100140,100,99889,100,100149,100,99886,100
2019-06-28 09:30:00.000000082,100059,100,100022,100,100069,100,99973,100,100070,100,99970,200,100071,100,99938,100,100084,100,99914,200,100096,100,99912,100,100115,200,99904,100,100139,100,99902,100,100140,100,99890,100,100149,100,99889,100
2019-06-28 09:30:00.000000083,100059,100,100022,100,100069,100,99973,100,100070,100,99970,200,100071,100,99938,100,100084,100,99914,200,100096,100,99912,100,100115,200,99904,100,100139,100,99902,100,100140,100,99890,100,100149,100,99889,100
2019-06-28 09:30:00.000000086,100059,100,100022,100,100069,100,99973,100,100070,100,99970,200,100071,100,99938,100,100084,100,99914,200,100096,100,99912,100,100115,200,99904,100,100139,100,99902,100,100140,100,99890,100,100149,100,99889,100
2019-06-28 09:30:00.000000087,100059,100,100022,100,100069,100,99979,100,100070,100,99973,100,100071,100,99970,200,100084,100,99938,100,100096,100,99914,200,100115,200,99912,100,100139,100,99904,100,100140,100,99902,100,100149,100,99890,100
2019-06-28 09:30:00.000000090,100059,100,100025,100,100069,100,100022,100,100070,100,99979,100,100071,100,99973,100,100084,100,99970,200,100096,100,99938,100,100115,200,99914,200,100139,100,99912,100,100140,100,99904,100,100149,100,99902,100
2019-06-28 09:30:00.000000092,100059,100,100025,100,100069,100,100022,100,100070,100,99979,100,100071,100,99974,100,100084,100,99973,100,100096,100,99970,200,100115,200,99938,100,100139,100,99914,200,100140,100,99912,100,100149,100,99904,100
2019-06-28 09:30:00.000000093,100045,100,100025,100,100059,100,100022,100,100069,100,99979,100,100070,100,99974,100,100071,100,99973,100,100084,100,99970,200,100096,100,99938,100,100115,200,99914,200,100139,100,99912,100,100140,100,99904,100
2019-06-28 09:30:00.000000094,100045,100,100022,100,100059,100,99979,100,100069,100,99974,100,100070,100,99973,100,100071,200,99970,200,100084,100,99938,100,100096,100,99914,200,100115,200,99912,100,100139,100,99904,100,100140,100,99902,100
2019-06-28 09:30:00.000000096,100044,100,100022,100,100045,100,99979,100,100059,100,99974,100,100069,100,99973,100,100070,100,99970,200,100071,200,99938,100,100084,100,99914,200,100096,100,99912,100,100115,200,99904,100,100139,100,99902,100
2019-06-28 09:30:00.000000097,100044,100,100022,100,100045,100,99979,100,100059,100,99974,100,100069,100,99973,100,100070,100,99970,200,100071,200,99938,100,100084,100,99914,200,100096,100,99912,100,100115,200,99904,100,100139,100,99902,100
2019-06-28 09:30:10.000000000,100044,165,100022,165,100045,165,99979,165,100059,165,99974,165,100069,165,99973,165,100070,100,99970,200,100071,200,99938,100,100084,100,99914,200,100096,100,99912,100,100115,200,99904,100,100139,100,99902,100
2019-06-28 09:30:20.000000000,100044,165,100022,165,100045,165,99979,165,100059,165,99974,165,100069,165,99973,165,100070,100,99970,200,100071,200,99938,100,100084,100,99914,200,100096,100,99912,100,100115,200,99904,100,100139,100,99902,100
2019-06-28 09:30:22.092293636,100044,165,100022,165,100045,165,99979,165,100055,100,99974,165,100059,165,99973,165,100069,165,99970,200,100070,100,99938,100,100071,200,99914,200,100084,100,99912,100,100096,100,99904,100,100115,200,99902,100
2019-06-28 09:30:30.000000000,100044,230,100022,230,100045,230,99979,230,100055,100,99974,100,100059,100,99973,100,100069,100,99970,200,100070,100,99938,100,100071,200,99914,200,100084,100,99912,100,100096,100,99904,100,100115,200,99902,100
2019-06-28 09:30:31.832400845,100044,330,100022,230,100045,230,99979,230,100055,100,99974,100,100059,100,99973,100,100069,100,99970,200,100070,100,99938,100,100071,200,99914,200,100084,100,99912,100,100096,100,99904,100,100115,200,99902,100
2019-06-28 09:30:40.000000000,100044,252,100022,152,100045,152,99979,152,100055,152,99974,152,100059,152,99973,152,100069,152,99970,252,100070,100,99938,100,100071,200,99914,200,100084,100,99912,100,100096,100,99904,100,100115,200,99902,100
2019-06-28 09:30:50.000000000,100044,461,100022,361,100045,100,99979,100,100055,100,99974,100,100059,100,99973,100,100069,100,99970,200,100070,100,99938,100,100071,200,99914,200,100084,100,99912,100,100096,100,99904,100,100115,200,99902,100
2019-06-28 09:31:00.000000000,100044,461,100022,361,100045,100,99979,100,100055,100,99974,100,100059,100,99973,100,100069,100,99970,200,100070,100,99938,100,100071,200,99914,200,100084,100,99912,100,100096,100,99904,100,100115,200,99902,100
2019-06-28 09:31:10.000000000,100044,330,100022,230,100045,230,99979,230,100055,100,99974,100,100059,100,99973,100,100069,100,99970,200,100070,100,99938,100,100071,200,99914,200,100084,100,99912,100,100096,100,99904,100,100115,200,99902,100
2019-06-28 09:31:14.846368324,100040,100,100022,230,100044,330,99979,230,100045,230,99974,100,100055,100,99973,100,100059,100,99970,200,100069,100,99938,100,100070,100,99914,100,100071,200,99912,100,100084,100,99904,100,100096,100,99902,100
2019-06-28 09:31:20.000000000,100040,189,100022,189,100044,286,99979,186,100045,186,99974,186,100055,100,99973,100,100059,100,99970,200,100069,100,99938,100,100070,100,99914,100,100071,200,99912,100,100084,100,99904,100,100096,100,99902,100
2019-06-28 09:31:27.332835714,100040,189,100022,189,100044,286,99979,186,100045,186,99974,186,100055,100,99973,100,100059,100,99970,200,100069,100,99938,100,100070,100,99914,100,100071,200,99912,100,100084,100,99904,100,100096,100,99902,100
2019-06-28 09:31:30.000000000,100040,361,100022,361,100044,200,99979,100,100045,100,99974,100,100055,100,99973,100,100059,100,99970,200,100069,100,99938,100,100070,100,99914,100,100071,200,99912,100,100084,100,99904,100,100096,100,99902,100
2019-06-28 09:31:35.810725821,100040,361,100022,361,100044,200,99979,100,100045,100,99978,100,100055,100,99974,100,100059,100,99973,100,100069,100,99970,200,100070,100,99938,100,100071,200,99914,100,100084,100,99912,100,100096,100,99904,100
2019-06-28 09:31:40.000000000,100040,152,100022,152,100044,252,99979,152,100045,152,99978,152,100055,152,99974,152,100059,152,99973,152,100069,100,99970,200,100070,100,99938,100,100071,200,99914,100,100084,100,99912,100,100096,100,99904,100
2019-06-28 09:31:50.000000000,100040,152,100022,152,100044,252,99979,152,100045,152,99978,152,100055,152,99974,152,100059,152,99973,152,100069,100,99970,200,100070,100,99938,100,100071,200,99914,100,100084,100,99912,100,100096,100,99904,100
2019-06-28 09:32:00.000000000,100040,230,100022,230,100044,330,99979,230,100045,100,99978,100,100055,100,99974,100,100059,100,99973,100,100069,100,99970,200,100070,100,99938,100,100071,200,99914,100,100084,100,99912,100,100096,100,99904,100
2019-06-28 09:32:10.000000000,100040,165,100022,165,100044,265,99979,165,100045,165,99978,165,100055,165,99974,165,100059,100,99973,100,100069,100,99970,200,100070,100,99938,100,100071,200,99914,100,100084,100,99912,100,100096,100,99904,100
2019-06-28 09:32:20.000000000,100040,152,100022,152,100044,252,99979,152,100045,152,99978,152,100055,152,99974,152,100059,152,99973,152,100069,100,99970,200,100070,100,99938,100,100071,200,99914,100,100084,100,99912,100,100096,100,99904,100
2019-06-28 09:32:30.000000000,100040,165,100022,165,100044,265,99979,165,100045,165,99978,165,100055,165,99974,165,100059,100,99973,100,100069,100,99970,200,100070,100,99938,100,100071,200,99914,100,100084,100,99912,100,100096,100,99904,100
2019-06-28 09:32:36.482772851,100040,65,100022,165,100044,265,99979,165,100045,165,99978,165,100055,165,99974,165,100059,100,99973,100,100069,100,99970,100,100070,100,99938,100,100071,200,99914,100,100084,100,99912,100,100096,100,99904,100
2019-06-28 09:32:40.000000000,100044,461,100022,361,100045,100,99979,100,100055,100,99978,100,100059,100,99974,100,100069,100,99973,100,100070,100,99970,100,100071,200,99938,100,100084,100,99914,100,100096,100,99912,100,100115,100,99904,100
2019-06-28 09:32:40.352012736,100044,461,100022,361,100045,100,99979,100,100055,100,99978,100,100059,100,99974,100,100069,100,99973,100,100070,100,99970,100,100071,200,99938,100,100084,100,99914,100,100096,100,99904,100,100115,100,99902,100
2019-06-28 09:32:50.000000000,100044,265,100022,165,100045,165,99979,165,100055,165,99978,165,100059,165,99974,165,100069,100,99973,100,100070,100,99970,100,100071,200,99938,100,100084,100,99914,100,100096,100,99904,100,100115,100,99902,100
2019-06-28 09:33:00.000000000,100044,289,100022,189,100045,186,99979,186,100055,186,99978,186,100059,100,99974,100,100069,100,99973,100,100070,100,99970,100,100071,200,99938,100,100084,100,99914,100,100096,100,99904,100,100115,100,99902,100
2019-06-28 09:33:06.462527137,100044,289,100022,189,100045,186,99979,186,100055,186,99978,186,100059,100,99974,100,100069,100,99973,100,100070,100,99970,100,100071,200,99938,100,100084,100,99914,100,100096,100,99904,100,100115,100,99902,100
2019-06-28 09:33:10.000000000,100044,265,100022,165,100045,165,99979,165,100055,165,99978,165,100059,165,99974,165,100069,100,99973,100,100070,100,99970,100,100071,200,99938,100,100084,100,99914,100,100096,100,99904,100,100115,100,99902,100
2019-06-28 09:33:13.971174784,100044,265,100022,165,100045,165,99979,165,100055,165,99978,165,100059,165,99974,165,100069,100,99973,100,100070,100,99970,100,100071,200,99964,100,100084,100,99938,100,100096,100,99914,100,100115,100,99904,100
2019-06-28 09:33:20.000000000,100044,289,100022,189,100045,186,99979,186,100055,186,99978,186,100059,100,99974,100,100069,100,99973,100,100070,100,99970,100,100071,200,99964,100,100084,100,99938,100,100096,100,99914,100,100115,100,99904,100
2019-06-28 09:33:30.000000000,100044,265,100022,165,100045,165,99979,165,100055,165,99978,165,100059,165,99974,165,100069,100,99973,100,100070,100,99970,100,100071,200,99964,100,100084,100,99938,100,100096,100,99914,100,100115,100,99904,100
2019-06-28 09:33:39.001165344,100044,265,100022,165,100045,165,99979,165,100055,165,99978,165,100059,165,99974,165,100069,100,99973,100,100070,100,99970,100,100071,200,99964,100,100084,100,99938,100,100096,100,99914,100,100115,100,99904,100
2019-06-28 09:33:40.000000000,100044,461,100022,361,100045,100,99979,100,100055,100,99978,100,100059,100,99974,100,100069,100,99973,100,100070,100,99970,100,100071,200,99964,100,100084,100,99938,100,100096,100,99914,100,100115,100,99904,100
2019-06-28 09:33:50.000000000,100044,461,100022,361,100045,100,99979,100,100055,100,99978,100,100059,100,99974,100,100069,100,99973,100,100070,100,99970,100,100071,200,99964,100,100084,100,99938,100,100096,100,99914,100,100115,100,99904,100
2019-06-28 09:33:57.637752719,100044,461,100025,100,100045,100,100022,361,100055,100,99979,100,100059,100,99978,100,100069,100,99974,100,100070,100,99973,100,100071,200,99970,100,100084,100,99964,100,100096,100,99938,100,100115,100,99914,100
2019-06-28 09:34:00.000000000,100044,461,100025,361,100045,100,100022,100,100055,100,99979,100,100059,100,99978,100,100069,100,99974,100,100070,100,99973,100,100071,200,99970,100,100084,100,99964,100,100096,100,99938,100,100115,100,99914,100
2019-06-28 09:34:10.000000000,100044,265,100025,165,100045,165,100022,165,100055,165,99979,165,100059,165,99978,165,100069,100,99974,100,100070,100,99973,100,100071,200,99970,100,100084,100,99964,100,100096,100,99938,100,100115,100,99914,100
2019-06-28 09:34:14.971381033,100044,265,100025,265,100045,165,100022,165,100055,165,99979,165,100059,165,99978,165,100069,100,99974,100,100070,100,99973,100,100071,200,99970,100,100084,100,99964,100,100096,100,99938,100,100115,100,99914,100
2019-06-28 09:34:18.788541678,100039,100,100025,265,100044,265,100022,165,100045,165,99979,165,100055,165,99978,165,100059,165,99974,100,100069,100,99973,100,100070,100,99970,100,100071,200,99964,100,100084,100,99938,100,100096,100,99914,100
2019-06-28 09:34:20.000000000,100039,165,100025,265,100044,265,100022,165,100045,165,99979,165,100055,165,99978,165,100059,100,99974,100,100069,100,99973,100,100070,100,99970,100,100071,200,99964,100,100084,100,99938,100,100096,100,99914,100
2019-06-28 09:34:30.000000000,100039,361,100025,461,100044,200,100022,100,100045,100,99979,100,100055,100,99978,100,100059,100,99974,100,100069,100,99973,100,100070,100,99970,100,100071,200,99964,100,100084,100,99938,100,100096,100,99914,100
2019-06-28 09:34:33.085901195,100039,361,100025,561,100044,200,100022,100,100045,100,99979,100,100055,100,99978,100,100059,100,99974,100,100069,100,99973,100,100070,100,99970,100,100071,200,99964,100,100084,100,99938,100,100096,100,99914,100
2019-06-28 09:34:40.000000000,100039,152,100025,352,100044,252,100022,152,100045,152,99979,152,100055,152,99978,152,100059,152,99974,152,100069,100,99973,100,100070,100,99970,100,100071,200,99964,100,100084,100,99938,100,100096,100,99914,100
2019-06-28 09:34:42.091206608,100039,52,100025,352,100044,252,100022,152,100045,152,99979,152,100055,152,99978,152,100059,152,99974,152,100069,100,99973,100,100070,100,99970,100,100071,200,99964,100,100084,100,99938,100,100096,100,99914,100
2019-06-28 09:34:48.333319208,100044,252,100039,48,100045,152,100025,352,100055,152,100022,152,100059,152,99979,152,100069,100,99978,152,100070,100,99974,152,100071,200,99973,100,100084,100,99970,100,100096,100,99964,100,100115,100,99938,100
2019-06-28 09:34:50.000000000,100044,330,100039,178,100045,230,100025,430,100055,100,100022,100,100059,100,99979,100,100069,100,99978,100,100070,100,99974,100,100071,200,99973,100,100084,100,99970,100,100096,100,99964,100,100115,100,99938,100
2019-06-28 09:34:50.531285436,100044,330,100039,178,100045,230,100025,430,100055,100,100022,100,100059,100,99979,100,100069,100,99978,100,100070,100,99974,100,100071,200,99973,100,100084,100,99970,100,100096,100,99964,100,100115,100,99938,100
2019-06-28 09:35:00.000000000,100044,461,100039,309,100045,100,100025,300,100055,100,100022,100,100059,100,99979,100,100069,100,99978,100,100070,100,99974,100,100071,200,99973,100,100084,100,99970,100,100096,100,99964,100,100115,100,99938,100
2019-06-28 09:35:10.000000000,100044,289,100039,137,100045,186,100025,386,100055,186,100022,186,100059,100,99979,100,100069,100,99978,100,100070,100,99974,100,100071,200,99973,100,100084,100,99970,100,100096,100,99964,100,100115,100,99938,100
2019-06-28 09:35:20.000000000,100044,252,100039,100,100045,152,100025,352,100055,152,100022,152,100059,152,99979,152,100069,152,99978,152,100070,100,99974,100,100071,200,99973,100,100084,100,99970,100,100096,100,99964,100,100115,100,99938,100
2019-06-28 09:35:27.718921834,100044,152,100039,100,100045,152,100025,352,100055,152,100022,152,100059,52,99979,152,100069,152,99978,152,100070,100,99974,100,100071,200,99973,100,100084,100,99970,100,100096,100,99964,100,100115,100,99938,100
2019-06-28 09:35:30.000000000,100044,189,100039,137,100045,186,100025,386,100055,186,100022,186,100069,100,99979,100,100070,100,99978,100,100071,200,99974,100,100084,100,99973,100,100096,100,99970,100,100115,100,99964,100,100139,100,99938,100
2019-06-28 09:35:40.000000000,100044,165,100039,113,100045,165,100025,365,100055,165,100022,165,100069,165,99979,165,100070,100,99978,100,100071,200,99974,100,100084,100,99973,100,100096,100,99970,100,100115,100,99964,100,100139,100,99938,100
2019-06-28 09:35:50.000000000,100044,165,100039,113,100045,165,100025,365,100055,165,100022,165,100069,165,99979,165,100070,100,99978,100,100071,200,99974,100,100084,100,99973,100,100096,100,99970,100,100115,100,99964,100,100139,100,99938,100
2019-06-28 09:36:00.000000000,100044,189,100039,137,100045,186,100025,386,100055,186,100022,186,100069,100,99979,100,100070,100,99978,100,100071,200,99974,100,100084,100,99973,100,100096,100,99970,100,100115,100,99964,100,100139,100,99938,100
2019-06-28 09:36:05.430195692,100044,189,100039,137,100045,186,100025,386,100055,186,100022,186,100069,100,99979,100,100070,100,99978,100,100071,200,99974,100,100084,100,99973,100,100096,100,99970,100,100115,100,99964,100,100139,100,99938,100
2019-06-28 09:36:06.706466298,100044,89,100039,137,100045,186,100025,386,100055,186,100022,186,100069,100,99979,100,100070,100,99978,100,100071,200,99974,100,100084,100,99973,100,100096,100,99970,100,100115,100,99964,100,100139,100,99938,100
2019-06-28 09:36:10.000000000,100045,152,100039,100,100055,152,100025,352,100069,152,100022,152,100070,152,99979,152,100071,252,99978,152,100084,100,99974,100,100096,100,99973,100,100115,100,99970,100,100139,100,99964,100,100149,100,99938,100
2019-06-28 09:36:20.000000000,100045,152,100039,100,100055,152,100025,352,100069,152,100022,152,100070,152,99979,152,100071,252,99978,152,100084,100,99974,100,100096,100,99973,100,100115,100,99970,100,100139,100,99964,100,100149,100,99938,100
2019-06-28 09:36:30.000000000,100045,189,100039,137,100055,186,100025,386,100069,186,100022,186,100070,100,99979,100,100071,200,99978,100,100084,100,99974,100,100096,100,99973,100,100115,100,99970,100,100139,100,99964,100,100149,100,99938,100
2019-06-28 09:36:40.000000000,100045,165,100039,113,100055,165,100025,365,100069,165,100022,165,100070,165,99979,165,100071,200,99978,100,100084,100,99974,100,100096,100,99973,100,100115,100,99970,100,100139,100,99964,100,100149,100,99938,100
2019-06-28 09:36:41.572067454,100045,65,100039,113,100055,165,100025,365,100069,165,100022,165,100070,165,99979,165,100071,200,99978,100,100084,100,99974,100,100096,100,99973,100,100115,100,99970,100,100139,100,99964,100,100149,100,99938,100
2019-06-28 09:36:50.000000000,100055,361,100039,309,100069,100,100025,300,100070,100,100022,100,100071,200,99979,100,100084,100,99978,100,100096,100,99974,100,100115,100,99973,100,100139,100,99970,100,100149,100,99964,100,100159,100,99938,100
2019-06-28 09:37:00.000000000,100055,189,100039,137,100069,186,100025,386,100070,186,100022,186,100071,200,99979,100,100084,100,99978,100,100096,100,99974,100,100115,100,99973,100,100139,100,99970,100,100149,100,99964,100,100159,100,99938,100
2019-06-28 09:37:00.350932270,100055,89,100039,137,100069,186,100025,386,100070,186,100022,186,100071,200,99979,100,100084,100,99978,100,100096,100,99974,100,100115,100,99973,100,100139,100,99970,100,100149,100,99938,100,100159,100,99904,100
2019-06-28 09:37:10.000000000,100069,152,100039,100,100070,152,100025,352,100071,252,100022,152,100084,152,99979,152,100096,152,99978,152,100115,100,99974,100,100139,100,99973,100,100149,100,99970,100,100159,100,99938,100,100173,100,99904,100
2019-06-28 09:37:20.000000000,100069,152,100039,100,100070,152,100025,352,100071,252,100022,152,100084,152,99979,152,100096,152,99978,152,100115,100,99974,100,100139,100,99973,100,100149,100,99970,100,100159,100,99938,100,100173,100,99904,100
2019-06-28 09:37:27.378756329,100069,52,100039,100,100070,152,100025,352,100071,252,100022,152,100084,152,99979,152,100096,152,99978,152,100115,100,99974,100,100139,100,99973,100,100149,100,99970,100,100159,100,99938,100,100173,100,99904,100
2019-06-28 09:37:30.000000000,100070,361,100039,309,100071,200,100025,300,100084,100,100022,100,100096,100,99979,100,100115,100,99978,100,100139,100,99974,100,100149,100,99973,100,100159,100,99970,100,100173,100,99938,100,100469,100,99904,100
2019-06-28 09:37:40.000000000,100070,165,100039,113,100071,265,100025,365,100084,165,100022,165,100096,165,99979,165,100115,100,99978,100,100139,100,99974,100,100149,100,99973,100,100159,100,99970,100,100173,100,99938,100,100469,100,99904,100
2019-06-28 09:37:50.000000000,100070,361,100039,309,100071,200,100025,300,100084,100,100022,100,100096,100,99979,100,100115,100,99978,100,100139,100,99974,100,100149,100,99973,100,100159,100,99970,100,100173,100,99938,100,100469,100,99904,100
2019-06-28 09:37:52.039811108,100070,261,100039,309,100071,200,100025,300,100084,100,100022,100,100096,100,99979,100,100115,100,99978,100,100139,100,99974,100,100149,100,99973,100,100159,100,99970,100,100173,100,99938,100,100469,100,99904,100
2019-06-28 09:38:00.000000000,100071,330,100039,178,100084,230,100025,430,100096,100,100022,100,100115,100,99979,100,100139,100,99978,100,100149,100,99974,100,100159,100,99973,100,100173,100,99970,100,100469,100,99938,100,100961,100,99904,100
2019-06-28 09:38:10.000000000,100071,330,100039,178,100084,230,100025,430,100096,100,100022,100,100115,100,99979,100,100139,100,99978,100,100149,100,99974,100,100159,100,99973,100,100173,100,99970,100,100469,100,99938,100,100961,100,99904,100
2019-06-28 09:38:18.797216999,100071,330,100039,178,100084,230,100025,430,100096,100,100022,100,100115,100,99979,100,100139,100,99978,100,100149,100,99974,100,100159,100,99973,100,100173,100,99970,100,100469,100,99938,100,100697,100,99904,100
2019-06-28 09:38:20.000000000,100071,289,100039,137,100084,186,100025,386,100096,186,100022,186,100115,100,99979,100,100139,100,99978,100,100149,100,99974,100,100159,100,99973,100,100173,100,99970,100,100469,100,99938,100,100697,100,99904,100
2019-06-28 09:38:30.000000000,100071,265,100039,113,100084,165,100025,365,100096,165,100022,165,100115,165,99979,165,100139,100,99978,100,100149,100,99974,100,100159,100,99973,100,100173,100,99970,100,100469,100,99938,100,100697,100,99904,100
2019-06-28 09:38:36.953588583,100071,265,100069,100,100084,165,100039,113,100096,165,100025,365,100115,165,100022,165,100139,100,99979,165,100149,100,99978,100,100159,100,99974,100,100173,100,99973,100,100469,100,99970,100,100697,100,99938,100
2019-06-28 09:38:39.733048435,100071,165,100069,100,100084,165,100039,113,100096,165,100025,365,100115,165,100022,165,100139,100,99979,165,100149,100,99978,100,100159,100,99974,100,100173,100,99973,100,100469,100,99970,100,100697,100,99938,100
2019-06-28 09:38:40.000000000,100071,189,100069,189,100084,186,100039,134,100096,186,100025,386,100115,100,100022,100,100139,100,99979,100,100149,100,99978,100,100159,100,99974,100,100173,100,99973,100,100469,100,99970,100,100697,100,99938,100
2019-06-28 09:38:50.000000000,100071,361,100069,361,100084,100,100039,48,100096,100,100025,300,100115,100,100022,100,100139,100,99979,100,100149,100,99978,100,100159,100,99974,100,100173,100,99973,100,100469,100,99970,100,100697,100,99938,100
2019-06-28 09:38:53.122847870,100071,261,100069,361,100084,100,100039,48,100096,100,100025,300,100115,100,100022,100,100139,100,99979,100,100149,100,99978,100,100159,100,99974,100,100173,100,99973,100,100469,100,99970,100,100697,100,99938,100
2019-06-28 09:39:00.000000000,100084,165,100069,165,100096,165,100039,113,100115,165,100025,365,100139,165,100022,165,100149,100,99979,100,100159,100,99978,100,100173,100,99974,100,100469,100,99973,100,100697,100,99970,100,100961,100,99938,100
2019-06-28 09:39:10.000000000,100084,189,100069,189,100096,186,100039,134,100115,186,100025,386,100139,100,100022,100,100149,100,99979,100,100159,100,99978,100,100173,100,99974,100,100469,100,99973,100,100697,100,99970,100,100961,100,99938,100
2019-06-28 09:39:20.000000000,100084,189,100069,189,100096,186,100039,134,100115,186,100025,386,100139,100,100022,100,100149,100,99979,100,100159,100,99978,100,100173,100,99974,100,100469,100,99973,100,100697,100,99970,100,100961,100,99938,100
2019-06-28 09:39:30.000000000,100084,189,100069,189,100096,186,100039,134,100115,186,100025,386,100139,100,100022,100,100149,100,99979,100,100159,100,99978,100,100173,100,99974,100,100469,100,99973,100,100697,100,99970,100,100961,100,99938,100
2019-06-28 09:39:32.347868108,100084,189,100071,100,100096,186,100069,189,100115,186,100039,134,100139,100,100025,386,100149,100,100022,100,100159,100,99979,100,100173,100,99978,100,100469,100,99974,100,100697,100,99973,100,100961,100,99970,100
2019-06-28 09:39:40.000000000,100084,165,100071,165,100096,165,100069,165,100115,165,100039,113,100139,165,100025,365,100149,100,100022,100,100159,100,99979,100,100173,100,99978,100,100469,100,99974,100,100697,100,99973,100,100961,100,99970,100
2019-06-28 09:39:49.004112818,100084,165,100071,165,100096,165,100069,165,100115,165,100039,113,100139,165,100025,365,100149,100,100022,100,100159,100,99979,100,100173,100,99978,100,100321,100,99974,100,100469,100,99973,100,100697,100,99970,100
2019-06-28 09:39:50.000000000,100084,230,100071,230,100096,230,100069,230,100115,100,100039,48,100139,100,100025,300,100149,100,100022,100,100159,100,99979,100,100173,100,99978,100,100321,100,99974,100,100469,100,99973,100,100697,100,99970,100
2019-06-28 09:40:00.000000000,100084,189,100071,189,100096,186,100069,186,100115,186,100039,134,100139,100,100025,300,100149,100,100022,100,100159,100,99979,100,100173,100,99978,100,100321,100,99974,100,100469,100,99973,100,100697,100,99970,100
2019-06-28 09:40:04.815432055,100084,189,100071,189,100096,186,100069,186,100115,186,100039,134,100139,100,100025,300,100149,100,100022,100,100159,100,99979,100,100173,100,99978,100,100321,100,99974,100,100469,100,99973,100,100697,100,99970,100
2019-06-28 09:40:10.000000000,100084,361,100071,361,100096,100,100069,100,100115,100,100039,48,100139,100,100025,300,100149,100,100022,100,100159,100,99979,100,100173,100,99978,100,100321,100,99974,100,100469,100,99973,100,100697,100,99970,100
2019-06-28 09:40:15.589632751,100084,261,100071,361,100096,100,100069,100,100115,100,100039,48,100139,100,100025,300,100159,100,100022,100,100173,100,99979,100,100321,100,99978,100,100469,100,99974,100,100697,100,99973,100,100724,100,99970,100
2019-06-28 09:40:20.000000000,100096,230,100071,230,100115,230,100069,230,100139,100,100039,48,100159,100,100025,300,100173,100,100022,100,100321,100,99979,100,100469,100,99978,100,100697,100,99974,100,100724,100,99973,100,,,99970,100
2019-06-28 09:40:20.714743323,100096,230,100071,230,100115,230,100069,230,100139,100,100039,48,100159,100,100025,300,100321,100,100022,100,100461,100,99979,100,100469,100,99978,100,100697,100,99974,100,100724,100,99973,100,,,99970,100
2019-06-28 09:40:30.000000000,100096,165,100071,165,100115,165,100069,165,100139,165,100039,113,100159,165,100025,365,100321,100,100022,100,100461,100,99979,100,100469,100,99978,100,100697,100,99974,100,100724,100,99973,100,,,99970,100
2019-06-28 09:40:37.461382963,100096,65,100071,165,100115,165,100069,165,100139,165,100039,113,100159,165,100025,365,100321,100,100022,100,100461,100,99979,100,100469,100,99978,100,100697,100,99974,100,100724,100,99973,100,,,99970,100
2019-06-28 09:40:40.000000000,100115,152,100071,152,100139,152,100069,152,100159,152,100039,100,100321,152,100025,352,100461,152,100022,152,100469,100,99979,100,100697,100,99978,100,100724,100,99974,100,,,99973,100,,,99970,100
2019-06-28 09:40:50.000000000,100115,152,100071,152,100139,152,100069,152,100159,152,100039,100,100321,152,100025,352,100461,152,100022,152,100469,100,99979,100,100697,100,99978,100,100724,100,99974,100,,,99973,100,,,99970,100
2019-06-28 09:41:00.000000000,100115,165,100071,165,100139,165,100069,165,100159,165,100039,113,100321,165,100025,365,100461,100,100022,100,100469,100,99979,100,100697,100,99978,100,100724,100,99974,100,,,99973,100,,,99970,100
2019-06-28 09:41:04.920351965,100115,165,100071,165,100139,165,100069,165,100159,165,100039,113,100321,165,100025,265,100461,100,100022,100,100469,100,99979,100,100697,100,99978,100,100724,100,99974,100,,,99973,100,,,99970,100
2019-06-28 09:41:08.632764321,100115,165,100071,165,100139,165,100069,165,100159,165,100039,113,100321,165,100025,265,100461,100,100022,100,100469,100,99979,100,100634,100,99978,100,100697,100,99974,100,100724,100,99973,100,,,99970,100
2019-06-28 09:41:10.000000000,100115,165,100071,165,100139,165,100069,165,100159,165,100039,113,100321,165,100025,265,100461,100,100022,100,100469,100,99979,100,100634,100,99978,100,100697,100,99974,100,100724,100,99973,100,,,99970,100
2019-06-28 09:41:19.524744008,100115,165,100084,100,100139,165,100071,165,100159,165,100069,65,100321,165,100039,113,100461,100,100025,265,100469,100,100022,100,100634,100,99979,100,100697,100,99978,100,100724,100,99974,100,,,99973,100
2019-06-28 09:41:20.000000000,100115,361,100084,361,100139,100,100071,100,100159,100,100039,48,100321,100,100025,200,100461,100,100022,100,100469,100,99979,100,100634,100,99978,100,100697,100,99974,100,100724,100,99973,100,,,99970,100
2019-06-28 09:41:30.000000000,100115,152,100084,152,100139,152,100071,152,100159,152,100039,100,100321,152,100025,252,100461,152,100022,152,100469,100,99979,100,100634,100,99978,100,100697,100,99974,100,100724,100,99973,100,,,99970,100
2019-06-28 09:41:35.457107542,100115,152,100084,252,100139,152,100071,152,100159,152,100039,100,100321,152,100025,252,100461,152,100022,152,100469,100,99979,100,100634,100,99978,100,100697,100,99974,100,100724,100,99973,100,,,99970,100
2019-06-28 09:41:39.843730080,100115,52,100084,252,100139,152,100071,152,100159,152,100039,100,100321,152,100025,252,100461,152,100022,152,100469,100,99979,100,100634,100,99978,100,100697,100,99974,100,100724,100,99973,100,,,99970,100
2019-06-28 09:41:40.000000000,100139,152,100084,252,100159,152,100071,152,100321,152,100039,100,100461,152,100025,252,100469,152,100022,152,100634,100,99979,100,100697,100,99978,100,100724,100,99974,100,,,99973,100,,,99970,100
2019-06-28 09:41:50.000000000,100139,152,100084,252,100159,152,100071,152,100321,152,100039,100,100461,152,100025,252,100469,152,100022,152,100634,100,99979,100,100697,100,99978,100,100724,100,99974,100,,,99973,100,,,99970,100
2019-06-28 09:42:00.000000000,100139,230,100084,330,100159,230,100071,230,100321,100,100039,48,100461,100,100025,200,100469,100,100022,100,100634,100,99979,100,100697,100,99978,100,100724,100,99974,100,,,99973,100,,,99970,100
2019-06-28 09:42:04.790623875,100139,230,100084,330,100159,230,100071,230,100321,100,100039,48,100469,100,100025,200,100634,100,100022,100,100697,100,99979,100,100724,100,99978,100,100893,100,99974,100,,,99973,100,,,99970,100
2019-06-28 09:42:10.000000000,100139,361,100084,461,100159,100,100071,100,100321,100,100039,48,100469,100,100025,200,100634,100,100022,100,100697,100,99979,100,100724,100,99978,100,100893,100,99974,100,,,99973,100,,,99970,100
2019-06-28 09:42:16.680395986,100139,361,100084,461,100159,100,100071,100,100321,100,100039,48,100469,100,100025,200,100634,100,100022,100,100697,100,99979,100,100724,100,99978,100,100761,100,99974,100,100893,100,99973,100,,,99970,100
2019-06-28 09:42:20.000000000,100139,189,100084,289,100159,186,100071,186,100321,186,100039,134,100469,100,100025,200,100634,100,100022,100,100697,100,99979,100,100724,100,99978,100,100761,100,99974,100,100893,100,99973,100,,,99970,100
2019-06-28 09:42:30.000000000,100139,152,100084,252,100159,152,100071,152,100321,152,100039,100,100469,152,100025,252,100634,152,100022,152,100697,100,99979,100,100724,100,99978,100,100761,100,99974,100,100893,100,99973,100,,,99970,100
2019-06-28 09:42:36.600976587,100139,52,100084,252,100159,152,100071,152,100321,152,100039,100,100469,152,100025,252,100634,152,100022,152,100697,100,99978,100,100724,100,99974,100,100761,100,99973,100,100893,100,99970,100,,,99938,100
2019-06-28 09:42:40.000000000,100159,361,100084,461,100321,100,100071,100,100469,100,100039,48,100634,100,100025,200,100697,100,100022,100,100724,100,99978,100,100761,100,99974,100,100893,100,99973,100,,,99970,100,,,99938,100
2019-06-28 09:42:50.000000000,100159,361,100084,461,100321,100,100071,100,100469,100,100039,48,100634,100,100025,200,100697,100,100022,100,100724,100,99978,100,100761,100,99974,100,100893,100,99973,100,,,99970,100,,,99938,100
2019-06-28 09:43:00.000000000,100159,189,100084,289,100321,186,100071,186,100469,186,100039,134,100634,100,100025,200,100697,100,100022,100,100724,100,99978,100,100761,100,99974,100,100893,100,99973,100,,,99970,100,,,99938,100
2019-06-28 09:43:08.121406046,100159,189,100084,289,100267,100,100071,186,100321,186,100039,134,100469,186,100025,200,100634,100,100022,100,100697,100,99978,100,100724,100,99973,100,100761,100,99970,100,100893,100,99938,100,,,99904,100
2019-06-28 09:43:10.000000000,100159,230,100084,330,100267,230,100071,230,100321,100,100039,48,100469,100,100025,200,100634,100,100022,100,100697,100,99978,100,100724,100,99973,100,100761,100,99970,100,100893,100,99938,100,,,99904,100
2019-06-28 09:43:20.000000000,100159,152,100084,252,100267,152,100071,152,100321,152,100039,100,100469,152,100025,252,100634,152,100022,152,100697,100,99978,100,100724,100,99973,100,100761,100,99970,100,100893,100,99938,100,,,99904,100
2019-06-28 09:43:30.000000000,100159,189,100084,289,100267,186,100071,186,100321,186,100039,134,100469,100,100025,200,100634,100,100022,100,100697,100,99978,100,100724,100,99973,100,100761,100,99970,100,100893,100,99938,100,,,99904,100
2019-06-28 09:43:30.266809888,100159,189,100115,100,100267,186,100084,289,100321,186,100071,186,100469,100,100039,134,100634,100,100025,200,100697,100,100022,100,100724,100,99978,100,100761,100,99973,100,100893,100,99970,100,,,99938,100
2019-06-28 09:43:35.366608527,100159,189,100115,200,100267,186,100084,289,100321,186,100071,186,100469,100,100039,134,100634,100,100025,200,100697,100,100022,100,100724,100,99978,100,100761,100,99973,100,100893,100,99970,100,,,99938,100
2019-06-28 09:43:40.000000000,100159,230,100115,330,100267,230,100084,330,100321,100,100071,100,100469,100,100039,48,100634,100,100025,200,100697,100,100022,100,100724,100,99978,100,100761,100,99973,100,100893,100,99970,100,,,99938,100
2019-06-28 09:43:44.467002648,100159,230,100115,430,100267,230,100084,330,100321,100,100071,100,100469,100,100039,48,100634,100,100025,200,100697,100,100022,100,100724,100,99978,100,100761,100,99973,100,100893,100,99970,100,,,99938,100
2019-06-28 09:43:50.000000000,100159,230,100115,430,100267,230,100084,330,100321,100,100071,100,100469,100,100039,48,100634,100,100025,200,100697,100,100022,100,100724,100,99978,100,100761,100,99973,100,100893,100,99970,100,,,99938,100
2019-06-28 09:43:52.491906560,100159,230,100115,430,100267,230,100084,330,100321,100,100071,100,100634,100,100039,48,100697,100,100025,200,100724,100,100022,100,100761,100,99978,100,100772,100,99973,100,100893,100,99970,100,,,99938,100
2019-06-28 09:44:00.000000000,100159,361,100115,561,100267,100,100084,200,100321,100,100071,100,100634,100,100039,48,100697,100,100025,200,100724,100,100022,100,100761,100,99978,100,100772,100,99973,100,100893,100,99970,100,,,99938,100
2019-06-28 09:44:10.000000000,100159,152,100115,352,100267,152,100084,252,100321,152,100071,152,100634,152,100039,100,100697,152,100025,252,100724,100,100022,100,100761,100,99978,100,100772,100,99973,100,100893,100,99970,100,,,99938,100
2019-06-28 09:44:10.567070563,100159,152,100115,352,100267,152,100084,252,100321,152,100071,152,100634,152,100039,100,100697,152,100025,152,100724,100,100022,100,100761,100,99978,100,100772,100,99973,100,100893,100,99970,100,,,99938,100
2019-06-28 09:44:13.434735909,100159,152,100115,352,100267,152,100084,252,100321,152,100071,152,100634,152,100039,100,100697,152,100025,152,100724,100,100022,100,100761,100,99978,100,100772,100,99973,100,100893,100,99970,100,,,99938,100
2019-06-28 09:44:20.000000000,100159,361,100115,561,100267,100,100084,200,100321,100,100071,100,100634,100,100039,48,100697,100,100025,100,100724,100,100022,100,100761,100,99978,100,100772,100,99973,100,100893,100,99970,100,,,99938,100
2019-06-28 09:44:27.307296198,100159,261,100115,561,100267,100,100084,200,100321,100,100071,100,100634,100,100039,48,100697,100,100025,100,100724,100,99978,100,100761,100,99973,100,100772,100,99970,100,100893,100,99938,100,,,99904,100
2019-06-28 09:44:30.000000000,100267,152,100115,352,100321,152,100084,252,100634,152,100071,152,100697,152,100039,100,100724,152,100025,152,100761,100,99978,100,100772,100,99973,100,100893,100,99970,100,,,99938,100,,,99904,100
2019-06-28 09:44:40.000000000,100267,361,100115,561,100321,100,100084,200,100634,100,100071,100,100697,100,100039,48,100724,100,100025,100,100761,100,99978,100,100772,100,99973,100,100893,100,99970,100,,,99938,100,,,99904,100
2019-06-28 09:44:50.000000000,100267,189,100115,389,100321,186,100084,286,100634,186,100071,186,100697,100,100039,48,100724,100,100025,100,100761,100,99978,100,100772,100,99973,100,100893,100,99970,100,,,99938,100,,,99904,100
2019-06-28 09:44:53.967956756,100267,89,100115,389,100321,186,100084,286,100634,186,100071,186,100697,100,100039,48,100724,100,100025,100,100761,100,99978,100,100772,100,99973,100,,,99970,100,,,99938,100,,,99904,100
2019-06-28 09:45:00.000000000,100321,189,100115,389,100634,186,100084,286,100697,186,100071,186,100724,100,100039,48,100761,100,100025,100,100772,100,99978,100,,,99973,100,,,99970,100,,,99938,100,,,99904,100
2019-06-28 09:45:10.000000000,100321,165,100115,365,100634,165,100084,265,100697,165,100071,165,100724,165,100039,113,100761,100,100025,100,100772,100,99978,100,,,99973,100,,,99970,100,,,99938,100,,,99904,100
2019-06-28 09:45:17.657259942,100321,65,100115,365,100634,165,100084,265,100697,165,100071,165,100724,165,100039,113,100761,100,100025,100,100772,100,99978,100,,,99973,100,,,99970,100,,,99938,100,,,99904,100
2019-06-28 09:45:20.000000000,100634,230,100115,430,100697,230,100084,330,100724,100,100071,100,100761,100,100039,48,100772,100,100025,100,,,99978,100,,,99973,100,,,99970,100,,,99938,100,,,99904,100
2019-06-28 09:45:22.347435671,100634,230,100470,100,100697,230,100115,430,100724,100,100084,330,100761,100,100071,100,100772,100,100039,48,,,100025,100,,,99978,100,,,99973,100,,,99970,100,,,99938,100
2019-06-28 09:45:25.104315694,100614,100,100470,100,100634,230,100115,430,100697,230,100084,330,100724,100,100071,100,100761,100,100039,48,100772,100,100025,100,,,99978,100,,,99973,100,,,99970,100,,,99938,100
2019-06-28 09:45:30.000000000,100614,189,100470,189,100634,186,100115,386,100697,186,100084,286,100724,100,100071,100,100761,100,100039,48,100772,100,100025,100,,,99978,100,,,99973,100,,,99970,100,,,99938,100
2019-06-28 09:45:35.459459883,100614,89,100470,189,100634,186,100115,386,100697,186,100084,286,100724,100,100071,100,100761,100,100039,48,100772,100,100025,100,,,99978,100,,,99973,100,,,99970,100,,,99938,100
2019-06-28 09:45:38.878401314,100614,89,100470,189,100634,186,100321,100,100697,186,100115,386,100724,100,100084,286,100761,100,100039,48,100772,100,100025,100,,,99978,100,,,99973,100,,,99970,100,,,99938,100
2019-06-28 09:45:40.000000000,100634,361,100470,361,100697,100,100321,100,100724,100,100115,300,100761,100,100084,200,100772,100,100039,48,,,100025,100,,,99978,100,,,99973,100,,,99970,100,,,99938,100
2019-06-28 09:45:50.000000000,100634,152,100470,152,100697,152,100321,152,100724,152,100115,352,100761,152,100084,252,100772,152,100039,100,,,100025,100,,,99978,100,,,99973,100,,,99970,100,,,99938,100
2019-06-28 09:46:00.000000000,100634,230,100470,230,100697,230,100321,230,100724,100,100115,300,100761,100,100084,200,100772,100,100039,48,,,100025,100,,,99978,100,,,99973,100,,,99970,100,,,99938,100
2019-06-28 09:46:04.538061754,100634,230,100470,230,100697,230,100321,230,100724,100,100115,300,100761,100,100084,200,100772,100,100039,48,100805,100,100025,100,,,99978,100,,,99973,100,,,99970,100,,,99938,100
2019-06-28 09:46:10.000000000,100634,189,100470,189,100697,186,100321,186,100724,186,100115,386,100761,100,100084,200,100772,100,100039,48,100805,100,100025,100,,,99978,100,,,99973,100,,,99970,100,,,99938,100
2019-06-28 09:46:10.595498911,100634,189,100470,189,100647,100,100321,186,100697,186,100115,386,100724,186,100084,200,100761,100,100039,48,100772,100,100025,100,,,99978,100,,,99973,100,,,99970,100,,,99938,100
2019-06-28 09:46:11.376056573,100634,189,100470,189,100647,100,100321,286,100697,186,100115,386,100724,186,100084,200,100761,100,100039,48,100772,100,100025,100,,,99978,100,,,99973,100,,,99970,100,,,99938,100
2019-06-28 09:46:14.225586486,100634,189,100470,189,100647,100,100321,286,100671,100,100115,386,100697,186,100084,200,100724,186,100039,48,100761,100,100025,100,100772,100,99978,100,,,99973,100,,,99970,100,,,99938,100
2019-06-28 09:46:20.000000000,100634,165,100470,165,100647,165,100321,265,100671,165,100115,365,100697,165,100084,265,100724,100,100039,48,100761,100,100025,100,100772,100,99978,100,,,99973,100,,,99970,100,,,99938,100
2019-06-28 09:46:23.865844172,100634,165,100470,165,100647,165,100321,265,100671,165,100115,265,100697,165,100084,265,100724,100,100039,48,100761,100,100025,100,100772,100,99978,100,,,99973,100,,,99970,100,,,99938,100
2019-06-28 09:46:23.944243219,100634,165,100470,165,100647,165,100321,265,100671,165,100115,265,100682,100,100084,265,100697,165,100039,48,100724,100,100025,100,100761,100,99978,100,100772,100,99973,100,,,99970,100,,,99938,100
2019-06-28 09:46:25.494570026,100634,165,100471,100,100647,165,100470,165,100671,165,100321,265,100682,100,100115,165,100697,165,100084,265,100724,100,100039,48,100761,100,100025,100,100772,100,99978,100,,,99973,100,,,99970,100
2019-06-28 09:46:30.000000000,100634,189,100471,189,100647,186,100470,186,100671,186,100321,286,100682,100,100115,100,100697,100,100084,200,100724,100,100039,48,100761,100,100025,100,100772,100,99978,100,,,99973,100,,,99970,100
2019-06-28 09:46:33.923050658,100634,189,100471,189,100647,186,100470,186,100671,186,100461,100,100682,100,100321,286,100697,100,100115,100,100724,100,100084,200,100761,100,100025,100,100772,100,99978,100,,,99973,100,,,99970,100
2019-06-28 09:46:40.000000000,100634,165,100471,165,100647,165,100470,165,100671,165,100461,165,100682,165,100321,265,100697,100,100115,100,100724,100,100084,200,100761,100,100025,100,100772,100,99978,100,,,99973,100,,,99970,100
2019-06-28 09:46:50.000000000,100634,189,100471,189,100647,186,100470,186,100671,186,100461,186,100682,100,100321,200,100697,100,100115,100,100724,100,100084,200,100761,100,100025,100,100772,100,99978,100,,,99973,100,,,99970,100
2019-06-28 09:46:53.638767646,100634,189,100527,100,100647,186,100471,189,100671,186,100470,186,100682,100,100461,186,100697,100,100321,200,100724,100,100115,100,100761,100,100084,200,100772,100,100025,100,,,99978,100,,,99973,100
2019-06-28 09:47:00.000000000,100634,361,100527,361,100647,100,100471,100,100671,100,100470,100,100682,100,100461,100,100697,100,100321,200,100724,100,100115,100,100761,100,100084,200,100772,100,100025,100,,,99978,100,,,99973,100
2019-06-28 09:47:00.370309023,100634,361,100553,100,100647,100,100527,361,100671,100,100471,100,100682,100,100470,100,100697,100,100461,100,100724,100,100321,200,100761,100,100115,100,100772,100,100084,200,,,100025,100,,,99978,100
2019-06-28 09:47:10.000000000,100634,189,100553,189,100647,186,100527,186,100671,186,100471,186,100682,100,100470,100,100697,100,100461,100,100724,100,100321,200,100761,100,100115,100,100772,100,100084,200,,,100025,100,,,99978,100
2019-06-28 09:47:11.262147528,100634,189,100553,189,100647,186,100527,186,100671,186,100471,286,100682,100,100470,100,100697,100,100461,100,100724,100,100321,200,100761,100,100115,100,100772,100,100084,200,,,100025,100,,,99978,100
2019-06-28 09:47:14.764497350,100634,189,100553,189,100647,186,100527,186,100649,100,100471,286,100671,186,100470,100,100682,100,100461,100,100697,100,100321,200,100724,100,100115,100,100761,100,100084,200,100772,100,100025,100,,,99978,100
2019-06-28 09:47:20.000000000,100634,189,100553,189,100647,186,100527,186,100649,186,100471,286,100671,100,100470,100,100682,100,100461,100,100697,100,100321,200,100724,100,100115,100,100761,100,100084,200,100772,100,100025,100,,,99978,100
2019-06-28 09:47:30.000000000,100634,165,100553,165,100647,165,100527,165,100649,165,100471,265,100671,165,100470,165,100682,100,100461,100,100697,100,100321,200,100724,100,100115,100,100761,100,100084,200,100772,100,100025,100,,,99978,100
2019-06-28 09:47:32.941693262,100634,165,100553,165,100647,165,100527,165,100649,165,100471,265,100671,165,100470,165,100682,100,100461,100,100697,100,100321,200,100724,100,100115,100,100761,100,100084,200,100763,100,100025,100,100772,100,99978,100
2019-06-28 09:47:40.000000000,100634,152,100553,152,100647,152,100527,152,100649,152,100471,252,100671,152,100470,152,100682,152,100461,152,100697,100,100321,200,100724,100,100115,100,100761,100,100084,200,100763,100,100025,100,100772,100,99978,100
2019-06-28 09:47:50.000000000,100634,189,100553,189,100647,186,100527,186,100649,186,100471,286,100671,100,100470,100,100682,100,100461,100,100697,100,100321,200,100724,100,100115,100,100761,100,100084,200,100763,100,100025,100,100772,100,99978,100
2019-06-28 09:48:00.000000000,100634,230,100553,230,100647,230,100527,230,100649,100,100471,200,100671,100,100470,100,100682,100,100461,100,100697,100,100321,200,100724,100,100115,100,100761,100,100084,200,100763,100,100025,100,100772,100,99978,100
2019-06-28 09:48:01.975969865,100634,130,100553,230,100647,230,100527,230,100649,100,100471,200,100671,100,100470,100,100682,100,100461,100,100690,100,100321,200,100697,100,100115,100,100724,100,100084,200,100761,100,100025,100,100763,100,99978,100
2019-06-28 09:48:10.000000000,100647,230,100553,230,100649,230,100527,230,100671,100,100471,200,100682,100,100470,100,100690,100,100461,100,100697,100,100321,200,100724,100,100115,100,100761,100,100084,200,100763,100,100025,100,100772,100,99978,100
2019-06-28 09:48:20.000000000,100647,189,100553,189,100649,186,100527,186,100671,186,100471,286,100682,100,100470,100,100690,100,100461,100,100697,100,100321,200,100724,100,100115,100,100761,100,100084,200,100763,100,100025,100,100772,100,99978,100
2019-06-28 09:48:30.000000000,100647,230,100553,230,100649,230,100527,230,100671,100,100471,200,100682,100,100470,100,100690,100,100461,100,100697,100,100321,200,100724,100,100115,100,100761,100,100084,200,100763,100,100025,100,100772,100,99978,100
2019-06-28 09:48:33.454578598,100647,230,100553,130,100649,230,100527,230,100671,100,100471,200,100682,100,100470,100,100690,100,100321,200,100697,100,100115,100,100724,100,100084,200,100761,100,100025,100,100763,100,99978,100,100772,100,99973,100
2019-06-28 09:48:34.522018598,100613,100,100553,130,100647,230,100527,230,100649,230,100471,200,100671,100,100470,100,100682,100,100321,200,100690,100,100115,100,100697,100,100084,200,100724,100,100025,100,100761,100,99978,100,100763,100,99973,100
2019-06-28 09:48:40.000000000,100613,165,100527,165,100647,165,100471,265,100649,165,100470,165,100671,165,100321,265,100682,100,100115,100,100690,100,100084,200,100697,100,100025,100,100724,100,99978,100,100761,100,99973,100,100763,100,99970,100
2019-06-28 09:48:44.033941719,100613,165,100527,65,100647,165,100471,265,100649,165,100470,165,100671,165,100321,265,100682,100,100115,100,100690,100,100084,200,100697,100,100025,100,100761,100,99978,100,100763,100,99973,100,100772,100,99970,100
2019-06-28 09:48:50.000000000,100613,361,100471,461,100647,100,100470,100,100649,100,100321,200,100671,100,100115,100,100682,100,100084,200,100690,100,100025,100,100697,100,99978,100,100761,100,99973,100,100763,100,99970,100,100772,100,99938,100
2019-06-28 09:48:52.399734499,100613,361,100471,361,100647,100,100470,100,100649,100,100321,200,100671,100,100115,100,100682,100,100084,200,100690,100,100025,100,100697,100,99978,100,100761,100,99973,100,100763,100,99938,100,100772,100,99904,100
2019-06-28 09:48:55.697525199,100527,100,100471,361,100613,361,100470,100,100647,100,100321,200,100649,100,100115,100,100671,100,100084,200,100682,100,100025,100,100690,100,99978,100,100697,100,99973,100,100761,100,99938,100,100763,100,99904,100
2019-06-28 09:49:00.000000000,100527,230,100471,230,100613,230,100470,230,100647,100,100321,200,100649,100,100115,100,100671,100,100084,200,100682,100,100025,100,100690,100,99978,100,100697,100,99973,100,100761,100,99938,100,100763,100,99904,100
2019-06-28 09:49:06.010187718,100527,330,100471,230,100613,230,100470,230,100647,100,100321,200,100649,100,100115,100,100671,100,100084,200,100682,100,100025,100,100690,100,99978,100,100697,100,99973,100,100761,100,99938,100,100763,100,99904,100
2019-06-28 09:49:10.000000000,100527,252,100471,152,100613,152,100470,152,100647,152,100321,252,100649,152,100115,152,100671,152,100084,252,100682,100,100025,100,100690,100,99978,100,100697,100,99973,100,100761,100,99938,100,100763,100,99904,100
2019-06-28 09:49:20.000000000,100527,461,100471,361,100613,100,100470,100,100647,100,100321,200,100649,100,100115,100,100671,100,100084,200,100682,100,100025,100,100690,100,99978,100,100697,100,99973,100,100761,100,99938,100,100763,100,99904,100
2019-06-28 09:49:29.790999472,100527,461,100471,261,100613,100,100470,100,100647,100,100321,200,100649,100,100115,100,100671,100,100084,200,100682,100,100025,100,100697,100,99978,100,100761,100,99973,100,100763,100,99938,100,100772,100,99904,100
2019-06-28 09:49:30.000000000,100527,461,100470,361,100613,100,100321,200,100647,100,100115,100,100649,100,100084,200,100671,100,100025,100,100682,100,99978,100,100697,100,99973,100,100761,100,99938,100,100763,100,99904,100,100772,100,99890,100
2019-06-28 09:49:40.000000000,100527,461,100470,361,100613,100,100321,200,100647,100,100115,100,100649,100,100084,200,100671,100,100025,100,100682,100,99978,100,100697,100,99973,100,100761,100,99938,100,100763,100,99904,100,100772,100,99890,100
2019-06-28 09:49:45.034998623,100527,461,100470,361,100613,100,100321,200,100647,100,100115,100,100649,100,100084,200,100671,100,100025,100,100682,100,99978,100,100697,100,99938,100,100761,100,99904,100,100763,100,99890,100,100772,100,99886,100
2019-06-28 09:49:50.000000000,100527,330,100470,230,100613,230,100321,330,100647,100,100115,100,100649,100,100084,200,100671,100,100025,100,100682,100,99978,100,100697,100,99938,100,100761,100,99904,100,100763,100,99890,100,100772,100,99886,100
2019-06-28 09:49:54.906777906,100471,100,100470,230,100527,330,100321,330,100613,230,100115,100,100647,100,100084,200,100649,100,100025,100,100671,100,99978,100,100682,100,99938,100,100697,100,99904,100,100761,100,99890,100,100763,100,99886,100
2019-06-28 09:49:54.933809954,100471,200,100470,230,100527,330,100321,330,100613,230,100115,100,100647,100,100084,200,100649,100,100025,100,100671,100,99978,100,100682,100,99938,100,100697,100,99904,100,100761,100,99890,100,100763,100,99886,100
2019-06-28 09:50:00.000000000,100471,461,100470,361,100527,200,100321,200,100613,100,100115,100,100647,100,100084,200,100649,100,100025,100,100671,100,99978,100,100682,100,99938,100,100697,100,99904,100,100761,100,99890,100,100763,100,99886,100
2019-06-28 09:50:10.000000000,100471,330,100470,230,100527,330,100321,330,100613,100,100115,100,100647,100,100084,200,100649,100,100025,100,100671,100,99978,100,100682,100,99938,100,100697,100,99904,100,100761,100,99890,100,100763,100,99886,100
2019-06-28 09:50:16.885887662,100471,430,100470,230,100527,330,100321,330,100613,100,100115,100,100647,100,100084,200,100649,100,100025,100,100671,100,99978,100,100682,100,99938,100,100697,100,99904,100,100761,100,99890,100,100763,100,99886,100
2019-06-28 09:50:20.000000000,100471,430,100470,230,100527,330,100321,330,100613,100,100115,100,100647,100,100084,200,100649,100,100025,100,100671,100,99978,100,100682,100,99938,100,100697,100,99904,100,100761,100,99890,100,100763,100,99886,100
2019-06-28 09:50:30.000000000,100471,365,100470,165,100527,265,100321,265,100613,165,100115,165,100647,165,100084,265,100649,100,100025,100,100671,100,99978,100,100682,100,99938,100,100697,100,99904,100,100761,100,99890,100,100763,100,99886,100
2019-06-28 09:50:36.982354849,100471,365,100470,65,100527,265,100321,265,100613,165,100115,165,100647,165,100084,265,100649,100,100025,100,100671,100,99978,100,100682,100,99938,100,100697,100,99904,100,100763,100,99890,100,100772,100,99886,100
2019-06-28 09:50:38.928311334,100471,365,100470,65,100527,265,100321,265,100613,165,100115,165,100647,165,100084,165,100649,100,100025,100,100671,100,99978,100,100682,100,99938,100,100697,100,99904,100,100763,100,99890,100,100772,100,99886,100
2019-06-28 09:50:40.000000000,100471,389,100321,289,100527,286,100115,186,100613,186,100084,186,100647,100,100025,100,100649,100,99978,100,100671,100,99938,100,100682,100,99904,100,100697,100,99890,100,100763,100,99886,100,100772,100,99874,200
2019-06-28 09:50:40.589792532,100471,389,100321,189,100527,286,100115,186,100613,186,100084,186,100649,100,100025,100,100671,100,99978,100,100682,100,99938,100,100697,100,99904,100,100763,100,99890,100,100772,100,99886,100,,,99874,200
2019-06-28 09:50:40.842053772,100471,389,100321,189,100527,286,100115,186,100613,186,100084,186,100649,100,100025,100,100671,100,99978,100,100682,100,99938,100,100697,100,99904,100,100763,100,99890,100,100772,100,99886,100,,,99874,200
2019-06-28 09:50:50.000000000,100471,561,100321,361,100527,200,100115,100,100613,100,100084,100,100649,100,100025,100,100671,100,99978,100,100682,100,99938,100,100697,100,99904,100,100763,100,99890,100,100772,100,99886,100,,,99874,200
2019-06-28 09:50:52.564008491,100471,561,100321,261,100527,200,100115,100,100613,100,100084,100,100649,100,100025,100,100671,100,99978,100,100682,100,99938,100,100763,100,99904,100,100772,100,99890,100,,,99886,100,,,99874,200
2019-06-28 09:51:00.000000000,100471,352,100115,152,100527,252,100084,152,100613,152,100025,152,100649,152,99978,152,100671,152,99938,152,100682,100,99904,100,100763,100,99890,100,100772,100,99886,100,,,99874,200,,,99845,100
2019-06-28 09:51:10.000000000,100471,561,100115,361,100527,200,100084,100,100613,100,100025,100,100649,100,99978,100,100671,100,99938,100,100682,100,99904,100,100763,100,99890,100,100772,100,99886,100,,,99874,200,,,99845,100
2019-06-28 09:51:11.535716701,100471,561,100115,361,100527,200,100084,100,100613,100,100025,100,100649,100,99978,100,100671,100,99938,100,100682,100,99904,100,100763,100,99890,100,100772,100,99886,100,,,99877,100,,,99874,200
2019-06-28 09:51:20.000000000,100471,352,100115,152,100527,252,100084,152,100613,152,100025,152,100649,152,99978,152,100671,152,99938,152,100682,100,99904,100,100763,100,99890,100,100772,100,99886,100,,,99877,100,,,99874,200
2019-06-28 09:51:24.195169948,100321,100,100115,152,100471,352,100084,52,100527,252,100025,152,100613,152,99978,152,100649,152,99938,152,100671,152,99904,100,100682,100,99890,100,100763,100,99886,100,100772,100,99877,100,,,99874,200
2019-06-28 09:51:30.000000000,100321,165,100115,165,100471,365,100025,165,100527,265,99978,165,100613,165,99938,165,100649,100,99904,100,100671,100,99890,100,100682,100,99886,100,100763,100,99877,100,100772,100,99874,200,,,99845,100
2019-06-28 09:51:40.000000000,100321,165,100115,165,100471,365,100025,165,100527,265,99978,165,100613,165,99938,165,100649,100,99904,100,100671,100,99890,100,100682,100,99886,100,100763,100,99877,100,100772,100,99874,200,,,99845,100
2019-06-28 09:51:40.242034596,100321,165,100115,165,100471,365,100025,165,100527,265,99978,165,100613,165,99938,165,100649,100,99904,100,100671,100,99890,100,100682,100,99886,100,100763,100,99877,100,100772,100,99874,200,,,99845,100
2019-06-28 09:51:43.146514846,100321,165,100115,65,100471,365,100025,165,100527,265,99978,165,100613,165,99938,165,100649,100,99904,100,100671,100,99890,100,100682,100,99886,100,100763,100,99877,100,100772,100,99874,200,,,99845,100
2019-06-28 09:51:50.000000000,100321,152,100025,152,100471,352,99978,152,100527,252,99938,152,100613,152,99904,152,100649,152,99890,152,100671,100,99886,100,100682,100,99877,100,100763,100,99874,200,100772,100,99845,100,,,99837,100
2019-06-28 09:52:00.000000000,100321,230,100025,230,100471,430,99978,230,100527,200,99938,100,100613,100,99904,100,100649,100,99890,100,100671,100,99886,100,100682,100,99877,100,100763,100,99874,200,100772,100,99845,100,,,99837,100
2019-06-28 09:52:10.000000000,100321,189,100025,189,100471,386,99978,186,100527,286,99938,186,100613,100,99904,100,100649,100,99890,100,100671,100,99886,100,100682,100,99877,100,100763,100,99874,200,100772,100,99845,100,,,99837,100
2019-06-28 09:52:11.285401025,100193,100,100025,189,100321,189,99978,186,100471,386,99938,186,100527,286,99904,100,100613,100,99890,100,100649,100,99886,100,100671,100,99877,100,100682,100,99874,200,100763,100,99845,100,100772,100,99837,100
2019-06-28 09:52:17.943511541,100193,100,100025,189,100321,189,99978,186,100471,386,99938,186,100527,286,99904,100,100613,100,99890,100,100649,100,99886,100,100671,100,99877,100,100682,100,99874,200,100763,100,99845,100,100772,100,99837,100
2019-06-28 09:52:20.000000000,100193,361,100025,361,100321,100,99978,100,100471,300,99938,100,100527,200,99904,100,100613,100,99890,100,100649,100,99886,100,100671,100,99877,100,100682,100,99874,200,100763,100,99845,100,100772,100,99837,100
2019-06-28 09:52:30.000000000,100193,152,100025,152,100321,152,99978,152,100471,352,99938,152,100527,252,99904,152,100613,152,99890,152,100649,100,99886,100,100671,100,99877,100,100682,100,99874,200,100763,100,99845,100,100772,100,99837,100
2019-06-28 09:52:34.704814349,100193,152,100025,52,100321,152,99978,152,100471,352,99938,152,100527,252,99904,152,100613,152,99890,152,100649,100,99886,100,100671,100,99877,100,100682,100,99874,200,100763,100,99845,100,100772,100,99837,100
2019-06-28 09:52:40.000000000,100193,361,99978,361,100321,100,99938,100,100471,300,99904,100,100527,200,99890,100,100613,100,99886,100,100649,100,99877,100,100671,100,99874,200,100682,100,99845,100,100763,100,99837,100,100772,100,99823,100
2019-06-28 09:52:50.000000000,100193,152,99978,152,100321,152,99938,152,100471,352,99904,152,100527,252,99890,152,100613,152,99886,152,100649,100,99877,100,100671,100,99874,200,100682,100,99845,100,100763,100,99837,100,100772,100,99823,100
2019-06-28 09:52:58.087497108,100193,152,99978,52,100321,152,99938,152,100471,352,99904,152,100527,252,99890,152,100613,152,99886,152,100649,100,99877,100,100671,100,99874,200,100682,100,99845,100,100763,100,99837,100,100772,100,99823,100
2019-06-28 09:53:00.000000000,100193,361,99938,361,100321,100,99904,100,100471,300,99890,100,100527,200,99886,100,100613,100,99877,100,100649,100,99874,200,100671,100,99845,100,100682,100,99837,100,100763,100,99823,100,100772,100,99684,100
2019-06-28 09:53:06.023198281,100193,361,99938,361,100321,100,99904,100,100471,300,99890,100,100527,200,99886,100,100613,100,99877,100,100649,100,99874,200,100671,100,99845,100,100682,100,99837,100,100763,100,99823,100,100772,100,99512,100
2019-06-28 09:53:09.315959559,100193,361,99938,361,100321,100,99904,100,100471,300,99890,100,100527,200,99886,100,100613,100,99877,100,100649,100,99874,200,100671,100,99845,100,100682,100,99837,100,100763,100,99823,100,100772,100,99512,100
2019-06-28 09:53:10.000000000,100193,152,99938,152,100321,152,99904,152,100471,352,99890,152,100527,252,99886,152,100613,152,99877,152,100649,100,99874,200,100671,100,99845,100,100682,100,99837,100,100763,100,99823,100,100772,100,99512,100
2019-06-28 09:53:20.000000000,100193,230,99938,230,100321,230,99904,230,100471,300,99890,100,100527,200,99886,100,100613,100,99877,100,100649,100,99874,200,100671,100,99845,100,100682,100,99837,100,100763,100,99823,100,100772,100,99512,100
2019-06-28 09:53:26.629973284,100025,100,99938,230,100193,230,99904,230,100321,230,99890,100,100471,300,99886,100,100527,200,99877,100,100613,100,99874,200,100649,100,99845,100,100671,100,99837,100,100682,100,99823,100,100763,100,99512,100
2019-06-28 09:53:30.000000000,100025,230,99938,230,100193,230,99904,230,100321,100,99890,100,100471,300,99886,100,100527,200,99877,100,100613,100,99874,200,100649,100,99845,100,100671,100,99837,100,100682,100,99823,100,100763,100,99512,100
2019-06-28 09:53:40.000000000,100025,230,99938,230,100193,230,99904,230,100321,100,99890,100,100471,300,99886,100,100527,200,99877,100,100613,100,99874,200,100649,100,99845,100,100671,100,99837,100,100682,100,99823,100,100763,100,99512,100
2019-06-28 09:53:45.958618188,100025,230,99938,230,100193,230,99904,230,100321,100,99890,100,100471,300,99886,100,100527,200,99877,100,100613,100,99874,200,100649,100,99845,100,100671,100,99837,100,100682,100,99829,100,100763,100,99823,100
2019-06-28 09:53:49.570736877,100025,330,99938,230,100193,230,99904,230,100321,100,99890,100,100471,300,99886,100,100527,200,99877,100,100613,100,99874,200,100649,100,99845,100,100671,100,99837,100,100682,100,99829,100,100763,100,99823,100
2019-06-28 09:53:50.000000000,100025,461,99938,361,100193,100,99904,100,100321,100,99890,100,100471,300,99886,100,100527,200,99877,100,100613,100,99874,200,100649,100,99845,100,100671,100,99837,100,100682,100,99829,100,100763,100,99823,100
2019-06-28 09:54:00.000000000,100025,289,99938,189,100193,186,99904,186,100321,186,99890,186,100471,300,99886,100,100527,200,99877,100,100613,100,99874,200,100649,100,99845,100,100671,100,99837,100,100682,100,99829,100,100763,100,99823,100
2019-06-28 09:54:10.000000000,100025,330,99938,230,100193,230,99904,230,100321,100,99890,100,100471,300,99886,100,100527,200,99877,100,100613,100,99874,200,100649,100,99845,100,100671,100,99837,100,100682,100,99829,100,100763,100,99823,100
2019-06-28 09:54:20.000000000,100025,289,99938,189,100193,186,99904,186,100321,186,99890,186,100471,300,99886,100,100527,200,99877,100,100613,100,99874,200,100649,100,99845,100,100671,100,99837,100,100682,100,99829,100,100763,100,99823,100
2019-06-28 09:54:27.956392456,100025,289,99969,100,100193,186,99938,189,100321,186,99904,186,100471,300,99890,186,100527,200,99886,100,100613,100,99877,100,100649,100,99874,200,100671,100,99837,100,100682,100,99829,100,100763,100,99823,100
2019-06-28 09:54:30.000000000,100025,461,99969,361,100193,100,99938,100,100321,100,99904,100,100471,300,99890,100,100527,200,99886,100,100613,100,99877,100,100649,100,99874,200,100671,100,99837,100,100682,100,99829,100,100763,100,99823,100
2019-06-28 09:54:40.000000000,100025,265,99969,165,100193,165,99938,165,100321,165,99904,165,100471,365,99890,165,100527,200,99886,100,100613,100,99877,100,100649,100,99874,200,100671,100,99837,100,100682,100,99829,100,100763,100,99823,100
2019-06-28 09:54:44.664212764,100025,265,99969,65,100193,165,99938,165,100321,165,99904,165,100470,100,99890,165,100471,365,99886,100,100527,200,99877,100,100613,100,99874,200,100649,100,99837,100,100671,100,99829,100,100682,100,99823,100
2019-06-28 09:54:50.000000000,100025,330,99938,230,100193,230,99904,230,100321,100,99890,100,100470,100,99886,100,100471,300,99877,100,100527,200,99874,200,100613,100,99837,100,100649,100,99829,100,100671,100,99823,100,100682,100,99512,100
2019-06-28 09:54:57.276168788,100025,230,99938,230,100193,230,99904,230,100321,100,99890,100,100470,100,99877,100,100471,300,99874,200,100527,200,99837,100,100613,100,99829,100,100649,100,99823,100,100671,100,99512,100,100682,100,99507,100
2019-06-28 09:55:00.000000000,100025,189,99938,189,100193,186,99904,186,100321,186,99890,186,100470,100,99877,100,100471,300,99874,200,100527,200,99837,100,100613,100,99829,100,100649,100,99823,100,100671,100,99512,100,100682,100,99507,100
2019-06-28 09:55:10.000000000,100025,165,99938,165,100193,165,99904,165,100321,165,99890,165,100470,165,99877,165,100471,300,99874,200,100527,200,99837,100,100613,100,99829,100,100649,100,99823,100,100671,100,99512,100,100682,100,99507,100
2019-06-28 09:55:20.000000000,100025,361,99938,361,100193,100,99904,100,100321,100,99890,100,100470,100,99877,100,100471,300,99874,200,100527,200,99837,100,100613,100,99829,100,100649,100,99823,100,100671,100,99512,100,100682,100,99507,100
2019-06-28 09:55:26.660087397,100025,261,99938,361,100193,100,99904,100,100321,100,99890,100,100470,100,99877,100,100471,300,99874,200,100527,200,99837,100,100613,100,99829,100,100649,100,99823,100,100671,100,99512,100,100682,100,99507,100
2019-06-28 09:55:28.087377158,100025,161,99938,361,100193,100,99904,100,100321,100,99890,100,100470,100,99877,100,100471,300,99874,200,100527,200,99837,100,100613,100,99829,100,100649,100,99823,100,100671,100,99512,100,100682,100,99507,100
2019-06-28 09:55:28.655926462,100025,161,99938,261,100193,100,99904,100,100321,100,99890,100,100470,100,99877,100,100471,300,99874,200,100527,200,99837,100,100613,100,99829,100,100649,100,99823,100,100671,100,99512,100,100682,100,99507,100
2019-06-28 09:55:30.000000000,100193,230,99904,230,100321,230,99890,230,100470,100,99877,100,100471,300,99874,200,100527,200,99837,100,100613,100,99829,100,100649,100,99823,100,100671,100,99512,100,100682,100,99507,100,100763,100,99236,100
2019-06-28 09:55:40.000000000,100193,361,99904,361,100321,100,99890,100,100470,100,99877,100,100471,300,99874,200,100527,200,99837,100,100613,100,99829,100,100649,100,99823,100,100671,100,99512,100,100682,100,99507,100,100763,100,99236,100
2019-06-28 09:55:50.000000000,100193,189,99904,189,100321,186,99890,186,100470,186,99877,186,100471,300,99874,200,100527,200,99837,100,100613,100,99829,100,100649,100,99823,100,100671,100,99512,100,100682,100,99507,100,100763,100,99236,100
2019-06-28 09:55:59.151630638,100193,89,99904,189,100321,186,99890,186,100470,186,99877,86,100471,300,99874,200,100527,200,99837,100,100613,100,99829,100,100649,100,99823,100,100671,100,99512,100,100682,100,99507,100,100763,100,99236,100
2019-06-28 09:56:00.000000000,100321,152,99904,152,100470,152,99890,152,100471,352,99874,252,100527,252,99837,152,100613,152,99829,152,100649,100,99823,100,100671,100,99512,100,100682,100,99507,100,100763,100,99236,100,100772,100,99197,100
2019-06-28 09:56:10.000000000,100321,165,99904,165,100470,165,99890,165,100471,365,99874,265,100527,265,99837,165,100613,100,99829,100,100649,100,99823,100,100671,100,99512,100,100682,100,99507,100,100763,100,99236,100,100772,100,99197,100
2019-06-28 09:56:20.000000000,100321,152,99904,152,100470,152,99890,152,100471,352,99874,252,100527,252,99837,152,100613,152,99829,152,100649,100,99823,100,100671,100,99512,100,100682,100,99507,100,100763,100,99236,100,100772,100,99197,100
2019-06-28 09:56:30.000000000,100321,189,99904,189,100470,186,99890,186,100471,386,99874,286,100527,200,99837,100,100613,100,99829,100,100649,100,99823,100,100671,100,99512,100,100682,100,99507,100,100763,100,99236,100,100772,100,99197,100
2019-06-28 09:56:40.000000000,100321,230,99904,230,100470,230,99890,230,100471,300,99874,200,100527,200,99837,100,100613,100,99829,100,100649,100,99823,100,100671,100,99512,100,100682,100,99507,100,100763,100,99236,100,100772,100,99197,100
2019-06-28 09:56:41.604383795,100321,230,99904,230,100470,230,99890,230,100471,300,99874,200,100527,200,99837,100,100613,100,99829,100,100649,100,99823,100,100671,100,99512,100,100682,100,99507,100,100763,100,99236,100,100772,100,99197,100
2019-06-28 09:56:48.537118828,100321,130,99904,230,100470,230,99890,230,100471,300,99874,200,100527,200,99837,100,100613,100,99829,100,100649,100,99823,100,100671,100,99512,100,100682,100,99507,100,100763,100,99236,100,100772,100,99197,100
2019-06-28 09:56:48.538890814,100321,30,99904,230,100470,230,99890,230,100471,300,99874,200,100527,200,99837,100,100613,100,99829,100,100649,100,99823,100,100682,100,99512,100,100763,100,99507,100,100772,100,99236,100,100836,100,99197,100
2019-06-28 09:56:50.000000000,100470,361,99904,361,100471,300,99890,100,100527,200,99874,200,100613,100,99837,100,100649,100,99829,100,100682,100,99823,100,100763,100,99512,100,100772,100,99507,100,100836,100,99236,100,101275,100,99197,100
2019-06-28 09:57:00.000000000,100470,165,99904,165,100471,365,99890,165,100527,265,99874,265,100613,165,99837,165,100649,100,99829,100,100682,100,99823,100,100763,100,99512,100,100772,100,99507,100,100836,100,99236,100,101275,100,99197,100
2019-06-28 09:57:02.484178437,100470,65,99904,165,100471,365,99890,165,100527,265,99874,265,100613,165,99837,165,100649,100,99829,100,100682,100,99823,100,100763,100,99512,100,100772,100,99507,100,100836,100,99236,100,100925,100,99197,100
2019-06-28 09:57:10.000000000,100471,352,99904,152,100527,252,99890,152,100613,152,99874,252,100649,152,99837,152,100682,152,99829,152,100763,100,99823,100,100772,100,99512,100,100836,100,99507,100,100925,100,99236,100,101275,100,99197,100
2019-06-28 09:57:17.681951295,100471,252,99904,152,100527,252,99890,152,100613,152,99874,252,100649,152,99837,152,100682,152,99829,152,100763,100,99823,100,100772,100,99512,100,100836,100,99507,100,100925,100,99236,100,101275,100,99197,100
2019-06-28 09:57:20.000000000,100471,461,99904,361,100527,200,99890,100,100613,100,99874,200,100649,100,99837,100,100682,100,99829,100,100763,100,99823,100,100772,100,99512,100,100836,100,99507,100,100925,100,99236,100,101275,100,99197,100
2019-06-28 09:57:30.000000000,100471,265,99904,165,100527,265,99890,165,100613,165,99874,265,100649,165,99837,165,100682,100,99829,100,100763,100,99823,100,100772,100,99512,100,100836,100,99507,100,100925,100,99236,100,101275,100,99197,100
2019-06-28 09:57:33.381729634,100471,165,99904,165,100527,265,99890,165,100613,165,99874,265,100649,165,99837,165,100682,100,99829,100,100763,100,99823,100,100772,100,99512,100,100836,100,99507,100,100925,100,99236,100,101275,100,99197,100
2019-06-28 09:57:36.849684997,100471,165,100470,100,100527,265,99904,165,100613,65,99890,165,100649,165,99874,265,100682,100,99837,165,100763,100,99829,100,100772,100,99823,100,100836,100,99512,100,100925,100,99507,100,101275,100,99236,100
2019-06-28 09:57:40.000000000,100471,361,100470,361,100527,200,99904,100,100649,100,99890,100,100682,100,99874,200,100763,100,99837,100,100772,100,99829,100,100836,100,99823,100,100925,100,99512,100,101275,100,99507,100,,,99236,100
2019-06-28 09:57:45.930802398,100471,361,100470,461,100527,100,99904,100,100649,100,99890,100,100682,100,99874,200,100763,100,99837,100,100772,100,99829,100,100836,100,99823,100,100925,100,99512,100,101275,100,99507,100,,,99236,100
2019-06-28 09:57:50.000000000,100471,230,100470,330,100527,230,99904,230,100649,100,99890,100,100682,100,99874,200,100763,100,99837,100,100772,100,99829,100,100836,100,99823,100,100925,100,99512,100,101275,100,99507,100,,,99236,100
2019-06-28 09:57:55.675632371,100471,130,100470,330,100527,230,99904,230,100649,100,99890,100,100682,100,99874,200,100763,100,99837,100,100772,100,99829,100,100836,100,99823,100,100925,100,99512,100,101275,100,99507,100,,,99236,100
2019-06-28 09:57:57.831006154,100471,30,100470,330,100527,230,99904,230,100649,100,99890,100,100682,100,99874,200,100763,100,99837,100,100772,100,99829,100,100836,100,99823,100,100925,100,99512,100,101275,100,99507,100,,,99236,100
2019-06-28 09:58:00.000000000,100527,361,100470,461,100649,100,99904,100,100682,100,99890,100,100763,100,99874,200,100772,100,99837,100,100836,100,99829,100,100925,100,99823,100,101275,100,99512,100,,,99507,100,,,99236,100
2019-06-28 09:58:03.558566658,100527,361,100470,461,100649,100,99904,100,100682,100,99890,100,100763,100,99874,200,100772,100,99837,100,100823,100,99829,100,100836,100,99823,100,100925,100,99512,100,101275,100,99507,100,,,99236,100
2019-06-28 09:58:10.000000000,100527,230,100470,330,100649,230,99904,230,100682,100,99890,100,100763,100,99874,200,100772,100,99837,100,100823,100,99829,100,100836,100,99823,100,100925,100,99512,100,101275,100,99507,100,,,99236,100
2019-06-28 09:58:20.000000000,100527,230,100470,330,100649,230,99904,230,100682,100,99890,100,100763,100,99874,200,100772,100,99837,100,100823,100,99829,100,100836,100,99823,100,100925,100,99512,100,101275,100,99507,100,,,99236,100
2019-06-28 09:58:30.000000000,100527,152,100470,252,100649,152,99904,152,100682,152,99890,152,100763,152,99874,252,100772,152,99837,152,100823,100,99829,100,100836,100,99823,100,100925,100,99512,100,101275,100,99507,100,,,99236,100
2019-06-28 09:58:30.205646780,100527,152,100470,252,100569,100,99904,152,100649,152,99890,152,100682,152,99874,252,100763,152,99837,152,100772,152,99829,100,100823,100,99823,100,100836,100,99512,100,100925,100,99507,100,101275,100,99236,100
2019-06-28 09:58:33.495597980,100527,152,100470,152,100569,100,99904,152,100649,152,99890,152,100682,152,99874,252,100763,152,99837,152,100772,152,99829,100,100823,100,99823,100,100836,100,99512,100,100925,100,99507,100,101275,100,99236,100
2019-06-28 09:58:40.000000000,100527,361,100470,361,100569,100,99904,100,100649,100,99890,100,100682,100,99874,200,100763,100,99837,100,100772,100,99829,100,100823,100,99823,100,100836,100,99512,100,100925,100,99507,100,101275,100,99236,100
2019-06-28 09:58:42.725838572,100527,361,100470,361,100569,100,100421,100,100649,100,99904,100,100682,100,99890,100,100763,100,99874,200,100772,100,99837,100,100823,100,99829,100,100836,100,99823,100,100925,100,99512,100,101275,100,99507,100
2019-06-28 09:58:48.916871140,100471,100,100470,361,100527,361,100421,100,100569,100,99904,100,100649,100,99890,100,100682,100,99874,200,100763,100,99837,100,100772,100,99829,100,100823,100,99823,100,100836,100,99512,100,100925,100,99507,100
2019-06-28 09:58:50.000000000,100471,230,100470,230,100527,230,100421,230,100569,100,99904,100,100649,100,99890,100,100682,100,99874,200,100763,100,99837,100,100772,100,99829,100,100823,100,99823,100,100836,100,99512,100,100925,100,99507,100
2019-06-28 09:58:51.272648202,100471,230,100470,130,100527,230,100421,230,100569,100,99904,100,100649,100,99890,100,100682,100,99874,200,100763,100,99837,100,100772,100,99829,100,100823,100,99823,100,100836,100,99512,100,100925,100,99236,100
2019-06-28 09:59:00.000000000,100471,189,100421,189,100527,186,99904,186,100569,186,99890,186,100649,100,99874,200,100682,100,99837,100,100763,100,99829,100,100772,100,99823,100,100823,100,99512,100,100836,100,99236,100,100925,100,99197,100
2019-06-28 09:59:01.650336853,100471,89,100421,189,100527,186,99904,186,100569,186,99890,186,100649,100,99874,200,100682,100,99837,100,100763,100,99829,100,100772,100,99823,100,100823,100,99512,100,100836,100,99236,100,100925,100,99197,100
2019-06-28 09:59:01.868237862,100527,186,100471,11,100569,186,100421,189,100649,100,99904,186,100682,100,99890,186,100763,100,99874,200,100772,100,99837,100,100823,100,99829,100,100836,100,99823,100,100925,100,99512,100,101275,100,99236,100
2019-06-28 09:59:04.942466226,100471,89,100421,189,100527,186,99904,186,100569,186,99890,186,100649,100,99874,200,100682,100,99837,100,100763,100,99829,100,100772,100,99823,100,100823,100,99512,100,100836,100,99236,100,100925,100,99197,100
2019-06-28 09:59:10.000000000,100471,219,100421,230,100527,230,99904,230,100569,100,99890,100,100649,100,99874,200,100682,100,99837,100,100763,100,99829,100,100772,100,99823,100,100823,100,99512,100,100836,100,99236,100,100925,100,99197,100
2019-06-28 09:59:16.901707835,100471,319,100421,230,100527,230,99904,230,100569,100,99890,100,100649,100,99874,200,100682,100,99837,100,100763,100,99829,100,100772,100,99823,100,100823,100,99512,100,100836,100,99236,100,100925,100,99197,100
2019-06-28 09:59:20.000000000,100471,254,100421,165,100527,165,99904,165,100569,165,99890,165,100649,165,99874,265,100682,100,99837,100,100763,100,99829,100,100772,100,99823,100,100823,100,99512,100,100836,100,99236,100,100925,100,99197,100
2019-06-28 09:59:26.489285551,100471,254,100421,165,100517,100,99904,165,100527,165,99890,165,100569,165,99874,165,100649,165,99837,100,100682,100,99829,100,100763,100,99823,100,100772,100,99512,100,100823,100,99236,100,100836,100,99197,100
2019-06-28 09:59:30.000000000,100471,319,100421,230,100517,230,99904,230,100527,100,99890,100,100569,100,99874,100,100649,100,99837,100,100682,100,99829,100,100763,100,99823,100,100772,100,99512,100,100823,100,99236,100,100836,100,99197,100
2019-06-28 09:59:40.000000000,100471,278,100421,189,100517,186,99904,186,100527,186,99890,186,100569,100,99874,100,100649,100,99837,100,100682,100,99829,100,100763,100,99823,100,100772,100,99512,100,100823,100,99236,100,100836,100,99197,100
2019-06-28 09:59:50.000000000,100471,450,100421,361,100517,100,99904,100,100527,100,99890,100,100569,100,99874,100,100649,100,99837,100,100682,100,99829,100,100763,100,99823,100,100772,100,99512,100,100823,100,99236,100,100836,100,99197,100
2019-06-28 09:59:55.676691812,100471,350,100421,361,100517,100,99904,100,100527,100,99890,100,100569,100,99874,100,100649,100,99837,100,100682,100,99829,100,100763,100,99823,100,100772,100,99512,100,100823,100,99236,100,100836,100,99197,100
2019-06-28 10:00:00.000000000,100471,350,100421,361,100517,100,99904,100,100527,100,99890,100,100569,100,99874,100,100649,100,99837,100,100682,100,99829,100,100763,100,99823,100,100772,100,99512,100,100823,100,99236,100,100836,100,99197,100
2019-06-28 10:00:10.000000000,100471,178,100421,189,100517,186,99904,186,100527,186,99890,186,100569,100,99874,100,100649,100,99837,100,100682,100,99829,100,100763,100,99823,100,100772,100,99512,100,100823,100,99236,100,100836,100,99197,100
2019-06-28 10:00:20.000000000,100471,141,100421,152,100517,152,99904,152,100527,152,99890,152,100569,152,99874,152,100649,152,99837,152,100682,100,99829,100,100763,100,99823,100,100772,100,99512,100,100823,100,99236,100,100836,100,99197,100
2019-06-28 10:00:25.400985201,100471,41,100421,152,100517,152,99904,152,100527,152,99890,152,100569,152,99874,152,100649,152,99837,152,100682,100,99829,100,100772,100,99823,100,100823,100,99512,100,100836,100,99236,100,100925,100,99197,100
2019-06-28 10:00:28.964028308,100471,41,100421,152,100517,152,100291,100,100527,152,99904,152,100569,152,99890,152,100649,152,99874,152,100682,100,99837,152,100772,100,99829,100,100823,100,99823,100,100836,100,99512,100,100925,100,99236,100
2019-06-28 10:00:30.000000000,100517,165,100421,165,100527,165,100291,165,100569,165,99904,165,100649,165,99890,165,100682,100,99874,100,100772,100,99837,100,100823,100,99829,100,100836,100,99823,100,100925,100,99512,100,101275,100,99236,100
2019-06-28 10:00:40.000000000,100517,361,100421,361,100527,100,100291,100,100569,100,99904,100,100649,100,99890,100,100682,100,99874,100,100772,100,99837,100,100823,100,99829,100,100836,100,99823,100,100925,100,99512,100,101275,100,99236,100
2019-06-28 10:00:48.323382813,100517,361,100421,261,100527,100,100291,100,100569,100,99904,100,100649,100,99890,100,100682,100,99874,100,100772,100,99837,100,100823,100,99829,100,100836,100,99823,100,100925,100,99512,100,101275,100,99236,100
2019-06-28 10:00:49.048928852,100517,261,100421,261,100527,100,100291,100,100569,100,99904,100,100649,100,99890,100,100682,100,99874,100,100772,100,99837,100,100823,100,99829,100,100836,100,99512,100,100925,100,99236,100,101275,100,99197,100
2019-06-28 10:00:50.000000000,100527,189,100291,189,100569,186,99904,186,100649,186,99890,186,100682,100,99874,100,100772,100,99837,100,100823,100,99829,100,100836,100,99512,100,100925,100,99236,100,101275,100,99197,100,,,,
2019-06-28 10:01:00.000000000,100527,361,100291,361,100569,100,99904,100,100649,100,99890,100,100682,100,99874,100,100772,100,99837,100,100823,100,99829,100,100836,100,99512,100,100925,100,99236,100,101275,100,99197,100,,,,
2019-06-28 10:01:10.000000000,100527,230,100291,230,100569,230,99904,230,100649,100,99890,100,100682,100,99874,100,100772,100,99837,100,100823,100,99829,100,100836,100,99512,100,100925,100,99236,100,101275,100,99197,100,,,,
2019-06-28 10:01:10.025472060,100527,230,100291,230,100569,230,99904,230,100649,100,99890,100,100682,100,99874,100,100772,100,99837,100,100823,100,99829,100,100836,100,99512,100,100925,100,99236,100,100990,100,99197,100,101275,100,,
2019-06-28 10:01:19.967518844,100527,230,100291,230,100569,230,99904,230,100649,100,99890,100,100682,100,99837,100,100772,100,99829,100,100823,100,99512,100,100836,100,99236,100,100860,100,99197,100,100925,100,,,100990,100,,
2019-06-28 10:01:20.000000000,100527,230,100291,230,100569,230,99904,230,100649,100,99890,100,100682,100,99837,100,100772,100,99829,100,100823,100,99512,100,100836,100,99236,100,100860,100,99197,100,100925,100,,,100990,100,,
2019-06-28 10:01:21.522453788,100527,230,100422,100,100569,230,100291,230,100649,100,99904,230,100682,100,99890,100,100772,100,99837,100,100823,100,99829,100,100836,100,99512,100,100860,100,99236,100,100925,100,99197,100,100990,100,,
2019-06-28 10:01:23.480983798,100527,230,100422,200,100569,230,100291,230,100649,100,99904,230,100682,100,99890,100,100772,100,99837,100,100823,100,99829,100,100836,100,99512,100,100860,100,99236,100,100925,100,99197,100,100990,100,,
2019-06-28 10:01:30.000000000,100527,152,100422,252,100569,152,100291,152,100649,152,99904,152,100682,152,99890,152,100772,152,99837,152,100823,100,99829,100,100836,100,99512,100,100860,100,99236,100,100925,100,99197,100,100990,100,,
2019-06-28 10:01:40.000000000,100527,189,100422,289,100569,186,100291,186,100649,186,99904,186,100682,100,99890,100,100772,100,99837,100,100823,100,99829,100,100836,100,99512,100,100860,100,99236,100,100925,100,99197,100,100990,100,,
2019-06-28 10:01:50.000000000,100527,189,100422,289,100569,186,100291,186,100649,186,99904,186,100682,100,99890,100,100772,100,99837,100,100823,100,99829,100,100836,100,99512,100,100860,100,99236,100,100925,100,99197,100,100990,100,,
2019-06-28 10:01:54.296710677,100527,189,100422,289,100569,186,100291,186,100649,186,99904,186,100682,100,99890,100,100772,100,99837,100,100823,100,99829,100,100836,100,99512,100,100860,100,99236,100,100925,100,99197,100,100967,100,,
2019-06-28 10:01:58.574584912,100527,89,100422,289,100569,186,100291,186,100649,186,99904,186,100682,100,99890,100,100772,100,99837,100,100823,100,99829,100,100836,100,99512,100,100860,100,99236,100,100925,100,99197,100,100967,100,,
2019-06-28 10:02:00.000000000,100569,152,100422,252,100649,152,100291,152,100682,152,99904,152,100772,152,99890,152,100823,152,99837,152,100836,100,99829,100,100860,100,99512,100,100925,100,99236,100,100967,100,99197,100,100990,100,,
2019-06-28 10:02:01.947435620,100569,152,100517,100,100649,152,100422,252,100682,152,100291,152,100772,152,99904,152,100823,152,99890,152,100836,100,99837,152,100860,100,99829,100,100925,100,99512,100,100967,100,99236,100,100990,100,99197,100
2019-06-28 10:02:10.000000000,100569,361,100517,361,100649,100,100422,200,100682,100,100291,100,100772,100,99904,100,100823,100,99890,100,100836,100,99837,100,100860,100,99829,100,100925,100,99512,100,100967,100,99236,100,100990,100,99197,100
2019-06-28 10:02:20.000000000,100569,361,100517,361,100649,100,100422,200,100682,100,100291,100,100772,100,99904,100,100823,100,99890,100,100836,100,99837,100,100860,100,99829,100,100925,100,99512,100,100967,100,99236,100,100990,100,99197,100
2019-06-28 10:02:22.788141464,100569,361,100517,361,100649,100,100422,200,100682,100,100291,100,100772,100,99904,100,100823,100,99890,100,100836,100,99837,100,100860,100,99829,100,100925,100,99512,100,100965,100,99236,100,100967,100,99197,100
2019-06-28 10:02:30.000000000,100569,152,100517,152,100649,152,100422,252,100682,152,100291,152,100772,152,99904,152,100823,152,99890,152,100836,100,99837,100,100860,100,99829,100,100925,100,99512,100,100965,100,99236,100,100967,100,99197,100
2019-06-28 10:02:40.000000000,100569,189,100517,189,100649,186,100422,286,100682,186,100291,186,100772,100,99904,100,100823,100,99890,100,100836,100,99837,100,100860,100,99829,100,100925,100,99512,100,100965,100,99236,100,100967,100,99197,100
2019-06-28 10:02:50.000000000,100569,189,100517,189,100649,186,100422,286,100682,186,100291,186,100772,100,99904,100,100823,100,99890,100,100836,100,99837,100,100860,100,99829,100,100925,100,99512,100,100965,100,99236,100,100967,100,99197,100
2019-06-28 10:03:00.000000000,100569,189,100517,189,100649,186,100422,286,100682,186,100291,186,100772,100,99904,100,100823,100,99890,100,100836,100,99837,100,100860,100,99829,100,100925,100,99512,100,100965,100,99236,100,100967,100,99197,100
2019-06-28 10:03:10.000000000,100569,361,100517,361,100649,100,100422,200,100682,100,100291,100,100772,100,99904,100,100823,100,99890,100,100836,100,99837,100,100860,100,99829,100,100925,100,99512,100,100965,100,99236,100,100967,100,99197,100
2019-06-28 10:03:20.000000000,100569,361,100517,361,100649,100,100422,200,100682,100,100291,100,100772,100,99904,100,100823,100,99890,100,100836,100,99837,100,100860,100,99829,100,100925,100,99512,100,100965,100,99236,100,100967,100,99197,100
2019-06-28 10:03:30.000000000,100569,189,100517,189,100649,186,100422,286,100682,186,100291,186,100772,100,99904,100,100823,100,99890,100,100836,100,99837,100,100860,100,99829,100,100925,100,99512,100,100965,100,99236,100,100967,100,99197,100
2019-06-28 10:03:40.000000000,100569,361,100517,361,100649,100,100422,200,100682,100,100291,100,100772,100,99904,100,100823,100,99890,100,100836,100,99837,100,100860,100,99829,100,100925,100,99512,100,100965,100,99236,100,100967,100,99197,100
2019-06-28 10:03:50.000000000,100569,152,100517,152,100649,152,100422,252,100682,152,100291,152,100772,152,99904,152,100823,152,99890,152,100836,100,99837,100,100860,100,99829,100,100925,100,99512,100,100965,100,99236,100,100967,100,99197,100
2019-06-28 10:03:54.514596025,100569,52,100517,152,100649,152,100422,252,100682,152,100291,152,100772,152,99904,152,100823,152,99890,152,100836,100,99837,100,100860,100,99829,100,100925,100,99512,100,100965,100,99236,100,100967,100,99197,100
2019-06-28 10:04:00.000000000,100649,230,100517,230,100682,230,100422,330,100772,100,100291,100,100823,100,99904,100,100836,100,99890,100,100860,100,99837,100,100925,100,99829,100,100965,100,99512,100,100967,100,99236,100,100990,100,99197,100
2019-06-28 10:04:09.578809719,100649,230,100517,230,100682,230,100422,330,100772,200,100291,100,100823,100,99904,100,100836,100,99890,100,100925,100,99837,100,100965,100,99829,100,100967,100,99512,100,100990,100,99236,100,101275,100,99197,100
2019-06-28 10:04:10.000000000,100649,230,100517,230,100682,230,100422,330,100772,200,100291,100,100823,100,99904,100,100836,100,99890,100,100925,100,99837,100,100965,100,99829,100,100967,100,99512,100,100990,100,99236,100,101275,100,99197,100
2019-06-28 10:04:20.000000000,100649,152,100517,152,100682,152,100422,252,100772,252,100291,152,100823,152,99904,152,100836,152,99890,152,100925,100,99837,100,100965,100,99829,100,100967,100,99512,100,100990,100,99236,100,101275,100,99197,100
2019-06-28 10:04:30.000000000,100649,152,100517,152,100682,152,100422,252,100772,252,100291,152,100823,152,99904,152,100836,152,99890,152,100925,100,99837,100,100965,100,99829,100,100967,100,99512,100,100990,100,99236,100,101275,100,99197,100
2019-06-28 10:04:32.939713348,100649,152,100517,152,100682,152,100422,252,100772,152,100387,100,100823,152,100291,152,100836,152,99904,152,100925,100,99890,152,100965,100,99837,100,100967,100,99829,100,100990,100,99512,100,101275,100,99236,100
2019-06-28 10:04:40.000000000,100649,152,100517,152,100682,152,100422,252,100772,152,100387,152,100823,152,100291,152,100836,152,99904,152,100925,100,99890,100,100965,100,99837,100,100967,100,99829,100,100990,100,99512,100,101275,100,99236,100
2019-06-28 10:04:50.000000000,100649,152,100517,152,100682,152,100422,252,100772,152,100387,152,100823,152,100291,152,100836,152,99904,152,100925,100,99890,100,100965,100,99837,100,100967,100,99829,100,100990,100,99512,100,101275,100,99236,100
2019-06-28 10:04:57.771173904,100526,100,100517,152,100649,152,100422,252,100682,152,100387,152,100772,152,100291,152,100823,152,99904,152,100836,152,99890,100,100925,100,99837,100,100965,100,99829,100,100967,100,99512,100,100990,100,99236,100
2019-06-28 10:05:00.000000000,100526,230,100517,230,100649,230,100422,330,100682,100,100387,100,100772,100,100291,100,100823,100,99904,100,100836,100,99890,100,100925,100,99837,100,100965,100,99829,100,100967,100,99512,100,100990,100,99236,100
2019-06-28 10:05:10.000000000,100526,152,100517,152,100649,152,100422,252,100682,152,100387,152,100772,152,100291,152,100823,152,99904,152,100836,100,99890,100,100925,100,99837,100,100965,100,99829,100,100967,100,99512,100,100990,100,99236,100
2019-06-28 10:05:12.320946386,100526,152,100517,152,100649,152,100422,252,100682,152,100387,152,100772,152,100291,152,100816,100,99904,152,100823,152,99890,100,100836,100,99837,100,100925,100,99829,100,100965,100,99512,100,100967,100,99236,100
2019-06-28 10:05:19.265481170,100526,152,100517,152,100649,152,100422,252,100682,152,100387,152,100772,152,100345,100,100816,100,100291,152,100823,152,99904,152,100836,100,99890,100,100925,100,99837,100,100965,100,99512,100,100967,100,99236,100
2019-06-28 10:05:20.000000000,100526,361,100517,361,100649,100,100422,200,100682,100,100387,100,100772,100,100345,100,100816,100,100291,100,100823,100,99904,100,100836,100,99890,100,100925,100,99837,100,100965,100,99512,100,100967,100,99236,100
2019-06-28 10:05:23.109587361,100526,361,100517,361,100626,100,100422,200,100649,100,100387,100,100682,100,100345,100,100772,100,100291,100,100816,100,99904,100,100823,100,99890,100,100836,100,99837,100,100925,100,99512,100,100965,100,99236,100
2019-06-28 10:05:29.913073569,100526,361,100517,361,100626,100,100422,200,100649,100,100387,100,100682,100,100345,100,100772,100,100291,100,100785,100,99904,100,100816,100,99890,100,100823,100,99837,100,100836,100,99512,100,100925,100,99236,100
2019-06-28 10:05:30.000000000,100526,189,100517,189,100626,186,100422,286,100649,186,100387,186,100682,100,100345,100,100772,100,100291,100,100785,100,99904,100,100816,100,99890,100,100823,100,99837,100,100836,100,99512,100,100925,100,99236,100
2019-06-28 10:05:40.000000000,100526,361,100517,361,100626,100,100422,200,100649,100,100387,100,100682,100,100345,100,100772,100,100291,100,100785,100,99904,100,100816,100,99890,100,100823,100,99837,100,100836,100,99512,100,100925,100,99236,100
2019-06-28 10:05:50.000000000,100526,189,100517,189,100626,186,100422,286,100649,186,100387,186,100682,100,100345,100,100772,100,100291,100,100785,100,99904,100,100816,100,99890,100,100823,100,99837,100,100836,100,99512,100,100925,100,99236,100
2019-06-28 10:05:52.118468229,100526,89,100517,189,100626,186,100422,186,100649,186,100387,186,100682,100,100345,100,100772,100,100291,100,100785,100,99904,100,100816,100,99890,100,100823,100,99837,100,100836,100,99512,100,100925,100,99236,100
2019-06-28 10:06:00.000000000,100626,230,100517,230,100649,230,100422,230,100682,100,100387,100,100772,100,100345,100,100785,100,100291,100,100816,100,99904,100,100823,100,99890,100,100836,100,99837,100,100925,100,99512,100,100965,100,99236,100
2019-06-28 10:06:02.778198447,100626,230,100517,230,100649,230,100422,230,100682,100,100387,100,100772,100,100345,100,100785,100,100291,100,100816,100,100105,100,100823,100,99904,100,100836,100,99890,100,100925,100,99837,100,100965,100,99512,100
2019-06-28 10:06:10.000000000,100626,165,100517,165,100649,165,100422,165,100682,165,100387,165,100772,165,100345,165,100785,100,100291,100,100816,100,100105,100,100823,100,99904,100,100836,100,99890,100,100925,100,99837,100,100965,100,99512,100
2019-06-28 10:06:10.818315933,100626,165,100526,100,100649,165,100517,165,100682,165,100422,165,100772,165,100387,165,100785,100,100345,165,100816,100,100291,100,100823,100,100105,100,100836,100,99904,100,100925,100,99890,100,100965,100,99837,100
2019-06-28 10:06:20.000000000,100626,230,100526,230,100649,230,100517,230,100682,100,100422,100,100772,100,100387,100,100785,100,100345,100,100816,100,100291,100,100823,100,100105,100,100836,100,99904,100,100925,100,99890,100,100965,100,99837,100
2019-06-28 10:06:28.644742841,100626,230,100526,230,100649,230,100517,230,100682,100,100428,100,100772,100,100422,100,100785,100,100387,100,100816,100,100345,100,100823,100,100291,100,100836,100,100105,100,100925,100,99890,100,100965,100,99837,100
2019-06-28 10:06:28.820240160,100626,230,100526,230,100649,230,100517,230,100682,100,100428,100,100772,100,100422,100,100785,100,100403,100,100816,100,100387,100,100823,100,100345,100,100836,100,100291,100,100925,100,99890,100,100965,100,99837,100
2019-06-28 10:06:30.000000000,100626,361,100526,361,100649,100,100517,100,100682,100,100428,100,100772,100,100422,100,100785,100,100403,100,100816,100,100387,100,100823,100,100345,100,100836,100,100291,100,100925,100,99890,100,100965,100,99837,100
2019-06-28 10:06:40.000000000,100626,152,100526,152,100649,152,100517,152,100682,152,100428,152,100772,152,100422,152,100785,152,100403,152,100816,100,100387,100,100823,100,100345,100,100836,100,100291,100,100925,100,99890,100,100965,100,99837,100
2019-06-28 10:06:48.759296321,100626,152,100526,152,100649,152,100517,152,100682,152,100455,100,100772,52,100428,152,100785,152,100422,152,100816,100,100403,152,100823,100,100387,100,100836,100,100345,100,100925,100,100291,100,100965,100,99890,100
2019-06-28 10:06:50.000000000,100626,165,100526,165,100649,165,100517,165,100682,165,100455,165,100785,165,100428,165,100816,100,100422,100,100823,100,100403,100,100836,100,100387,100,100925,100,100345,100,100965,100,100291,100,100967,100,99890,100
2019-06-28 10:07:00.000000000,100626,230,100526,230,100649,230,100517,230,100682,100,100455,100,100785,100,100428,100,100816,100,100422,100,100823,100,100403,100,100836,100,100387,100,100925,100,100345,100,100965,100,100291,100,100967,100,99890,100
2019-06-28 10:07:10.000000000,100626,230,100526,230,100649,230,100517,230,100682,100,100455,100,100785,100,100428,100,100816,100,100422,100,100823,100,100403,100,100836,100,100387,100,100925,100,100345,100,100965,100,100291,100,100967,100,99890,100
2019-06-28 10:07:20.000000000,100626,165,100526,165,100649,165,100517,165,100682,165,100455,165,100785,165,100428,165,100816,100,100422,100,100823,100,100403,100,100836,100,100387,100,100925,100,100345,100,100965,100,100291,100,100967,100,99890,100
2019-06-28 10:07:30.000000000,100626,165,100526,165,100649,165,100517,165,100682,165,100455,165,100785,165,100428,165,100816,100,100422,100,100823,100,100403,100,100836,100,100387,100,100925,100,100345,100,100965,100,100291,100,100967,100,99890,100
