,ask_price_1,ask_size_1,bid_price_1,bid_size_1,ask_price_2,ask_size_2,bid_price_2,bid_size_2,ask_price_3,ask_size_3,bid_price_3,bid_size_3,ask_price_4,ask_size_4,bid_price_4,bid_size_4,ask_price_5,ask_size_5,bid_price_5,bid_size_5,ask_price_6,ask_size_6,bid_price_6,bid_size_6,ask_price_7,ask_size_7,bid_price_7,bid_size_7,ask_price_8,ask_size_8,bid_price_8,bid_size_8,ask_price_9,ask_size_9,bid_price_9,bid_size_9,ask_price_10,ask_size_10,bid_price_10,bid_size_10
2019-06-28 09:30:00.000000000,,,99968,100,,,99962,100,,,,,,,,,,,,,,,,,,,,,,,,,,,,,,,,
2019-06-28 09:30:00.000000001,,,100001,100,,,99968,100,,,99962,100,,,,,,,,,,,,,,,,,,,,,,,,,,,,
2019-06-28 09:30:00.000000002,100005,100,100001,100,100063,100,99968,100,,,99962,100,,,,,,,,,,,,,,,,,,,,,,,,,,,,
2019-06-28 09:30:00.000000003,100005,100,100001,100,100063,100,99968,100,,,99962,100,,,99867,100,,,,,,,,,,,,,,,,,,,,,,,,
2019-06-28 09:30:00.000000006,100002,100,100001,100,100005,100,99968,100,100024,100,99962,100,100063,100,99904,100,,,99899,100,,,99883,100,,,99867,100,,,,,,,,,,,,
2019-06-28 09:30:00.000000009,100002,100,100001,100,100005,100,99968,100,100024,100,99962,100,100063,100,99947,100,100068,100,99904,100,,,99899,100,,,99883,100,,,99867,100,,,,,,,,
2019-06-28 09:30:00.000000010,100002,100,100001,100,100005,100,99968,100,100024,100,99962,100,100063,100,99947,100,100068,100,99904,100,,,99899,100,,,99893,100,,,99883,100,,,99867,100,,,,
2019-06-28 09:30:00.000000011,100002,100,100001,100,100005,100,99968,100,100024,100,99962,100,100063,100,99947,100,100068,100,99904,100,100159,100,99899,100,,,99893,100,,,99883,100,,,99867,100,,,,
2019-06-28 09:30:00.000000012,100002,100,100001,100,100005,100,99990,100,100024,100,99968,100,100063,100,99962,100,100068,100,99947,100,100159,100,99904,100,,,99899,100,,,99893,100,,,99883,100,,,99867,100
2019-06-28 09:30:00.000000014,100005,100,99990,100,100024,100,99968,100,100063,100,99962,100,100068,100,99947,100,100159,100,99904,100,,,99899,100,,,99893,100,,,99883,100,,,99867,100,,,,
2019-06-28 09:30:00.000000017,100005,100,99990,100,100024,100,99968,100,100063,100,99962,100,100068,100,99947,100,100159,100,99904,100,,,99899,100,,,99893,100,,,99887,100,,,99883,100,,,99867,100
2019-06-28 09:30:00.000000018,100005,100,99990,100,100024,100,99968,100,100025,100,99962,100,100063,100,99947,100,100068,100,99904,100,100159,100,99899,100,,,99893,100,,,99887,100,,,99883,100,,,99867,100
2019-06-28 09:30:00.000000020,100002,100,99990,100,100005,100,99968,100,100024,100,99962,100,100025,100,99947,100,100063,100,99904,100,100068,100,99899,100,100116,100,99893,100,100159,100,99887,100,,,99883,100,,,99867,100
2019-06-28 09:30:00.000000033,100002,100,99990,100,100005,100,99968,100,100024,100,99962,100,100025,100,99947,100,100063,100,99921,100,100068,100,99904,100,100116,100,99899,100,100159,100,99893,100,,,99887,100,,,99883,100
2019-06-28 09:30:00.000000035,100002,100,99990,100,100005,100,99968,100,100024,200,99962,100,100025,100,99947,100,100063,100,99921,100,100068,100,99904,100,100116,100,99899,100,100159,100,99893,100,,,99887,100,,,99883,100
2019-06-28 09:30:00.000000037,100002,100,99990,100,100005,100,99968,100,100009,100,99962,100,100024,200,99947,100,100025,100,99921,100,100034,100,99904,100,100063,100,99899,100,100068,100,99893,100,100116,100,99887,100,100159,100,99883,100
2019-06-28 09:30:00.000000041,100002,100,99990,100,100005,100,99980,100,100009,100,99968,100,100024,200,99962,100,100025,100,99947,100,100034,100,99921,100,100063,100,99904,100,100068,100,99899,100,100100,100,99893,100,100116,100,99887,100
2019-06-28 09:30:00.000000042,100002,100,100001,100,100005,100,99990,100,100009,100,99980,100,100024,200,99971,100,100025,100,99968,100,100034,100,99962,100,100063,100,99947,100,100068,100,99921,100,100100,100,99904,100,100116,100,99899,100
2019-06-28 09:30:00.000000045,100002,100,100001,100,100005,100,99990,100,100009,100,99980,100,100024,200,99976,100,100025,100,99971,100,100034,100,99968,100,100063,100,99962,100,100068,100,99947,100,100100,100,99921,100,100116,100,99904,100
2019-06-28 09:30:00.000000048,100005,100,100001,100,100009,100,99990,100,100024,200,99980,100,100025,100,99976,100,100034,100,99971,100,100063,100,99968,100,100068,100,99962,100,100100,100,99947,100,100116,100,99921,100,100159,100,99904,100
2019-06-28 09:30:00.000000049,100005,100,100001,100,100009,100,99990,100,100024,200,99980,100,100025,100,99976,100,100034,100,99971,100,100063,100,99968,100,100068,100,99962,100,100100,100,99947,100,100116,100,99921,100,100159,100,99904,100
2019-06-28 09:30:00.000000050,100005,100,100001,100,100009,100,99990,100,100024,200,99980,100,100025,100,99976,100,100034,100,99971,100,100063,100,99968,100,100068,100,99962,100,100100,100,99947,100,100116,100,99921,100,100159,100,99904,100
2019-06-28 09:30:00.000000051,100005,100,100001,100,100009,100,99990,100,100024,200,99980,100,100025,100,99976,100,100034,100,99971,100,100049,100,99968,100,100063,100,99962,100,100068,100,99947,100,100100,100,99921,100,100116,100,99904,100
2019-06-28 09:30:00.000000056,100005,100,100001,100,100009,100,99990,100,100024,200,99980,100,100025,100,99976,100,100034,100,99971,100,100038,100,99968,100,100049,100,99962,100,100063,100,99947,100,100068,100,99921,100,100100,100,99904,100
2019-06-28 09:30:00.000000058,100005,100,100001,100,100009,100,99990,200,100024,200,99980,100,100025,100,99976,100,100034,100,99971,100,100038,100,99968,100,100049,100,99962,100,100063,100,99947,100,100068,100,99921,100,100100,100,99904,100
2019-06-28 09:30:00.000000061,100002,100,100001,100,100005,100,99990,200,100009,100,99980,100,100024,200,99976,100,100025,100,99971,100,100034,100,99968,100,100038,100,99962,100,100049,100,99947,100,100063,100,99921,100,100068,100,99904,100
2019-06-28 09:30:00.000000062,100005,100,100001,100,100009,100,99990,200,100024,200,99980,100,100025,100,99976,100,100034,100,99971,100,100038,100,99968,100,100049,100,99962,100,100063,100,99947,100,100068,100,99936,100,100100,100,99921,100
2019-06-28 09:30:00.000000063,100005,100,100001,100,100009,100,99990,200,100024,200,99980,100,100025,100,99976,100,100034,100,99971,100,100038,100,99968,100,100049,100,99962,100,100063,100,99947,100,100068,100,99936,100,100100,100,99921,100
2019-06-28 09:30:00.000000064,100005,100,100001,100,100009,100,99990,200,100019,100,99980,100,100024,200,99976,100,100025,100,99971,100,100034,100,99968,100,100038,100,99962,100,100049,100,99947,100,100063,100,99936,100,100068,100,99921,100
2019-06-28 09:30:00.000000068,100005,100,100001,100,100009,100,99990,200,100019,100,99980,100,100024,200,99976,100,100025,100,99971,100,100034,100,99968,100,100038,100,99962,100,100049,100,99947,100,100063,100,99936,100,100068,100,99921,100
2019-06-28 09:30:00.000000069,100005,100,100001,100,100009,100,99990,200,100019,100,99980,100,100024,200,99976,100,100025,100,99971,100,100034,100,99968,100,100038,100,99962,100,100049,100,99947,100,100063,100,99936,100,100068,100,99921,100
2019-06-28 09:30:00.000000070,100002,100,100001,100,100005,100,99990,200,100009,100,99986,100,100019,100,99980,100,100024,200,99976,100,100025,100,99971,100,100034,100,99968,100,100038,100,99962,100,100049,100,99947,100,100063,100,99936,100
2019-06-28 09:30:00.000000072,100005,100,99990,200,100009,100,99986,100,100019,100,99980,100,100024,200,99976,100,100025,100,99971,100,100034,100,99968,100,100038,100,99962,100,100049,100,99947,100,100063,100,99936,100,100068,100,99921,100
2019-06-28 09:30:00.000000073,100005,100,99990,100,100009,100,99986,100,100019,100,99980,100,100024,200,99976,100,100025,100,99971,100,100034,100,99968,100,100038,100,99962,100,100049,100,99947,100,100063,100,99936,100,100068,100,99921,100
2019-06-28 09:30:00.000000074,100005,100,99990,200,100009,100,99986,100,100019,100,99980,100,100024,200,99976,100,100025,100,99971,100,100034,100,99968,100,100038,100,99962,100,100049,100,99947,100,100063,100,99936,100,100068,100,99921,100
2019-06-28 09:30:00.000000077,100001,100,99990,200,100005,100,99986,100,100009,100,99980,100,100019,100,99976,100,100024,200,99971,100,100025,100,99968,100,100034,100,99962,100,100038,100,99947,100,100049,100,99936,100,100063,100,99921,100
2019-06-28 09:30:00.000000078,100001,100,99990,100,100005,100,99986,100,100009,100,99980,100,100019,100,99976,100,100024,200,99971,100,100025,100,99968,100,100034,100,99962,100,100038,100,99947,100,100049,100,99936,100,100063,100,99921,100
2019-06-28 09:30:00.000000079,100001,100,99990,100,100005,100,99986,100,100009,100,99980,100,100019,100,99976,100,100024,200,99971,100,100025,100,99968,100,100034,100,99962,100,100038,100,99947,100,100049,100,99936,100,100063,100,99921,100
2019-06-28 09:30:00.000000080,100001,100,99990,100,100005,100,99986,100,100009,100,99980,100,100019,100,99976,100,100024,200,99971,100,100025,100,99968,100,100034,100,99962,100,100038,100,99956,100,100049,100,99947,100,100063,100,99936,100
2019-06-28 09:30:00.000000082,100001,100,99990,100,100005,100,99986,100,100009,100,99980,100,100019,100,99976,100,100024,200,99971,100,100025,100,99968,100,100028,100,99962,100,100034,100,99956,100,100038,100,99947,100,100049,100,99936,100
2019-06-28 09:30:00.000000086,100001,100,99990,100,100005,100,99986,100,100009,100,99980,100,100019,100,99976,100,100024,200,99971,100,100025,100,99968,100,100028,100,99962,100,100031,100,99956,100,100034,100,99947,100,100038,100,99936,100
2019-06-28 09:30:00.000000088,100001,100,99990,100,100005,100,99986,100,100009,100,99980,100,100019,100,99976,100,100024,200,99971,100,100025,100,99968,100,100028,100,99962,100,100031,100,99956,100,100034,100,99947,100,100038,100,99936,100
2019-06-28 09:30:00.000000090,100005,100,99991,100,100009,100,99990,100,100019,100,99986,100,100024,200,99980,100,100025,100,99976,100,100028,100,99971,100,100031,100,99968,100,100034,100,99962,100,100038,100,99956,100,100049,100,99947,100
2019-06-28 09:30:00.000000094,100005,100,99991,200,100009,100,99990,100,100019,100,99986,100,100024,200,99980,100,100025,100,99976,100,100028,100,99971,100,100031,100,99968,100,100034,100,99962,100,100038,100,99956,100,100049,100,99947,100
2019-06-28 09:30:00.000000097,100005,100,99991,100,100009,100,99990,100,100019,100,99986,100,100024,200,99980,100,100025,100,99976,100,100028,100,99971,100,100031,100,99968,100,100034,100,99962,100,100038,100,99956,100,100049,100,99947,100
2019-06-28 09:30:10.000000000,100005,221,99991,221,100009,218,99990,218,100019,218,99986,218,100024,200,99980,100,100025,100,99976,100,100028,100,99971,100,100031,100,99968,100,100034,100,99962,100,100038,100,99956,100,100049,100,99947,100
2019-06-28 09:30:10.383863002,100005,221,99991,221,100009,118,99990,218,100019,218,99986,218,100024,200,99980,100,100025,100,99976,100,100026,100,99971,100,100028,100,99968,100,100031,100,99962,100,100034,100,99956,100,100038,100,99947,100
2019-06-28 09:30:20.000000000,100005,221,99991,221,100019,218,99990,218,100024,318,99986,218,100025,100,99980,100,100026,100,99976,100,100028,100,99971,100,100031,100,99968,100,100034,100,99962,100,100038,100,99956,100,100049,100,99947,100
2019-06-28 09:30:20.315646785,100005,221,99991,221,100019,218,99990,218,100024,318,99986,118,100025,100,99980,100,100026,100,99976,100,100028,100,99971,100,100031,100,99968,100,100034,100,99962,100,100038,100,99956,100,100049,100,99947,100
2019-06-28 09:30:28.372881914,100005,221,99991,221,100019,218,99990,218,100024,318,99986,118,100025,100,99980,100,100026,100,99976,100,100028,100,99971,100,100031,100,99968,100,100034,100,99962,100,100038,100,99956,100,100049,100,99947,100
2019-06-28 09:30:30.000000000,100005,189,99991,189,100019,189,99990,189,100024,289,99980,189,100025,189,99976,189,100026,100,99971,100,100028,100,99968,100,100031,100,99962,100,100034,100,99956,100,100038,100,99947,100,100049,100,99936,100
2019-06-28 09:30:40.000000000,100005,221,99991,221,100019,218,99990,218,100024,318,99980,218,100025,100,99976,100,100026,100,99971,100,100028,100,99968,100,100031,100,99962,100,100034,100,99956,100,100038,100,99947,100,100049,100,99936,100
2019-06-28 09:30:45.140920622,100005,221,99991,221,100019,218,99990,218,100024,318,99980,218,100025,100,99971,100,100026,100,99968,100,100028,100,99962,100,100031,100,99956,100,100034,100,99947,100,100038,100,99936,100,100040,100,99921,100
2019-06-28 09:30:50.000000000,100005,457,99991,457,100019,100,99990,100,100024,200,99980,100,100025,100,99971,100,100026,100,99968,100,100028,100,99962,100,100031,100,99956,100,100034,100,99947,100,100038,100,99936,100,100040,100,99921,100
2019-06-28 09:30:56.295592767,100005,457,99991,457,100019,100,99990,100,100024,200,99980,100,100025,100,99971,100,100028,100,99968,100,100031,100,99962,100,100034,100,99956,100,100038,100,99947,100,100040,100,99936,100,100049,100,99921,100
2019-06-28 09:31:00.000000000,100005,221,99991,221,100019,218,99990,218,100024,318,99980,218,100025,100,99971,100,100028,100,99968,100,100031,100,99962,100,100034,100,99956,100,100038,100,99947,100,100040,100,99936,100,100049,100,99921,100
2019-06-28 09:31:10.000000000,100005,278,99991,278,100019,278,99990,278,100024,200,99980,100,100025,100,99971,100,100028,100,99968,100,100031,100,99962,100,100034,100,99956,100,100038,100,99947,100,100040,100,99936,100,100049,100,99921,100
2019-06-28 09:31:15.998681094,100005,278,99991,278,100019,278,99990,278,100024,200,99980,100,100025,100,99971,100,100028,100,99968,100,100031,100,99962,100,100034,100,99956,100,100038,100,99947,100,100040,100,99936,100,100049,100,99921,100
2019-06-28 09:31:20.000000000,100005,171,99991,171,100019,171,99990,171,100024,271,99980,171,100025,171,99971,171,100028,171,99968,171,100031,100,99962,100,100034,100,99956,100,100038,100,99947,100,100040,100,99936,100,100049,100,99921,100
2019-06-28 09:31:20.180925710,100005,171,99991,71,100019,171,99990,171,100024,271,99980,171,100025,171,99971,171,100028,171,99968,171,100031,100,99962,100,100034,100,99956,100,100038,100,99947,100,100040,100,99936,100,100049,100,99921,100
2019-06-28 09:31:30.000000000,100005,457,99990,457,100019,100,99980,100,100024,200,99971,100,100025,100,99968,100,100028,100,99962,100,100031,100,99956,100,100034,100,99947,100,100038,100,99936,100,100040,100,99921,100,100049,100,99919,100
2019-06-28 09:31:30.121354036,100005,457,99990,457,100019,100,99980,100,100024,200,99971,100,100025,100,99968,100,100028,100,99962,100,100031,100,99956,100,100034,100,99947,100,100038,100,99936,100,100040,100,99921,100,100049,100,99919,100
2019-06-28 09:31:40.000000000,100005,221,99990,221,100019,218,99980,218,100024,318,99971,218,100025,100,99968,100,100028,100,99962,100,100031,100,99956,100,100034,100,99947,100,100038,100,99936,100,100040,100,99921,100,100049,100,99919,100
2019-06-28 09:31:50.000000000,100005,278,99990,278,100019,278,99980,278,100024,200,99971,100,100025,100,99968,100,100028,100,99962,100,100031,100,99956,100,100034,100,99947,100,100038,100,99936,100,100040,100,99921,100,100049,100,99919,100
2019-06-28 09:32:00.000000000,100005,171,99990,171,100019,171,99980,171,100024,271,99971,171,100025,171,99968,171,100028,171,99962,171,100031,100,99956,100,100034,100,99947,100,100038,100,99936,100,100040,100,99921,100,100049,100,99919,100
2019-06-28 09:32:10.000000000,100005,171,99990,171,100019,171,99980,171,100024,271,99971,171,100025,171,99968,171,100028,171,99962,171,100031,100,99956,100,100034,100,99947,100,100038,100,99936,100,100040,100,99921,100,100049,100,99919,100
2019-06-28 09:32:10.904320396,100005,171,99990,171,100019,171,99980,171,100024,271,99971,171,100025,171,99968,171,100028,171,99962,171,100031,100,99956,100,100034,100,99947,100,100038,100,99936,100,100040,100,99921,100,100049,100,99919,100
2019-06-28 09:32:20.000000000,100005,278,99990,278,100019,278,99980,278,100024,200,99971,100,100025,100,99968,100,100028,100,99962,100,100031,100,99956,100,100034,100,99947,100,100038,100,99936,100,100040,100,99921,100,100049,100,99919,100
2019-06-28 09:32:25.269805366,100005,278,99990,278,100019,278,99980,278,100024,200,99971,100,100025,100,99968,100,100028,100,99962,100,100031,100,99956,100,100034,100,99947,100,100038,100,99936,100,100040,100,99921,100,100049,100,99919,100
2019-06-28 09:32:30.000000000,100005,171,99990,171,100019,171,99980,171,100024,271,99971,171,100025,171,99968,171,100028,171,99962,171,100031,100,99956,100,100034,100,99947,100,100038,100,99936,100,100040,100,99921,100,100049,100,99919,100
2019-06-28 09:32:40.000000000,100005,457,99990,457,100019,100,99980,100,100024,200,99971,100,100025,100,99968,100,100028,100,99962,100,100031,100,99956,100,100034,100,99947,100,100038,100,99936,100,100040,100,99921,100,100049,100,99919,100
2019-06-28 09:32:50.000000000,100005,457,99990,457,100019,100,99980,100,100024,200,99971,100,100025,100,99968,100,100028,100,99962,100,100031,100,99956,100,100034,100,99947,100,100038,100,99936,100,100040,100,99921,100,100049,100,99919,100
2019-06-28 09:33:00.000000000,100005,278,99990,278,100019,278,99980,278,100024,200,99971,100,100025,100,99968,100,100028,100,99962,100,100031,100,99956,100,100034,100,99947,100,100038,100,99936,100,100040,100,99921,100,100049,100,99919,100
2019-06-28 09:33:10.000000000,100005,189,99990,189,100019,189,99980,189,100024,289,99971,189,100025,189,99968,189,100028,100,99962,100,100031,100,99956,100,100034,100,99947,100,100038,100,99936,100,100040,100,99921,100,100049,100,99919,100
2019-06-28 09:33:14.416149980,100005,89,99990,189,100019,189,99980,189,100024,289,99971,189,100025,189,99968,189,100028,100,99962,100,100031,100,99956,100,100034,100,99947,100,100038,100,99936,100,100040,100,99921,100,100049,100,99919,100
2019-06-28 09:33:15.261663213,100005,89,99992,100,100019,189,99990,189,100024,289,99980,189,100025,189,99971,189,100028,100,99968,189,100031,100,99962,100,100034,100,99956,100,100038,100,99947,100,100040,100,99936,100,100049,100,99921,100
2019-06-28 09:33:19.948030891,100019,189,100005,11,100024,289,99992,100,100025,189,99990,189,100028,100,99980,189,100031,100,99971,189,100034,100,99968,89,100038,100,99962,100,100040,100,99956,100,100049,100,99947,100,100063,100,99936,100
2019-06-28 09:33:20.000000000,100019,278,100005,189,100024,378,99992,278,100025,100,99990,100,100028,100,99980,100,100031,100,99971,100,100034,100,99962,100,100038,100,99956,100,100040,100,99947,100,100049,100,99936,100,100063,100,99921,100
2019-06-28 09:33:30.000000000,100019,278,100005,189,100024,378,99992,278,100025,100,99990,100,100028,100,99980,100,100031,100,99971,100,100034,100,99962,100,100038,100,99956,100,100040,100,99947,100,100049,100,99936,100,100063,100,99921,100
2019-06-28 09:33:33.598162277,100019,178,100005,189,100024,378,99992,278,100025,100,99990,100,100028,100,99980,100,100031,100,99971,100,100034,100,99962,100,100038,100,99956,100,100040,100,99947,100,100049,100,99936,100,100063,100,99921,100
2019-06-28 09:33:40.000000000,100024,271,100005,82,100025,171,99992,171,100028,171,99990,171,100031,171,99980,171,100034,171,99971,171,100038,100,99962,100,100040,100,99956,100,100049,100,99947,100,100063,100,99936,100,100068,200,99921,100
2019-06-28 09:33:44.447388784,100024,271,100006,100,100025,171,100005,82,100028,171,99992,171,100031,171,99990,171,100034,171,99980,171,100038,100,99971,171,100040,100,99956,100,100049,100,99947,100,100063,100,99936,100,100068,200,99921,100
2019-06-28 09:33:50.000000000,100024,271,100006,171,100025,171,100005,82,100028,171,99992,171,100031,171,99990,171,100034,171,99980,171,100038,100,99971,100,100040,100,99956,100,100049,100,99947,100,100063,100,99936,100,100068,200,99921,100
2019-06-28 09:33:51.792487121,100024,171,100006,171,100025,171,100005,82,100028,171,99992,171,100031,171,99990,171,100034,171,99980,171,100038,100,99971,100,100040,100,99956,100,100049,100,99947,100,100063,100,99936,100,100068,200,99921,100
2019-06-28 09:34:00.000000000,100024,278,100006,278,100025,278,100005,189,100028,100,99992,100,100031,100,99990,100,100034,100,99980,100,100038,100,99971,100,100040,100,99956,100,100049,100,99947,100,100063,100,99936,100,100068,200,99921,100
2019-06-28 09:34:02.821394346,100024,278,100006,278,100025,278,100005,189,100028,100,99992,100,100031,100,99990,100,100034,100,99980,100,100038,100,99971,100,100040,100,99956,100,100049,100,99947,100,100063,100,99936,100,100068,200,99921,100
2019-06-28 09:34:10.000000000,100024,171,100006,171,100025,171,100005,82,100028,171,99992,171,100031,171,99990,171,100034,171,99980,171,100038,100,99971,100,100040,100,99956,100,100049,100,99947,100,100063,100,99936,100,100068,200,99921,100
2019-06-28 09:34:20.000000000,100024,221,100006,221,100025,218,100005,129,100028,218,99992,218,100031,100,99990,100,100034,100,99980,100,100038,100,99971,100,100040,100,99956,100,100049,100,99947,100,100063,100,99936,100,100068,200,99921,100
2019-06-28 09:34:30.000000000,100024,189,100006,189,100025,189,100005,100,100028,189,99992,189,100031,189,99990,189,100034,100,99980,100,100038,100,99971,100,100040,100,99956,100,100049,100,99947,100,100063,100,99936,100,100068,200,99921,100
2019-06-28 09:34:37.132001276,100024,189,100006,189,100025,189,100005,100,100028,189,99992,189,100031,189,99990,189,100034,100,99980,100,100038,100,99971,100,100040,100,99956,100,100049,100,99947,100,100063,100,99936,100,100068,200,99921,100
2019-06-28 09:34:39.692178518,100024,189,100006,189,100025,189,100005,100,100028,189,99992,189,100031,189,99990,189,100034,100,99980,100,100038,100,99971,100,100040,100,99956,100,100049,100,99947,100,100063,100,99936,100,100068,200,99921,100
2019-06-28 09:34:40.000000000,100024,189,100006,189,100025,189,100005,100,100028,189,99992,189,100031,189,99990,189,100034,100,99980,100,100038,100,99971,100,100040,100,99956,100,100049,100,99947,100,100063,100,99936,100,100068,200,99921,100
2019-06-28 09:34:50.000000000,100024,221,100006,221,100025,218,100005,129,100028,218,99992,218,100031,100,99990,100,100034,100,99980,100,100038,100,99971,100,100040,100,99956,100,100049,100,99947,100,100063,100,99936,100,100068,200,99921,100
2019-06-28 09:34:59.976149456,100024,221,100019,100,100025,218,100006,221,100028,218,100005,129,100031,100,99992,218,100034,100,99990,100,100038,100,99980,100,100040,100,99971,100,100049,100,99956,100,100063,100,99947,100,100068,200,99936,100
2019-06-28 09:35:00.000000000,100024,221,100019,221,100025,218,100006,218,100028,218,100005,129,100031,100,99992,100,100034,100,99990,100,100038,100,99980,100,100040,100,99971,100,100049,100,99956,100,100063,100,99947,100,100068,200,99936,100
2019-06-28 09:35:10.000000000,100024,278,100019,278,100025,278,100006,278,100028,100,100005,11,100031,100,99992,100,100034,100,99990,100,100038,100,99980,100,100040,100,99971,100,100049,100,99956,100,100063,100,99947,100,100068,200,99936,100
2019-06-28 09:35:20.000000000,100024,189,100019,189,100025,189,100006,189,100028,189,100005,100,100031,189,99992,189,100034,100,99990,100,100038,100,99980,100,100040,100,99971,100,100049,100,99956,100,100063,100,99947,100,100068,200,99936,100
2019-06-28 09:35:30.000000000,100024,189,100019,189,100025,189,100006,189,100028,189,100005,100,100031,189,99992,189,100034,100,99990,100,100038,100,99980,100,100040,100,99971,100,100049,100,99956,100,100063,100,99947,100,100068,200,99936,100
2019-06-28 09:35:40.000000000,100024,189,100019,189,100025,189,100006,189,100028,189,100005,100,100031,189,99992,189,100034,100,99990,100,100038,100,99980,100,100040,100,99971,100,100049,100,99956,100,100063,100,99947,100,100068,200,99936,100
2019-06-28 09:35:40.792806222,100024,189,100019,289,100025,189,100006,189,100028,189,100005,100,100031,189,99992,189,100034,100,99990,100,100038,100,99980,100,100040,100,99971,100,100049,100,99956,100,100063,100,99947,100,100068,200,99936,100
2019-06-28 09:35:50.000000000,100024,189,100019,289,100025,189,100006,189,100028,189,100005,100,100031,189,99992,189,100034,100,99990,100,100038,100,99980,100,100040,100,99971,100,100049,100,99956,100,100063,100,99947,100,100068,200,99936,100
2019-06-28 09:36:00.000000000,100024,278,100019,378,100025,278,100006,278,100028,100,100005,11,100031,100,99992,100,100034,100,99990,100,100038,100,99980,100,100040,100,99971,100,100049,100,99956,100,100063,100,99947,100,100068,200,99936,100
2019-06-28 09:36:02.704615006,100024,278,100019,378,100025,278,100006,278,100028,100,100005,11,100031,100,99992,100,100034,100,99990,100,100038,100,99971,100,100040,100,99956,100,100049,100,99947,100,100063,100,99936,100,100068,200,99921,100
2019-06-28 09:36:09.663905096,100024,278,100019,378,100025,278,100006,278,100028,100,100005,11,100031,100,99992,100,100034,100,99990,100,100038,100,99971,100,100040,100,99956,100,100049,100,99947,100,100063,100,99936,100,100068,100,99921,100
2019-06-28 09:36:10.000000000,100024,221,100019,321,100025,218,100006,218,100028,218,100005,129,100031,100,99992,100,100034,100,99990,100,100038,100,99971,100,100040,100,99956,100,100049,100,99947,100,100063,100,99936,100,100068,100,99921,100
2019-06-28 09:36:10.459375513,100024,221,100019,321,100025,218,100006,218,100028,218,100005,129,100031,100,99992,100,100034,100,99990,100,100038,100,99956,100,100040,100,99947,100,100049,100,99936,100,100063,100,99921,100,100068,100,99919,100
2019-06-28 09:36:20.000000000,100024,171,100019,271,100025,171,100006,171,100028,171,100005,82,100031,171,99992,171,100034,171,99990,171,100038,100,99956,100,100040,100,99947,100,100049,100,99936,100,100063,100,99921,100,100068,100,99919,100
2019-06-28 09:36:30.000000000,100024,171,100019,271,100025,171,100006,171,100028,171,100005,82,100031,171,99992,171,100034,171,99990,171,100038,100,99956,100,100040,100,99947,100,100049,100,99936,100,100063,100,99921,100,100068,100,99919,100
2019-06-28 09:36:39.895897455,100024,171,100019,171,100025,171,100006,171,100028,171,100005,82,100031,171,99992,171,100034,171,99990,171,100038,100,99956,100,100040,100,99947,100,100049,100,99936,100,100063,100,99921,100,100068,100,99919,100
2019-06-28 09:36:40.000000000,100024,171,100019,171,100025,171,100006,171,100028,171,100005,82,100031,171,99992,171,100034,171,99990,171,100038,100,99956,100,100040,100,99947,100,100049,100,99936,100,100063,100,99921,100,100068,100,99919,100
2019-06-28 09:36:46.184517203,100023,100,100019,171,100024,171,100006,171,100025,171,100005,82,100028,171,99992,171,100031,171,99990,171,100034,171,99956,100,100038,100,99947,100,100040,100,99936,100,100049,100,99921,100,100063,100,99919,100
2019-06-28 09:36:49.345032347,100023,100,100019,171,100024,171,100006,171,100025,171,100005,82,100028,171,99992,171,100031,171,99990,171,100034,171,99956,100,100038,100,99947,100,100040,100,99936,100,100049,100,99921,100,100063,100,99919,100
2019-06-28 09:36:50.000000000,100023,171,100019,171,100024,171,100006,171,100025,171,100005,82,100028,171,99992,171,100031,171,99990,171,100034,100,99956,100,100038,100,99947,100,100040,100,99936,100,100049,100,99921,100,100063,100,99919,100
2019-06-28 09:37:00.000000000,100023,171,100019,171,100024,171,100006,171,100025,171,100005,82,100028,171,99992,171,100031,171,99990,171,100034,100,99956,100,100038,100,99947,100,100040,100,99936,100,100049,100,99921,100,100063,100,99919,100
2019-06-28 09:37:05.516479537,100023,171,100019,171,100024,171,100006,171,100025,171,100005,82,100028,71,99992,171,100031,171,99990,171,100034,100,99956,100,100038,100,99947,100,100040,100,99936,100,100049,100,99921,100,100063,100,99919,100
2019-06-28 09:37:10.000000000,100023,278,100019,278,100024,278,100006,278,100025,100,100005,11,100031,100,99992,100,100034,100,99990,100,100038,100,99956,100,100040,100,99947,100,100049,100,99936,100,100063,100,99921,100,100068,100,99919,100
2019-06-28 09:37:20.000000000,100023,189,100019,189,100024,189,100006,189,100025,189,100005,100,100031,189,99992,189,100034,100,99990,100,100038,100,99956,100,100040,100,99947,100,100049,100,99936,100,100063,100,99921,100,100068,100,99919,100
2019-06-28 09:37:21.976100655,100023,89,100019,189,100024,189,100006,189,100025,189,100005,100,100031,189,99992,189,100034,100,99990,100,100038,100,99947,100,100040,100,99936,100,100049,100,99921,100,100063,100,99919,100,100068,100,99916,200
2019-06-28 09:37:30.000000000,100024,278,100019,278,100025,278,100006,278,100031,100,100005,11,100034,100,99992,100,100038,100,99990,100,100040,100,99947,100,100049,100,99936,100,100063,100,99921,100,100068,100,99919,100,100116,100,99916,200
2019-06-28 09:37:40.000000000,100024,189,100019,189,100025,189,100006,189,100031,189,100005,100,100034,189,99992,189,100038,100,99990,100,100040,100,99947,100,100049,100,99936,100,100063,100,99921,100,100068,100,99919,100,100116,100,99916,200
2019-06-28 09:37:50.000000000,100024,171,100019,171,100025,171,100006,171,100031,171,100005,82,100034,171,99992,171,100038,171,99990,171,100040,100,99947,100,100049,100,99936,100,100063,100,99921,100,100068,100,99919,100,100116,100,99916,200
2019-06-28 09:37:59.652836905,100024,171,100019,171,100025,171,100006,171,100031,171,100005,82,100034,171,99992,171,100038,171,99990,171,100040,100,99947,100,100049,100,99936,100,100063,100,99921,100,100068,100,99919,100,100116,100,99916,200
2019-06-28 09:38:00.000000000,100024,189,100019,189,100025,189,100006,189,100031,189,100005,100,100034,189,99992,189,100038,100,99990,100,100040,100,99947,100,100049,100,99936,100,100063,100,99921,100,100068,100,99919,100,100116,100,99916,200
2019-06-28 09:38:04.607384217,100024,89,100019,189,100025,189,100006,189,100031,189,100005,100,100034,189,99992,189,100038,100,99990,100,100040,100,99947,100,100049,100,99936,100,100063,100,99921,100,100068,100,99919,100,100116,100,99916,200
2019-06-28 09:38:10.000000000,100025,221,100019,221,100031,218,100006,218,100034,218,100005,129,100038,100,99992,100,100040,100,99990,100,100049,100,99947,100,100063,100,99936,100,100068,100,99921,100,100116,100,99919,100,100159,100,99916,200
2019-06-28 09:38:17.248990605,100025,221,100019,221,100031,218,100006,218,100034,218,100005,129,100038,100,99992,100,100040,100,99990,100,100049,100,99947,100,100063,100,99936,100,100068,100,99921,100,100116,100,99919,100,100159,100,99916,200
2019-06-28 09:38:20.000000000,100025,221,100019,221,100031,218,100006,218,100034,218,100005,129,100038,100,99992,100,100040,100,99990,100,100049,100,99947,100,100063,100,99936,100,100068,100,99921,100,100116,100,99919,100,100159,100,99916,200
2019-06-28 09:38:30.000000000,100025,457,100019,457,100031,100,100006,100,100034,100,100005,11,100038,100,99992,100,100040,100,99990,100,100049,100,99947,100,100063,100,99936,100,100068,100,99921,100,100116,100,99919,100,100159,100,99916,200
2019-06-28 09:38:40.000000000,100025,171,100019,171,100031,171,100006,171,100034,171,100005,82,100038,171,99992,171,100040,171,99990,171,100049,100,99947,100,100063,100,99936,100,100068,100,99921,100,100116,100,99919,100,100159,100,99916,200
2019-06-28 09:38:48.053448796,100025,71,100019,171,100031,171,100006,171,100034,171,100005,82,100038,171,99992,171,100040,171,99990,171,100049,100,99947,100,100063,100,99936,100,100068,100,99921,100,100116,100,99919,100,100159,100,99916,200
2019-06-28 09:38:50.000000000,100031,278,100019,278,100034,278,100006,278,100038,100,100005,11,100040,100,99992,100,100049,100,99990,100,100063,100,99947,100,100068,100,99936,100,100116,100,99921,100,100159,100,99919,100,100161,100,99916,200
2019-06-28 09:38:50.879671552,100031,278,100024,100,100034,278,100019,278,100038,100,100006,278,100040,100,100005,11,100049,100,99992,100,100063,100,99990,100,100068,100,99947,100,100116,100,99936,100,100159,100,99921,100,100161,100,99919,100
2019-06-28 09:38:51.483316028,100031,178,100024,100,100034,278,100019,278,100038,100,100006,278,100040,100,100005,11,100049,100,99992,100,100063,100,99990,100,100068,100,99947,100,100116,100,99936,100,100159,100,99921,100,100161,100,99919,100
2019-06-28 09:38:53.444613201,100031,178,100024,100,100034,278,100019,278,100038,100,100006,278,100040,100,100005,11,100049,100,99992,100,100063,100,99990,100,100068,100,99936,100,100116,100,99921,100,100159,100,99919,100,100161,100,99916,200
2019-06-28 09:39:00.000000000,100034,278,100024,278,100038,278,100019,278,100040,100,100006,100,100049,100,100005,11,100063,100,99992,100,100068,100,99990,100,100116,100,99936,100,100159,100,99921,100,100161,100,99919,100,100178,100,99916,200
2019-06-28 09:39:00.479060912,100034,278,100025,100,100038,278,100024,278,100040,100,100019,278,100049,100,100005,11,100063,100,99992,100,100068,100,99990,100,100116,100,99936,100,100159,100,99921,100,100161,100,99919,100,100178,100,99916,200
2019-06-28 09:39:00.738245470,100034,178,100025,100,100038,278,100024,278,100040,100,100019,278,100049,100,100005,11,100063,100,99992,100,100068,100,99990,100,100116,100,99936,100,100159,100,99921,100,100161,100,99919,100,100178,100,99916,200
2019-06-28 09:39:03.932098013,100034,178,100025,100,100038,278,100024,278,100040,100,100019,278,100049,100,100005,11,100063,100,99990,100,100068,100,99936,100,100116,100,99921,100,100159,100,99919,100,100161,100,99916,200,100178,100,99913,100
2019-06-28 09:39:08.976836705,100034,78,100025,100,100038,278,100024,278,100040,100,100019,278,100049,100,100005,11,100063,100,99990,100,100068,100,99936,100,100116,100,99921,100,100159,100,99919,100,100161,100,99916,200,100178,100,99913,100
2019-06-28 09:39:10.000000000,100038,457,100025,457,100040,100,100024,100,100049,100,100019,100,100063,100,100005,11,100068,100,99990,100,100116,100,99936,100,100159,100,99921,100,100161,100,99919,100,100178,100,99916,200,100247,100,99913,100
2019-06-28 09:39:18.772846477,100038,357,100025,457,100040,100,100024,100,100049,100,100019,100,100063,100,100005,11,100068,100,99990,100,100116,100,99936,100,100159,100,99921,100,100161,100,99919,100,100178,100,99916,200,100247,100,99913,100
2019-06-28 09:39:20.000000000,100040,278,100025,278,100049,278,100024,278,100063,100,100019,100,100068,100,100005,11,100116,100,99990,100,100159,100,99936,100,100161,100,99921,100,100178,100,99919,100,100247,100,99916,200,100307,100,99913,100
2019-06-28 09:39:30.000000000,100040,221,100025,221,100049,218,100024,218,100063,218,100019,218,100068,100,100005,11,100116,100,99990,100,100159,100,99936,100,100161,100,99921,100,100178,100,99919,100,100247,100,99916,200,100307,100,99913,100
2019-06-28 09:39:31.243726832,100040,121,100025,221,100049,218,100024,218,100063,218,100019,218,100068,100,100005,11,100116,100,99990,100,100159,100,99936,100,100161,100,99921,100,100178,100,99919,100,100247,100,99916,200,100307,100,99913,100
2019-06-28 09:39:36.107629779,100040,121,100038,100,100049,218,100025,221,100063,218,100024,218,100068,100,100019,218,100116,100,100005,11,100159,100,99990,100,100161,100,99936,100,100178,100,99921,100,100247,100,99919,100,100307,100,99916,200
2019-06-28 09:39:40.000000000,100049,221,100038,221,100063,218,100025,218,100068,218,100024,218,100116,100,100019,100,100159,100,100005,11,100161,100,99990,100,100178,100,99936,100,100247,100,99921,100,100307,100,99919,100,100340,100,99916,200
2019-06-28 09:39:50.000000000,100049,278,100038,278,100063,278,100025,278,100068,100,100024,100,100116,100,100019,100,100159,100,100005,11,100161,100,99990,100,100178,100,99936,100,100247,100,99921,100,100307,100,99919,100,100340,100,99916,200
2019-06-28 09:39:57.069379389,100049,278,100038,178,100063,278,100025,278,100068,100,100024,100,100116,100,100019,100,100159,100,100005,11,100161,100,99990,100,100178,100,99936,100,100247,100,99921,100,100307,100,99919,100,100340,100,99916,200
2019-06-28 09:40:00.000000000,100049,278,100025,278,100063,278,100024,278,100068,100,100019,100,100116,100,100005,11,100159,100,99990,100,100161,100,99936,100,100178,100,99921,100,100247,100,99919,100,100307,100,99916,200,100340,100,99899,100
2019-06-28 09:40:10.000000000,100049,221,100025,221,100063,218,100024,218,100068,218,100019,218,100116,100,100005,11,100159,100,99990,100,100161,100,99936,100,100178,100,99921,100,100247,100,99919,100,100307,100,99916,200,100340,100,99899,100
2019-06-28 09:40:20.000000000,100049,221,100025,221,100063,218,100024,218,100068,218,100019,218,100116,100,100005,11,100159,100,99990,100,100161,100,99936,100,100178,100,99921,100,100247,100,99919,100,100307,100,99916,200,100340,100,99899,100
2019-06-28 09:40:30.000000000,100049,278,100025,278,100063,278,100024,278,100068,100,100019,100,100116,100,100005,11,100159,100,99990,100,100161,100,99936,100,100178,100,99921,100,100247,100,99919,100,100307,100,99916,200,100340,100,99899,100
2019-06-28 09:40:32.329632016,100049,178,100025,278,100063,278,100024,278,100068,100,100019,100,100116,100,100005,11,100159,100,99990,100,100161,100,99936,100,100178,100,99921,100,100247,100,99919,100,100307,100,99916,200,100340,100,99899,100
2019-06-28 09:40:40.000000000,100063,189,100025,189,100068,189,100024,189,100116,189,100019,189,100159,189,100005,100,100161,100,99990,100,100178,100,99936,100,100247,100,99921,100,100307,100,99919,100,100340,100,99916,200,100464,100,99899,100
2019-06-28 09:40:50.000000000,100063,171,100025,171,100068,171,100024,171,100116,171,100019,171,100159,171,100005,82,100161,171,99990,171,100178,100,99936,100,100247,100,99921,100,100307,100,99919,100,100340,100,99916,200,100464,100,99899,100
2019-06-28 09:40:51.846327053,100063,171,100025,171,100068,171,100024,171,100116,171,100019,171,100159,171,100005,82,100161,171,99990,171,100178,100,99936,100,100179,100,99921,100,100247,100,99919,100,100307,100,99916,200,100340,100,99899,100
2019-06-28 09:41:00.000000000,100063,457,100025,457,100068,100,100024,100,100116,100,100019,100,100159,100,100005,11,100161,100,99990,100,100178,100,99936,100,100179,100,99921,100,100247,100,99919,100,100307,100,99916,200,100340,100,99899,100
2019-06-28 09:41:10.000000000,100063,171,100025,171,100068,171,100024,171,100116,171,100019,171,100159,171,100005,82,100161,171,99990,171,100178,100,99936,100,100179,100,99921,100,100247,100,99919,100,100307,100,99916,200,100340,100,99899,100
2019-06-28 09:41:20.000000000,100063,171,100025,171,100068,171,100024,171,100116,171,100019,171,100159,171,100005,82,100161,171,99990,171,100178,100,99936,100,100179,100,99921,100,100247,100,99919,100,100307,100,99916,200,100340,100,99899,100
2019-06-28 09:41:30.000000000,100063,171,100025,171,100068,171,100024,171,100116,171,100019,171,100159,171,100005,82,100161,171,99990,171,100178,100,99936,100,100179,100,99921,100,100247,100,99919,100,100307,100,99916,200,100340,100,99899,100
2019-06-28 09:41:30.789340864,100063,171,100025,171,100068,171,100024,171,100116,171,100019,171,100159,171,100005,82,100161,171,99990,171,100178,100,99936,100,100179,100,99921,100,100247,100,99919,100,100273,100,99916,200,100307,100,99899,100
2019-06-28 09:41:35.837952537,100063,171,100039,100,100068,171,100025,171,100116,171,100024,171,100159,171,100019,171,100161,171,100005,82,100178,100,99990,171,100179,100,99936,100,100247,100,99921,100,100273,100,99919,100,100307,100,99916,200
2019-06-28 09:41:37.947696077,100063,71,100039,100,100068,171,100025,171,100116,171,100024,171,100159,171,100019,171,100161,171,100005,82,100178,100,99990,171,100179,100,99936,100,100247,100,99921,100,100273,100,99919,100,100307,100,99916,200
2019-06-28 09:41:40.000000000,100068,457,100039,457,100116,100,100025,100,100159,100,100024,100,100161,100,100019,100,100178,100,100005,11,100179,100,99990,100,100247,100,99936,100,100273,100,99921,100,100307,100,99919,100,100340,100,99916,200
2019-06-28 09:41:50.000000000,100068,189,100039,189,100116,189,100025,189,100159,189,100024,189,100161,189,100019,189,100178,100,100005,11,100179,100,99990,100,100247,100,99936,100,100273,100,99921,100,100307,100,99919,100,100340,100,99916,200
2019-06-28 09:41:56.344382572,100068,189,100049,100,100116,189,100039,189,100159,189,100025,189,100161,189,100024,189,100178,100,100019,189,100179,100,100005,11,100247,100,99990,100,100273,100,99936,100,100307,100,99921,100,100340,100,99919,100
2019-06-28 09:41:59.161774454,100068,189,100039,189,100116,189,100025,189,100159,189,100024,189,100161,189,100019,189,100178,100,100005,11,100179,100,99990,100,100247,100,99936,100,100273,100,99921,100,100307,100,99919,100,100340,100,99916,200
2019-06-28 09:42:00.000000000,100068,221,100039,221,100116,218,100025,218,100159,218,100024,218,100161,100,100019,100,100178,100,100005,11,100179,100,99990,100,100247,100,99936,100,100273,100,99921,100,100307,100,99919,100,100340,100,99916,200
2019-06-28 09:42:00.477614094,100068,121,100039,221,100116,218,100025,218,100159,218,100024,218,100161,100,100019,100,100178,100,100005,11,100179,100,99990,100,100247,100,99936,100,100273,100,99921,100,100307,100,99919,100,100340,100,99916,200
2019-06-28 09:42:01.349930632,100068,121,100039,221,100104,100,100025,218,100116,218,100024,218,100159,218,100019,100,100161,100,100005,11,100178,100,99990,100,100179,100,99936,100,100247,100,99921,100,100273,100,99919,100,100307,100,99916,200
2019-06-28 09:42:10.000000000,100104,457,100039,457,100116,100,100025,100,100159,100,100024,100,100161,100,100019,100,100178,100,100005,11,100179,100,99990,100,100247,100,99936,100,100273,100,99921,100,100307,100,99919,100,100340,100,99916,200
2019-06-28 09:42:10.136198285,100104,457,100039,457,100116,100,100025,100,100159,100,100024,100,100161,100,100019,100,100178,100,100005,11,100179,100,99990,100,100247,100,99936,100,100273,100,99932,100,100307,100,99921,100,100340,100,99919,100
2019-06-28 09:42:20.000000000,100104,278,100039,278,100116,278,100025,278,100159,100,100024,100,100161,100,100019,100,100178,100,100005,11,100179,100,99990,100,100247,100,99936,100,100273,100,99932,100,100307,100,99921,100,100340,100,99919,100
2019-06-28 09:42:29.302650113,100104,178,100039,278,100116,278,100025,278,100159,100,100024,100,100161,100,100019,100,100178,100,100005,11,100179,100,99990,100,100247,100,99936,100,100273,100,99932,100,100307,100,99921,100,100340,100,99919,100
2019-06-28 09:42:30.000000000,100116,278,100039,278,100159,278,100025,278,100161,100,100024,100,100178,100,100019,100,100179,100,100005,11,100247,100,99990,100,100273,100,99936,100,100307,100,99932,100,100340,100,99921,100,100464,100,99919,100
2019-06-28 09:42:33.866409106,100067,100,100039,278,100116,278,100025,278,100159,278,100024,100,100161,100,100019,100,100178,100,100005,11,100179,100,99990,100,100247,100,99936,100,100273,100,99932,100,100307,100,99921,100,100340,100,99919,100
2019-06-28 09:42:40.000000000,100067,278,100039,278,100116,278,100025,278,100159,100,100024,100,100161,100,100019,100,100178,100,100005,11,100179,100,99990,100,100247,100,99936,100,100273,100,99932,100,100307,100,99921,100,100340,100,99919,100
2019-06-28 09:42:44.868091227,100067,278,100039,278,100116,278,100025,278,100159,100,100024,100,100161,100,100019,100,100178,100,100005,11,100179,100,99990,100,100247,100,99936,100,100273,100,99932,100,100296,100,99921,100,100307,100,99919,100
2019-06-28 09:42:50.000000000,100067,189,100039,189,100116,189,100025,189,100159,189,100024,189,100161,189,100019,189,100178,100,100005,11,100179,100,99990,100,100247,100,99936,100,100273,100,99932,100,100296,100,99921,100,100307,100,99919,100
2019-06-28 09:42:54.011202864,100067,189,100039,189,100116,189,100025,189,100159,189,100024,189,100161,189,100019,189,100178,100,100005,11,100179,100,99990,100,100247,100,99936,100,100273,100,99932,100,100290,100,99921,100,100296,100,99919,100
2019-06-28 09:43:00.000000000,100067,457,100039,457,100116,100,100025,100,100159,100,100024,100,100161,100,100019,100,100178,100,100005,11,100179,100,99990,100,100247,100,99936,100,100273,100,99932,100,100290,100,99921,100,100296,100,99919,100
2019-06-28 09:43:09.663457031,100067,457,100039,457,100116,100,100025,100,100159,100,100024,100,100161,100,100019,100,100178,100,100005,11,100179,100,99990,100,100247,100,99936,100,100273,100,99932,100,100290,100,99921,100,100296,100,99919,100
2019-06-28 09:43:10.000000000,100067,278,100039,278,100116,278,100025,278,100159,100,100024,100,100161,100,100019,100,100178,100,100005,11,100179,100,99990,100,100247,100,99936,100,100273,100,99932,100,100290,100,99921,100,100296,100,99919,100
2019-06-28 09:43:20.000000000,100067,189,100039,189,100116,189,100025,189,100159,189,100024,189,100161,189,100019,189,100178,100,100005,11,100179,100,99990,100,100247,100,99936,100,100273,100,99932,100,100290,100,99921,100,100296,100,99919,100
2019-06-28 09:43:25.590083799,100067,89,100039,189,100116,189,100025,189,100159,189,100024,189,100161,189,100019,189,100178,100,100005,11,100179,100,99990,100,100247,100,99936,100,100273,100,99932,100,100290,100,99921,100,100296,100,99919,100
2019-06-28 09:43:30.000000000,100116,457,100039,457,100159,100,100025,100,100161,100,100024,100,100178,100,100019,100,100179,100,100005,11,100247,100,99990,100,100273,100,99936,100,100290,100,99932,100,100296,100,99921,100,100307,100,99919,100
2019-06-28 09:43:30.728167786,100116,457,100049,100,100159,100,100039,457,100161,100,100025,100,100178,100,100024,100,100179,100,100019,100,100247,100,100005,11,100273,100,99990,100,100290,100,99936,100,100296,100,99932,100,100307,100,99921,100
2019-06-28 09:43:40.000000000,100116,457,100049,457,100159,100,100039,100,100161,100,100025,100,100178,100,100024,100,100179,100,100019,100,100247,100,100005,11,100273,100,99990,100,100290,100,99936,100,100296,100,99932,100,100307,100,99921,100
2019-06-28 09:43:50.000000000,100116,171,100049,171,100159,171,100039,171,100161,171,100025,171,100178,171,100024,171,100179,171,100019,171,100247,100,100005,11,100273,100,99990,100,100290,100,99936,100,100296,100,99932,100,100307,100,99921,100
2019-06-28 09:44:00.000000000,100116,171,100049,171,100159,171,100039,171,100161,171,100025,171,100178,171,100024,171,100179,171,100019,171,100247,100,100005,11,100273,100,99990,100,100290,100,99936,100,100296,100,99932,100,100307,100,99921,100
2019-06-28 09:44:10.000000000,100116,457,100049,457,100159,100,100039,100,100161,100,100025,100,100178,100,100024,100,100179,100,100019,100,100247,100,100005,11,100273,100,99990,100,100290,100,99936,100,100296,100,99932,100,100307,100,99921,100
2019-06-28 09:44:12.841341294,100066,100,100049,457,100116,457,100039,100,100159,100,100025,100,100161,100,100024,100,100178,100,100019,100,100179,100,100005,11,100247,100,99990,100,100273,100,99936,100,100290,100,99932,100,100296,100,99921,100
2019-06-28 09:44:15.842493866,100066,100,100049,457,100116,357,100039,100,100159,100,100025,100,100161,100,100024,100,100178,100,100019,100,100179,100,100005,11,100247,100,99990,100,100273,100,99936,100,100290,100,99932,100,100296,100,99921,100
2019-06-28 09:44:20.000000000,100066,189,100049,189,100159,189,100039,189,100161,189,100025,189,100178,189,100024,189,100179,100,100019,100,100247,100,100005,11,100273,100,99990,100,100290,100,99936,100,100296,100,99932,100,100307,100,99921,100
2019-06-28 09:44:30.000000000,100066,278,100049,278,100159,278,100039,278,100161,100,100025,100,100178,100,100024,100,100179,100,100019,100,100247,100,100005,11,100273,100,99990,100,100290,100,99936,100,100296,100,99932,100,100307,100,99921,100
2019-06-28 09:44:33.553648881,100066,278,100049,178,100159,278,100039,278,100161,100,100025,100,100178,100,100024,100,100179,100,100019,100,100247,100,100005,11,100273,100,99990,100,100290,100,99936,100,100296,100,99932,100,100307,100,99919,100
2019-06-28 09:44:39.772316726,100066,278,100049,178,100159,278,100039,278,100161,100,100025,100,100178,100,100024,100,100179,100,100019,100,100247,100,100005,11,100273,100,99990,100,100290,100,99936,100,100296,100,99932,100,100307,100,99919,100
2019-06-28 09:44:40.000000000,100066,221,100039,221,100159,218,100025,218,100161,218,100024,218,100178,100,100019,100,100179,100,100005,11,100247,100,99990,100,100273,100,99936,100,100290,100,99932,100,100296,100,99919,100,100307,100,99916,200
2019-06-28 09:44:40.523309566,100066,221,100039,121,100159,218,100025,218,100161,218,100024,218,100178,100,100019,100,100179,100,100005,11,100247,100,99990,100,100290,100,99936,100,100296,100,99932,100,100307,100,99919,100,100340,100,99916,200
2019-06-28 09:44:50.000000000,100066,221,100025,221,100159,218,100024,218,100161,218,100019,218,100178,100,100005,11,100179,100,99990,100,100247,100,99936,100,100290,100,99932,100,100296,100,99919,100,100307,100,99916,200,100340,100,99896,100
2019-06-28 09:44:51.058056858,100066,221,100025,221,100159,218,100024,218,100161,218,100019,218,100178,100,100005,11,100179,100,99990,100,100247,100,99936,100,100290,100,99932,100,100296,100,99919,100,100307,100,99916,200,100340,100,99896,100
2019-06-28 09:45:00.000000000,100066,189,100025,189,100159,189,100024,189,100161,189,100019,189,100178,189,100005,100,100179,100,99990,100,100247,100,99936,100,100290,100,99932,100,100296,100,99919,100,100307,100,99916,200,100340,100,99896,100
2019-06-28 09:45:02.780063670,100066,189,100025,189,100159,189,100024,189,100161,189,100019,189,100178,89,100005,100,100179,100,99990,100,100247,100,99936,100,100290,100,99932,100,100296,100,99919,100,100307,100,99916,200,100340,100,99896,100
2019-06-28 09:45:02.941602527,100066,189,100025,189,100159,189,100024,189,100161,189,100019,189,100178,89,100005,100,100179,100,99990,100,100247,100,99936,100,100290,100,99932,100,100296,100,99919,100,100307,100,99916,200,100340,100,99896,100
2019-06-28 09:45:10.000000000,100066,278,100025,278,100159,278,100024,278,100161,100,100019,100,100179,100,100005,11,100247,100,99990,100,100290,100,99936,100,100296,100,99932,100,100307,100,99919,100,100340,100,99916,200,100464,100,99896,100
2019-06-28 09:45:16.026048315,100066,278,100025,278,100159,278,100024,278,100161,100,100019,100,100179,100,100005,11,100290,100,99990,100,100296,100,99936,100,100307,100,99932,100,100340,100,99919,100,100464,100,99916,200,100803,100,99896,100
2019-06-28 09:45:20.000000000,100066,189,100025,189,100159,189,100024,189,100161,189,100019,189,100179,189,100005,100,100290,100,99990,100,100296,100,99936,100,100307,100,99932,100,100340,100,99919,100,100464,100,99916,200,100803,100,99896,100
2019-06-28 09:45:21.806648425,100066,189,100025,189,100159,189,100024,189,100161,189,100019,189,100179,189,100005,100,100296,100,99990,100,100307,100,99936,100,100340,100,99932,100,100464,100,99919,100,100803,100,99916,200,,,99896,100
2019-06-28 09:45:30.000000000,100066,278,100025,278,100159,278,100024,278,100161,100,100019,100,100179,100,100005,11,100296,100,99990,100,100307,100,99936,100,100340,100,99932,100,100464,100,99919,100,100803,100,99916,200,,,99896,100
2019-06-28 09:45:40.000000000,100066,457,100025,457,100159,100,100024,100,100161,100,100019,100,100179,100,100005,11,100296,100,99990,100,100307,100,99936,100,100340,100,99932,100,100464,100,99919,100,100803,100,99916,200,,,99896,100
2019-06-28 09:45:50.000000000,100066,189,100025,189,100159,189,100024,189,100161,189,100019,189,100179,189,100005,100,100296,100,99990,100,100307,100,99936,100,100340,100,99932,100,100464,100,99919,100,100803,100,99916,200,,,99896,100
2019-06-28 09:46:00.000000000,100066,278,100025,278,100159,278,100024,278,100161,100,100019,100,100179,100,100005,11,100296,100,99990,100,100307,100,99936,100,100340,100,99932,100,100464,100,99919,100,100803,100,99916,200,,,99896,100
2019-06-28 09:46:10.000000000,100066,171,100025,171,100159,171,100024,171,100161,171,100019,171,100179,171,100005,82,100296,171,99990,171,100307,100,99936,100,100340,100,99932,100,100464,100,99919,100,100803,100,99916,200,,,99896,100
2019-06-28 09:46:17.554138079,100066,171,100025,171,100159,171,100024,171,100161,171,100019,171,100179,171,100005,82,100296,171,99990,171,100297,100,99936,100,100307,100,99932,100,100340,100,99919,100,100464,100,99916,200,100803,100,99896,100
2019-06-28 09:46:20.000000000,100066,278,100025,278,100159,278,100024,278,100161,100,100019,100,100179,100,100005,11,100296,100,99990,100,100297,100,99936,100,100307,100,99932,100,100340,100,99919,100,100464,100,99916,200,100803,100,99896,100
2019-06-28 09:46:26.047963066,100066,278,100025,278,100159,278,100024,278,100161,100,100019,100,100179,100,100005,11,100296,100,99990,100,100297,100,99936,100,100307,100,99932,100,100340,100,99919,100,100462,100,99916,200,100464,100,99896,100
2019-06-28 09:46:30.000000000,100066,171,100025,171,100159,171,100024,171,100161,171,100019,171,100179,171,100005,82,100296,171,99990,171,100297,100,99936,100,100307,100,99932,100,100340,100,99919,100,100462,100,99916,200,100464,100,99896,100
2019-06-28 09:46:40.000000000,100066,278,100025,278,100159,278,100024,278,100161,100,100019,100,100179,100,100005,11,100296,100,99990,100,100297,100,99936,100,100307,100,99932,100,100340,100,99919,100,100462,100,99916,200,100464,100,99896,100
2019-06-28 09:46:50.000000000,100066,457,100025,457,100159,100,100024,100,100161,100,100019,100,100179,100,100005,11,100296,100,99990,100,100297,100,99936,100,100307,100,99932,100,100340,100,99919,100,100462,100,99916,200,100464,100,99896,100
2019-06-28 09:47:00.000000000,100066,457,100025,457,100159,100,100024,100,100161,100,100019,100,100179,100,100005,11,100296,100,99990,100,100297,100,99936,100,100307,100,99932,100,100340,100,99919,100,100462,100,99916,200,100464,100,99896,100
2019-06-28 09:47:10.000000000,100066,278,100025,278,100159,278,100024,278,100161,100,100019,100,100179,100,100005,11,100296,100,99990,100,100297,100,99936,100,100307,100,99932,100,100340,100,99919,100,100462,100,99916,200,100464,100,99896,100
2019-06-28 09:47:16.243732854,100066,278,100025,278,100159,278,100024,278,100161,100,100019,100,100179,100,100005,11,100296,100,99990,100,100297,100,99936,100,100307,100,99932,100,100340,100,99919,100,100462,100,99916,200,100464,100,99896,100
2019-06-28 09:47:20.000000000,100066,171,100025,171,100159,171,100024,171,100161,171,100019,171,100179,171,100005,82,100296,171,99990,171,100297,100,99936,100,100307,100,99932,100,100340,100,99919,100,100462,100,99916,200,100464,100,99896,100
2019-06-28 09:47:30.000000000,100066,278,100025,278,100159,278,100024,278,100161,100,100019,100,100179,100,100005,11,100296,100,99990,100,100297,100,99936,100,100307,100,99932,100,100340,100,99919,100,100462,100,99916,200,100464,100,99896,100
2019-06-28 09:47:40.000000000,100066,457,100025,457,100159,100,100024,100,100161,100,100019,100,100179,100,100005,11,100296,100,99990,100,100297,100,99936,100,100307,100,99932,100,100340,100,99919,100,100462,100,99916,200,100464,100,99896,100
2019-06-28 09:47:50.000000000,100066,189,100025,189,100159,189,100024,189,100161,189,100019,189,100179,189,100005,100,100296,100,99990,100,100297,100,99936,100,100307,100,99932,100,100340,100,99919,100,100462,100,99916,200,100464,100,99896,100
2019-06-28 09:48:00.000000000,100066,171,100025,171,100159,171,100024,171,100161,171,100019,171,100179,171,100005,82,100296,171,99990,171,100297,100,99936,100,100307,100,99932,100,100340,100,99919,100,100462,100,99916,200,100464,100,99896,100
2019-06-28 09:48:10.000000000,100066,457,100025,457,100159,100,100024,100,100161,100,100019,100,100179,100,100005,11,100296,100,99990,100,100297,100,99936,100,100307,100,99932,100,100340,100,99919,100,100462,100,99916,200,100464,100,99896,100
2019-06-28 09:48:13.413323334,100066,357,100025,457,100159,100,100024,100,100161,100,100019,100,100179,100,100005,11,100296,100,99990,100,100297,100,99936,100,100307,100,99932,100,100340,100,99919,100,100462,100,99916,200,100464,100,99896,100
2019-06-28 09:48:14.304861491,100066,357,100040,100,100159,100,100025,457,100161,100,100024,100,100179,100,100019,100,100296,100,100005,11,100297,100,99990,100,100307,100,99936,100,100340,100,99932,100,100462,100,99919,100,100464,100,99916,200
2019-06-28 09:48:20.000000000,100159,171,100040,171,100161,171,100025,171,100179,171,100024,171,100296,171,100019,171,100297,171,100005,82,100307,100,99990,100,100340,100,99936,100,100462,100,99932,100,100464,100,99919,100,100787,100,99916,200
2019-06-28 09:48:27.629771848,100159,71,100040,171,100161,171,100025,171,100179,171,100024,171,100296,171,100019,171,100297,171,100005,82,100307,100,99990,100,100340,100,99936,100,100462,100,99932,100,100464,100,99919,100,100787,100,99916,200
2019-06-28 09:48:30.000000000,100161,221,100040,221,100179,218,100025,218,100296,218,100024,218,100297,100,100019,100,100307,100,100005,11,100340,100,99990,100,100462,100,99936,100,100464,100,99932,100,100787,100,99919,100,100803,100,99916,200
2019-06-28 09:48:40.000000000,100161,278,100040,278,100179,278,100025,278,100296,100,100024,100,100297,100,100019,100,100307,100,100005,11,100340,100,99990,100,100462,100,99936,100,100464,100,99932,100,100787,100,99919,100,100803,100,99916,200
2019-06-28 09:48:50.000000000,100161,189,100040,189,100179,189,100025,189,100296,189,100024,189,100297,189,100019,189,100307,100,100005,11,100340,100,99990,100,100462,100,99936,100,100464,100,99932,100,100787,100,99919,100,100803,100,99916,200
2019-06-28 09:48:59.930538592,100161,189,100040,189,100179,189,100025,189,100296,189,100024,189,100297,189,100019,189,100307,100,100005,11,100340,100,99990,100,100462,100,99936,100,100464,100,99932,100,100549,100,99919,100,100787,100,99916,200
2019-06-28 09:49:00.000000000,100161,221,100040,221,100179,218,100025,218,100296,218,100024,218,100297,100,100019,100,100307,100,100005,11,100340,100,99990,100,100462,100,99936,100,100464,100,99932,100,100549,100,99919,100,100787,100,99916,200
2019-06-28 09:49:10.000000000,100161,278,100040,278,100179,278,100025,278,100296,100,100024,100,100297,100,100019,100,100307,100,100005,11,100340,100,99990,100,100462,100,99936,100,100464,100,99932,100,100549,100,99919,100,100787,100,99916,200
2019-06-28 09:49:17.064409905,100161,278,100040,278,100179,278,100025,278,100296,100,100024,100,100307,100,100019,100,100340,100,100005,11,100462,100,99990,100,100464,100,99936,100,100549,100,99932,100,100732,100,99919,100,100787,100,99916,200
2019-06-28 09:49:20.000000000,100161,221,100040,221,100179,218,100025,218,100296,218,100024,218,100307,100,100019,100,100340,100,100005,11,100462,100,99990,100,100464,100,99936,100,100549,100,99932,100,100732,100,99919,100,100787,100,99916,200
2019-06-28 09:49:30.000000000,100161,278,100040,278,100179,278,100025,278,100296,100,100024,100,100307,100,100019,100,100340,100,100005,11,100462,100,99990,100,100464,100,99936,100,100549,100,99932,100,100732,100,99919,100,100787,100,99916,200
2019-06-28 09:49:38.588055645,100161,278,100040,278,100179,278,100025,278,100296,100,100024,100,100307,100,100019,100,100340,100,100005,11,100462,100,99990,100,100464,100,99936,100,100549,100,99932,100,100732,100,99919,100,100787,100,99916,200
2019-06-28 09:49:39.709607176,100161,278,100040,278,100179,278,100025,278,100296,100,100024,100,100340,100,100019,100,100462,100,100005,11,100464,100,99990,100,100549,100,99936,100,100729,100,99932,100,100732,100,99919,100,100787,100,99916,200
2019-06-28 09:49:40.000000000,100161,457,100040,457,100179,100,100025,100,100296,100,100024,100,100340,100,100019,100,100462,100,100005,11,100464,100,99990,100,100549,100,99936,100,100729,100,99932,100,100732,100,99919,100,100787,100,99916,200
2019-06-28 09:49:49.026370995,100161,357,100040,457,100179,100,100025,100,100296,100,100024,100,100340,100,100019,100,100462,100,100005,11,100464,100,99990,100,100549,100,99936,100,100729,100,99932,100,100732,100,99919,100,100803,100,99916,200
2019-06-28 09:49:50.000000000,100179,278,100040,278,100296,278,100025,278,100340,100,100024,100,100462,100,100019,100,100464,100,100005,11,100549,100,99990,100,100729,100,99936,100,100732,100,99932,100,100803,100,99919,100,100807,100,99916,200
2019-06-28 09:50:00.000000000,100179,221,100040,221,100296,218,100025,218,100340,218,100024,218,100462,100,100019,100,100464,100,100005,11,100549,100,99990,100,100729,100,99936,100,100732,100,99932,100,100803,100,99919,100,100807,100,99916,200
2019-06-28 09:50:10.000000000,100179,171,100040,171,100296,171,100025,171,100340,171,100024,171,100462,171,100019,171,100464,171,100005,82,100549,100,99990,100,100729,100,99936,100,100732,100,99932,100,100803,100,99919,100,100807,100,99916,200
2019-06-28 09:50:20.000000000,100179,278,100040,278,100296,278,100025,278,100340,100,100024,100,100462,100,100019,100,100464,100,100005,11,100549,100,99990,100,100729,100,99936,100,100732,100,99932,100,100803,100,99919,100,100807,100,99916,200
2019-06-28 09:50:23.235897837,100179,178,100040,278,100296,278,100025,278,100340,100,100024,100,100462,100,100019,100,100464,100,100005,11,100549,100,99990,100,100729,100,99936,100,100732,100,99932,100,100803,100,99919,100,100807,100,99916,200
2019-06-28 09:50:24.977555033,100179,78,100040,278,100296,278,100025,278,100340,100,100024,100,100462,100,100019,100,100464,100,100005,11,100549,100,99990,100,100729,100,99936,100,100732,100,99932,100,100803,100,99919,100,100807,100,99916,200
2019-06-28 09:50:30.000000000,100296,457,100040,457,100340,100,100025,100,100462,100,100024,100,100464,100,100019,100,100549,100,100005,11,100729,100,99990,100,100732,100,99936,100,100803,100,99932,100,100807,100,99919,100,,,99916,200
2019-06-28 09:50:40.000000000,100296,171,100040,171,100340,171,100025,171,100462,171,100024,171,100464,171,100019,171,100549,171,100005,82,100729,100,99990,100,100732,100,99936,100,100803,100,99932,100,100807,100,99919,100,,,99916,200
2019-06-28 09:50:50.000000000,100296,278,100040,278,100340,278,100025,278,100462,100,100024,100,100464,100,100019,100,100549,100,100005,11,100729,100,99990,100,100732,100,99936,100,100803,100,99932,100,100807,100,99919,100,,,99916,200
2019-06-28 09:51:00.000000000,100296,278,100040,278,100340,278,100025,278,100462,100,100024,100,100464,100,100019,100,100549,100,100005,11,100729,100,99990,100,100732,100,99936,100,100803,100,99932,100,100807,100,99919,100,,,99916,200
2019-06-28 09:51:10.000000000,100296,189,100040,189,100340,189,100025,189,100462,189,100024,189,100464,189,100019,189,100549,100,100005,11,100729,100,99990,100,100732,100,99936,100,100803,100,99932,100,100807,100,99919,100,,,99916,200
2019-06-28 09:51:17.567709823,100296,189,100179,100,100340,189,100040,189,100462,189,100025,189,100464,189,100024,189,100549,100,100019,189,100729,100,100005,11,100732,100,99990,100,100803,100,99936,100,100807,100,99932,100,,,99919,100
2019-06-28 09:51:20.000000000,100296,457,100179,457,100340,100,100040,100,100462,100,100025,100,100464,100,100024,100,100549,100,100019,100,100729,100,100005,11,100732,100,99990,100,100803,100,99936,100,100807,100,99932,100,,,99919,100
2019-06-28 09:51:23.259037090,100296,357,100179,457,100340,100,100040,100,100462,100,100025,100,100464,100,100024,100,100549,100,100019,100,100729,100,100005,11,100732,100,99990,100,100803,100,99936,100,100807,100,99932,100,,,99919,100
2019-06-28 09:51:30.000000000,100340,171,100179,171,100462,171,100040,171,100464,171,100025,171,100549,171,100024,171,100729,171,100019,171,100732,100,100005,11,100803,100,99990,100,100807,100,99936,100,,,99932,100,,,99919,100
2019-06-28 09:51:36.370399007,100340,171,100180,100,100462,171,100179,171,100464,171,100040,171,100549,171,100025,171,100729,171,100024,171,100732,100,100019,171,100803,100,100005,11,100807,100,99990,100,,,99936,100,,,99932,100
2019-06-28 09:51:40.000000000,100340,171,100180,171,100462,171,100179,171,100464,171,100040,171,100549,171,100025,171,100729,171,100024,171,100732,100,100019,100,100803,100,100005,11,100807,100,99990,100,,,99936,100,,,99932,100
2019-06-28 09:51:46.228028868,100340,171,100180,271,100462,171,100179,171,100464,171,100040,171,100549,171,100025,171,100729,171,100024,171,100732,100,100019,100,100803,100,100005,11,100807,100,99990,100,,,99936,100,,,99932,100
2019-06-28 09:51:50.000000000,100340,278,100180,378,100462,278,100179,278,100464,100,100040,100,100549,100,100025,100,100729,100,100024,100,100732,100,100019,100,100803,100,100005,11,100807,100,99990,100,,,99936,100,,,99932,100
2019-06-28 09:52:00.000000000,100340,457,100180,557,100462,100,100179,100,100464,100,100040,100,100549,100,100025,100,100729,100,100024,100,100732,100,100019,100,100803,100,100005,11,100807,100,99990,100,,,99936,100,,,99932,100
2019-06-28 09:52:10.000000000,100340,457,100180,557,100462,100,100179,100,100464,100,100040,100,100549,100,100025,100,100729,100,100024,100,100732,100,100019,100,100803,100,100005,11,100807,100,99990,100,,,99936,100,,,99932,100
2019-06-28 09:52:11.365030238,100340,457,100206,100,100462,100,100180,557,100464,100,100179,100,100549,100,100040,100,100729,100,100025,100,100732,100,100024,100,100803,100,100019,100,100807,100,100005,11,,,99990,100,,,99936,100
2019-06-28 09:52:19.661961577,100340,457,100180,557,100462,100,100179,100,100464,100,100081,100,100549,100,100040,100,100729,100,100025,100,100732,100,100024,100,100803,100,100019,100,100807,100,100005,11,,,99990,100,,,99936,100
2019-06-28 09:52:20.000000000,100340,171,100180,271,100462,171,100179,171,100464,171,100081,171,100549,171,100040,171,100729,171,100025,171,100732,100,100024,100,100803,100,100019,100,100807,100,100005,11,,,99990,100,,,99936,100
2019-06-28 09:52:30.000000000,100340,457,100180,557,100462,100,100179,100,100464,100,100081,100,100549,100,100040,100,100729,100,100025,100,100732,100,100024,100,100803,100,100019,100,100807,100,100005,11,,,99990,100,,,99936,100
2019-06-28 09:52:40.000000000,100340,278,100180,378,100462,278,100179,278,100464,100,100081,100,100549,100,100040,100,100729,100,100025,100,100732,100,100024,100,100803,100,100019,100,100807,100,100005,11,,,99990,100,,,99936,100
2019-06-28 09:52:45.425371658,100340,278,100180,278,100462,278,100179,278,100464,100,100081,100,100549,100,100040,100,100729,100,100025,100,100732,100,100024,100,100807,100,100019,100,,,100005,11,,,99990,100,,,99936,100
2019-06-28 09:52:50.000000000,100340,171,100180,171,100462,171,100179,171,100464,171,100081,171,100549,171,100040,171,100729,171,100025,171,100732,100,100024,100,100807,100,100019,100,,,100005,11,,,99990,100,,,99936,100
2019-06-28 09:53:00.000000000,100340,457,100180,457,100462,100,100179,100,100464,100,100081,100,100549,100,100040,100,100729,100,100025,100,100732,100,100024,100,100807,100,100019,100,,,100005,11,,,99990,100,,,99936,100
2019-06-28 09:53:10.000000000,100340,171,100180,171,100462,171,100179,171,100464,171,100081,171,100549,171,100040,171,100729,171,100025,171,100732,100,100024,100,100807,100,100019,100,,,100005,11,,,99990,100,,,99936,100
2019-06-28 09:53:20.000000000,100340,189,100180,189,100462,189,100179,189,100464,189,100081,189,100549,189,100040,189,100729,100,100025,100,100732,100,100024,100,100807,100,100019,100,,,100005,11,,,99990,100,,,99936,100
2019-06-28 09:53:30.000000000,100340,457,100180,457,100462,100,100179,100,100464,100,100081,100,100549,100,100040,100,100729,100,100025,100,100732,100,100024,100,100807,100,100019,100,,,100005,11,,,99990,100,,,99936,100
2019-06-28 09:53:40.000000000,100340,457,100180,457,100462,100,100179,100,100464,100,100081,100,100549,100,100040,100,100729,100,100025,100,100732,100,100024,100,100807,100,100019,100,,,100005,11,,,99990,100,,,99936,100
2019-06-28 09:53:40.939410024,100340,457,100207,100,100462,100,100180,457,100464,100,100179,100,100549,100,100081,100,100729,100,100040,100,100732,100,100025,100,100807,100,100024,100,,,100019,100,,,100005,11,,,99990,100
2019-06-28 09:53:41.325193673,100340,357,100207,100,100462,100,100180,457,100464,100,100179,100,100549,100,100081,100,100729,100,100040,100,100732,100,100025,100,100807,100,100024,100,,,100019,100,,,100005,11,,,99990,100
2019-06-28 09:53:42.921324446,100340,257,100207,100,100462,100,100180,457,100464,100,100179,100,100549,100,100081,100,100729,100,100040,100,100732,100,100025,100,,,100024,100,,,100019,100,,,100005,11,,,99990,100
2019-06-28 09:53:50.000000000,100462,189,100207,189,100464,189,100180,189,100549,189,100179,189,100729,189,100081,189,100732,100,100040,100,,,100025,100,,,100024,100,,,100019,100,,,100005,11,,,99990,100
2019-06-28 09:53:50.424660325,100462,189,100207,189,100464,189,100180,189,100549,189,100179,189,100708,100,100081,189,100729,189,100040,100,100732,100,100025,100,,,100024,100,,,100019,100,,,100005,11,,,99990,100
2019-06-28 09:53:51.543266964,100462,189,100207,189,100464,189,100180,189,100549,189,100179,189,100708,100,100081,189,100729,189,100040,100,100732,100,100025,100,100897,100,100024,100,,,100019,100,,,100005,11,,,99990,100
2019-06-28 09:54:00.000000000,100462,221,100207,221,100464,218,100180,218,100549,218,100179,218,100708,100,100081,100,100729,100,100040,100,100732,100,100025,100,100897,100,100024,100,,,100019,100,,,100005,11,,,99990,100
2019-06-28 09:54:06.688099336,100462,221,100207,221,100464,218,100180,218,100549,218,100179,218,100647,100,100081,100,100708,100,100040,100,100729,100,100025,100,100732,100,100024,100,100897,100,100019,100,,,100005,11,,,99990,100
2019-06-28 09:54:10.000000000,100462,221,100207,221,100464,218,100180,218,100549,218,100179,218,100647,100,100081,100,100708,100,100040,100,100729,100,100025,100,100732,100,100024,100,100897,100,100019,100,,,100005,11,,,99990,100
2019-06-28 09:54:17.575301707,100462,121,100458,100,100464,218,100207,221,100549,218,100180,218,100647,100,100179,218,100708,100,100081,100,100729,100,100040,100,100732,100,100025,100,100897,100,100024,100,,,100019,100,,,100005,11
2019-06-28 09:54:20.000000000,100464,457,100458,457,100549,100,100207,100,100647,100,100180,100,100708,100,100179,100,100729,100,100081,100,100732,100,100040,100,100897,100,100025,100,,,100024,100,,,100019,100,,,100005,11
2019-06-28 09:54:20.042863819,100464,357,100458,457,100549,100,100409,100,100647,100,100207,100,100708,100,100180,100,100729,100,100179,100,100732,100,100081,100,100897,100,100040,100,,,100025,100,,,100024,100,,,100019,100
2019-06-28 09:54:30.000000000,100549,189,100458,189,100647,189,100409,189,100708,189,100207,189,100729,189,100180,189,100732,100,100179,100,100897,100,100081,100,,,100040,100,,,100025,100,,,100024,100,,,100019,100
2019-06-28 09:54:40.000000000,100549,457,100458,457,100647,100,100409,100,100708,100,100207,100,100729,100,100180,100,100732,100,100179,100,100897,100,100081,100,,,100040,100,,,100025,100,,,100024,100,,,100019,100
2019-06-28 09:54:45.470364268,100549,457,100458,457,100647,100,100409,100,100708,100,100207,100,100729,100,100179,100,100732,100,100081,100,100897,100,100040,100,,,100025,100,,,100024,100,,,100019,100,,,100005,11
2019-06-28 09:54:48.212072679,100549,457,100458,457,100647,100,100409,100,100708,100,100340,100,100729,100,100207,100,100732,100,100179,100,100897,100,100081,100,,,100040,100,,,100025,100,,,100024,100,,,100019,100
2019-06-28 09:54:50.000000000,100549,457,100458,457,100647,100,100409,100,100708,100,100340,100,100729,100,100207,100,100732,100,100179,100,100897,100,100081,100,,,100040,100,,,100025,100,,,100024,100,,,100019,100
2019-06-28 09:54:50.434812959,100549,457,100458,457,100647,100,100409,100,100708,100,100340,100,100725,100,100207,100,100729,100,100179,100,100732,100,100081,100,100897,100,100040,100,,,100025,100,,,100024,100,,,100019,100
2019-06-28 09:54:54.620415752,100549,457,100458,457,100647,100,100409,100,100665,100,100340,100,100708,100,100207,100,100725,100,100179,100,100729,100,100081,100,100732,100,100040,100,100897,100,100025,100,,,100024,100,,,100019,100
2019-06-28 09:54:57.293060968,100549,457,100458,457,100647,100,100409,100,100665,100,100340,100,100708,100,100207,100,100725,100,100179,100,100729,100,100081,100,100732,100,100040,100,100861,100,100025,100,100897,100,100024,100,,,100019,100
2019-06-28 09:54:58.661175257,100549,457,100523,100,100647,100,100458,457,100665,100,100409,100,100708,100,100340,100,100725,100,100207,100,100729,100,100179,100,100732,100,100081,100,100861,100,100040,100,100897,100,100025,100,,,100024,100
2019-06-28 09:55:00.000000000,100549,171,100523,171,100647,171,100458,171,100665,171,100409,171,100708,171,100340,171,100725,171,100207,171,100729,100,100179,100,100732,100,100081,100,100861,100,100040,100,100897,100,100025,100,,,100024,100
2019-06-28 09:55:04.066414162,100549,171,100523,171,100647,171,100520,100,100665,171,100458,171,100708,171,100409,171,100725,171,100340,171,100729,100,100207,171,100732,100,100179,100,100861,100,100081,100,100897,100,100040,100,,,100025,100
2019-06-28 09:55:10.000000000,100549,278,100523,278,100647,278,100520,278,100665,100,100458,100,100708,100,100409,100,100725,100,100340,100,100729,100,100207,100,100732,100,100179,100,100861,100,100081,100,100897,100,100040,100,,,100025,100
2019-06-28 09:55:18.139539031,100549,278,100523,278,100647,278,100520,278,100665,100,100458,100,100708,100,100409,100,100725,100,100340,200,100729,100,100207,100,100732,100,100179,100,100861,100,100081,100,100897,100,100040,100,,,100025,100
2019-06-28 09:55:20.000000000,100549,189,100523,189,100647,189,100520,189,100665,189,100458,189,100708,189,100409,189,100725,100,100340,200,100729,100,100207,100,100732,100,100179,100,100861,100,100081,100,100897,100,100040,100,,,100025,100
2019-06-28 09:55:27.671505326,100549,189,100523,189,100647,189,100520,189,100665,189,100458,189,100708,189,100409,189,100725,100,100340,200,100729,100,100207,100,100732,100,100179,100,100861,100,100081,100,100897,100,100025,100,,,100024,100
2019-06-28 09:55:30.000000000,100549,171,100523,171,100647,171,100520,171,100665,171,100458,171,100708,171,100409,171,100725,171,100340,271,100729,100,100207,100,100732,100,100179,100,100861,100,100081,100,100897,100,100025,100,,,100024,100
2019-06-28 09:55:40.000000000,100549,171,100523,171,100647,171,100520,171,100665,171,100458,171,100708,171,100409,171,100725,171,100340,271,100729,100,100207,100,100732,100,100179,100,100861,100,100081,100,100897,100,100025,100,,,100024,100
2019-06-28 09:55:50.000000000,100549,221,100523,221,100647,218,100520,218,100665,218,100458,218,100708,100,100409,100,100725,100,100340,200,100729,100,100207,100,100732,100,100179,100,100861,100,100081,100,100897,100,100025,100,,,100024,100
2019-06-28 09:56:00.000000000,100549,189,100523,189,100647,189,100520,189,100665,189,100458,189,100708,189,100409,189,100725,100,100340,200,100729,100,100207,100,100732,100,100179,100,100861,100,100081,100,100897,100,100025,100,,,100024,100
2019-06-28 09:56:10.000000000,100549,457,100523,457,100647,100,100520,100,100665,100,100458,100,100708,100,100409,100,100725,100,100340,200,100729,100,100207,100,100732,100,100179,100,100861,100,100081,100,100897,100,100025,100,,,100024,100
2019-06-28 09:56:20.000000000,100549,171,100523,171,100647,171,100520,171,100665,171,100458,171,100708,171,100409,171,100725,171,100340,271,100729,100,100207,100,100732,100,100179,100,100861,100,100081,100,100897,100,100025,100,,,100024,100
2019-06-28 09:56:30.000000000,100549,457,100523,457,100647,100,100520,100,100665,100,100458,100,100708,100,100409,100,100725,100,100340,200,100729,100,100207,100,100732,100,100179,100,100861,100,100081,100,100897,100,100025,100,,,100024,100
2019-06-28 09:56:40.000000000,100549,457,100523,457,100647,100,100520,100,100665,100,100458,100,100708,100,100409,100,100725,100,100340,200,100729,100,100207,100,100732,100,100179,100,100861,100,100081,100,100897,100,100025,100,,,100024,100
2019-06-28 09:56:50.000000000,100549,457,100523,457,100647,100,100520,100,100665,100,100458,100,100708,100,100409,100,100725,100,100340,200,100729,100,100207,100,100732,100,100179,100,100861,100,100081,100,100897,100,100025,100,,,100024,100
2019-06-28 09:56:55.381513393,100549,457,100523,357,100647,100,100520,100,100665,100,100458,100,100708,100,100409,100,100725,100,100340,200,100729,100,100207,100,100732,100,100179,100,100861,100,100081,100,100897,100,100025,100,,,100024,100
2019-06-28 09:56:55.812936812,100549,457,100523,257,100647,100,100520,100,100665,100,100458,100,100708,100,100409,100,100725,100,100340,200,100729,100,100207,100,100732,100,100179,100,100861,100,100081,100,,,100025,100,,,100024,100
2019-06-28 09:56:56.527973159,100549,457,100523,157,100647,100,100520,100,100665,100,100458,100,100708,100,100409,100,100725,100,100340,200,100729,100,100207,100,100732,100,100179,100,100861,100,100081,100,,,100025,100,,,100024,100
2019-06-28 09:57:00.000000000,100549,278,100520,278,100647,278,100458,278,100665,100,100409,100,100708,100,100340,200,100725,100,100207,100,100729,100,100179,100,100732,100,100081,100,100861,100,100025,100,,,100024,100,,,99990,100
2019-06-28 09:57:03.025469506,100523,100,100520,278,100549,278,100458,278,100647,278,100409,100,100665,100,100340,200,100708,100,100207,100,100725,100,100179,100,100729,100,100081,100,100732,100,100025,100,100861,100,100024,100,,,99990,100
2019-06-28 09:57:10.000000000,100523,189,100520,189,100549,189,100458,189,100647,189,100409,189,100665,189,100340,289,100708,100,100207,100,100725,100,100179,100,100729,100,100081,100,100732,100,100025,100,100861,100,100024,100,,,99990,100
2019-06-28 09:57:20.000000000,100523,278,100520,278,100549,278,100458,278,100647,100,100409,100,100665,100,100340,200,100708,100,100207,100,100725,100,100179,100,100729,100,100081,100,100732,100,100025,100,100861,100,100024,100,,,99990,100
2019-06-28 09:57:23.014889136,100523,278,100520,278,100549,278,100458,278,100647,100,100409,100,100665,100,100340,200,100708,100,100207,100,100725,100,100179,100,100729,100,100081,100,100732,100,100025,100,100861,100,100024,100,,,99990,100
2019-06-28 09:57:30.000000000,100523,189,100520,189,100549,189,100458,189,100647,189,100409,189,100665,189,100340,289,100708,100,100207,100,100725,100,100179,100,100729,100,100081,100,100732,100,100025,100,100861,100,100024,100,,,99990,100
2019-06-28 09:57:31.922090534,100523,189,100520,89,100549,189,100458,189,100647,189,100409,189,100665,189,100340,289,100708,100,100207,100,100725,100,100179,100,100729,100,100081,100,100732,100,100025,100,100861,100,100024,100,,,99990,100
2019-06-28 09:57:32.176048838,100520,11,100458,189,100523,189,100409,189,100549,189,100340,289,100647,189,100207,100,100665,189,100179,100,100708,100,100081,100,100725,100,100025,100,100729,100,100024,100,100732,100,99990,100,100861,100,99919,100
2019-06-28 09:57:40.000000000,100520,368,100458,457,100523,100,100409,100,100549,100,100340,200,100647,100,100207,100,100665,100,100179,100,100708,100,100081,100,100725,100,100025,100,100729,100,100024,100,100732,100,99990,100,100861,100,99919,100
2019-06-28 09:57:41.177033801,100520,368,100458,457,100523,100,100409,100,100549,100,100340,200,100647,100,100207,100,100708,100,100179,100,100725,100,100081,100,100729,100,100025,100,100732,100,100024,100,100861,100,99990,100,,,99919,100
2019-06-28 09:57:50.000000000,100520,189,100458,278,100523,278,100409,278,100549,100,100340,200,100647,100,100207,100,100708,100,100179,100,100725,100,100081,100,100729,100,100025,100,100732,100,100024,100,100861,100,99990,100,,,99919,100
2019-06-28 09:58:00.000000000,100520,132,100458,221,100523,218,100409,218,100549,218,100340,318,100647,100,100207,100,100708,100,100179,100,100725,100,100081,100,100729,100,100025,100,100732,100,100024,100,100861,100,99990,100,,,99919,100
2019-06-28 09:58:10.000000000,100520,368,100458,457,100523,100,100409,100,100549,100,100340,200,100647,100,100207,100,100708,100,100179,100,100725,100,100081,100,100729,100,100025,100,100732,100,100024,100,100861,100,99990,100,,,99919,100
2019-06-28 09:58:16.574815925,100520,368,100458,457,100523,100,100409,100,100549,100,100340,200,100647,100,100207,100,100708,100,100179,100,100725,100,100081,100,100729,100,100025,100,100732,100,100024,100,100861,100,99990,100,,,99919,100
2019-06-28 09:58:20.000000000,100520,368,100458,457,100523,100,100409,100,100549,100,100340,200,100647,100,100207,100,100708,100,100179,100,100725,100,100081,100,100729,100,100025,100,100732,100,100024,100,100861,100,99990,100,,,99919,100
2019-06-28 09:58:21.578389392,100520,368,100458,357,100523,100,100340,200,100549,100,100207,100,100647,100,100179,100,100708,100,100081,100,100725,100,100025,100,100729,100,100024,100,100732,100,99990,100,100861,100,99919,100,,,99916,100
2019-06-28 09:58:30.000000000,100520,82,100340,271,100523,171,100207,171,100549,171,100179,171,100647,171,100081,171,100708,171,100025,171,100725,100,100024,100,100729,100,99990,100,100732,100,99919,100,100861,100,99916,100,,,99894,100
2019-06-28 09:58:40.000000000,100520,100,100340,289,100523,189,100207,189,100549,189,100179,189,100647,189,100081,189,100708,100,100025,100,100725,100,100024,100,100729,100,99990,100,100732,100,99919,100,100861,100,99916,100,,,99894,100
2019-06-28 09:58:44.565779689,100520,100,100340,289,100523,189,100207,189,100549,189,100179,189,100647,189,100081,189,100708,100,100025,100,100725,100,100024,100,100729,100,99990,100,100732,100,99919,100,100861,100,99916,100,,,99894,100
2019-06-28 09:58:50.000000000,100520,100,100340,289,100523,189,100207,189,100549,189,100179,189,100647,189,100081,189,100708,100,100025,100,100725,100,100024,100,100729,100,99990,100,100732,100,99919,100,100861,100,99916,100,,,99894,100
2019-06-28 09:58:50.031884088,100520,100,100340,289,100523,189,100207,189,100549,189,100179,189,100647,189,100081,189,100708,100,100025,100,100725,100,100024,100,100729,100,99990,100,100732,100,99919,100,100861,100,99916,100,,,99894,100
2019-06-28 09:58:59.266602994,100519,100,100340,289,100520,100,100207,189,100523,189,100179,189,100549,189,100081,189,100647,189,100025,100,100708,100,100024,100,100725,100,99919,100,100729,100,99916,100,100732,100,99894,100,100861,100,99876,100
2019-06-28 09:59:00.000000000,100519,278,100340,378,100520,189,100207,278,100523,100,100179,100,100549,100,100081,100,100647,100,100025,100,100708,100,100024,100,100725,100,99919,100,100729,100,99916,100,100732,100,99894,100,100861,100,99876,100
2019-06-28 09:59:10.000000000,100519,221,100340,321,100520,129,100207,218,100523,218,100179,218,100549,100,100081,100,100647,100,100025,100,100708,100,100024,100,100725,100,99919,100,100729,100,99916,100,100732,100,99894,100,100861,100,99876,100
2019-06-28 09:59:19.330304920,100519,221,100340,321,100520,129,100207,218,100523,218,100179,218,100549,100,100081,100,100647,100,100025,100,100708,100,100024,100,100725,100,99919,100,100729,100,99916,100,100732,100,99894,100,100861,100,99876,100
2019-06-28 09:59:20.000000000,100519,171,100340,271,100520,82,100207,171,100523,171,100179,171,100549,171,100081,171,100647,171,100025,171,100708,100,100024,100,100725,100,99919,100,100729,100,99916,100,100732,100,99894,100,100861,100,99876,100
2019-06-28 09:59:30.000000000,100519,189,100340,289,100520,100,100207,189,100523,189,100179,189,100549,189,100081,189,100647,100,100025,100,100708,100,100024,100,100725,100,99919,100,100729,100,99916,100,100732,100,99894,100,100861,100,99876,100
2019-06-28 09:59:38.906645876,100519,189,100340,189,100520,100,100207,189,100523,189,100179,189,100549,189,100081,189,100647,100,100025,100,100708,100,100024,100,100725,100,99919,100,100729,100,99916,100,100732,100,99894,100,100861,100,99876,100
2019-06-28 09:59:40.000000000,100519,221,100340,221,100520,129,100207,218,100523,218,100179,218,100549,100,100081,100,100647,100,100025,100,100708,100,100024,100,100725,100,99919,100,100729,100,99916,100,100732,100,99894,100,100861,100,99876,100
2019-06-28 09:59:50.000000000,100519,221,100340,221,100520,129,100207,218,100523,218,100179,218,100549,100,100081,100,100647,100,100025,100,100708,100,100024,100,100725,100,99919,100,100729,100,99916,100,100732,100,99894,100,100861,100,99876,100
2019-06-28 10:00:00.000000000,100519,457,100340,457,100520,11,100207,100,100523,100,100179,100,100549,100,100081,100,100647,100,100025,100,100708,100,100024,100,100725,100,99919,100,100729,100,99916,100,100732,100,99894,100,100861,100,99876,100
2019-06-28 10:00:01.351321484,100519,457,100340,357,100520,11,100207,100,100523,100,100179,100,100549,100,100081,100,100647,100,100025,100,100708,100,100024,100,100725,100,99919,100,100729,100,99916,100,100732,100,99894,100,100861,100,99876,100
2019-06-28 10:00:10.000000000,100519,457,100207,457,100520,11,100179,100,100523,100,100081,100,100549,100,100025,100,100647,100,100024,100,100708,100,99919,100,100725,100,99916,100,100729,100,99894,100,100732,100,99876,100,100861,100,99839,100
2019-06-28 10:00:20.000000000,100519,189,100207,189,100520,100,100179,189,100523,189,100081,189,100549,189,100025,189,100647,100,100024,100,100708,100,99919,100,100725,100,99916,100,100729,100,99894,100,100732,100,99876,100,100861,100,99839,100
2019-06-28 10:00:29.004505116,100519,189,100207,189,100520,100,100179,189,100523,189,100081,189,100549,189,100025,189,100647,100,100024,100,100708,100,99919,100,100725,100,99916,100,100729,100,99894,100,100732,100,99876,100,100861,100,99839,100
2019-06-28 10:00:30.000000000,100519,171,100207,171,100520,82,100179,171,100523,171,100081,171,100549,171,100025,171,100647,171,100024,171,100708,100,99919,100,100725,100,99916,100,100729,100,99894,100,100732,100,99876,100,100861,100,99839,100
2019-06-28 10:00:40.000000000,100519,457,100207,457,100520,11,100179,100,100523,100,100081,100,100549,100,100025,100,100647,100,100024,100,100708,100,99919,100,100725,100,99916,100,100729,100,99894,100,100732,100,99876,100,100861,100,99839,100
2019-06-28 10:00:50.000000000,100519,457,100207,457,100520,11,100179,100,100523,100,100081,100,100549,100,100025,100,100647,100,100024,100,100708,100,99919,100,100725,100,99916,100,100729,100,99894,100,100732,100,99876,100,100861,100,99839,100
2019-06-28 10:00:51.282781242,100340,100,100207,457,100519,457,100179,100,100520,11,100081,100,100523,100,100025,100,100549,100,100024,100,100647,100,99919,100,100708,100,99916,100,100725,100,99894,100,100729,100,99876,100,100732,100,99839,100
2019-06-28 10:00:59.063341911,100340,100,100207,457,100519,457,100179,100,100520,11,100081,100,100523,100,100025,100,100549,100,100024,100,100647,100,99919,100,100708,100,99916,100,100725,100,99894,100,100729,100,99876,100,100732,100,99839,100
2019-06-28 10:01:00.000000000,100340,189,100207,189,100519,189,100179,189,100520,100,100081,189,100523,189,100025,189,100549,100,100024,100,100647,100,99919,100,100708,100,99916,100,100725,100,99894,100,100729,100,99876,100,100732,100,99839,100
2019-06-28 10:01:10.000000000,100340,278,100207,278,100519,278,100179,278,100520,11,100081,100,100523,100,100025,100,100549,100,100024,100,100647,100,99919,100,100708,100,99916,100,100725,100,99894,100,100729,100,99876,100,100732,100,99839,100
2019-06-28 10:01:20.000000000,100340,171,100207,171,100519,171,100179,171,100520,82,100081,171,100523,171,100025,171,100549,171,100024,171,100647,100,99919,100,100708,100,99916,100,100725,100,99894,100,100729,100,99876,100,100732,100,99839,100
2019-06-28 10:01:30.000000000,100340,171,100207,171,100519,171,100179,171,100520,82,100081,171,100523,171,100025,171,100549,171,100024,171,100647,100,99919,100,100708,100,99916,100,100725,100,99894,100,100729,100,99876,100,100732,100,99839,100
2019-06-28 10:01:40.000000000,100340,171,100207,171,100519,171,100179,171,100520,82,100081,171,100523,171,100025,171,100549,171,100024,171,100647,100,99919,100,100708,100,99916,100,100725,100,99894,100,100729,100,99876,100,100732,100,99839,100
2019-06-28 10:01:49.988351228,100340,171,100207,171,100519,171,100179,171,100520,82,100081,171,100523,171,100025,171,100549,171,100024,171,100647,100,99919,100,100708,100,99916,100,100725,100,99894,100,100729,100,99876,100,100732,100,99839,100
2019-06-28 10:01:50.000000000,100340,221,100207,221,100519,218,100179,218,100520,129,100081,218,100523,100,100025,100,100549,100,100024,100,100647,100,99919,100,100708,100,99916,100,100725,100,99894,100,100729,100,99876,100,100732,100,99839,100
2019-06-28 10:02:00.000000000,100340,221,100207,221,100519,218,100179,218,100520,129,100081,218,100523,100,100025,100,100549,100,100024,100,100647,100,99919,100,100708,100,99916,100,100725,100,99894,100,100729,100,99876,100,100732,100,99839,100
2019-06-28 10:02:00.357971902,100340,221,100207,121,100519,218,100179,218,100520,129,100081,218,100523,100,100025,100,100549,100,100024,100,100647,100,99919,100,100708,100,99916,100,100725,100,99894,100,100729,100,99876,100,100732,100,99839,100
2019-06-28 10:02:02.860404632,100339,100,100207,121,100340,221,100179,218,100519,218,100081,218,100520,129,100025,100,100549,100,100024,100,100647,100,99919,100,100708,100,99916,100,100725,100,99894,100,100729,100,99876,100,100732,100,99839,100
2019-06-28 10:02:10.000000000,100339,171,100179,171,100340,171,100081,171,100519,171,100025,171,100520,82,100024,171,100549,171,99919,171,100647,100,99916,100,100708,100,99894,100,100725,100,99876,100,100729,100,99839,100,100732,100,99739,100
2019-06-28 10:02:20.000000000,100339,457,100179,457,100340,100,100081,100,100519,100,100025,100,100520,11,100024,100,100549,100,99919,100,100647,100,99916,100,100708,100,99894,100,100725,100,99876,100,100729,100,99839,100,100732,100,99739,100
2019-06-28 10:02:30.000000000,100339,457,100179,457,100340,100,100081,100,100519,100,100025,100,100520,11,100024,100,100549,100,99919,100,100647,100,99916,100,100708,100,99894,100,100725,100,99876,100,100729,100,99839,100,100732,100,99739,100
2019-06-28 10:02:40.000000000,100339,278,100179,278,100340,278,100081,278,100519,100,100025,100,100520,11,100024,100,100549,100,99919,100,100647,100,99916,100,100708,100,99894,100,100725,100,99876,100,100729,100,99839,100,100732,100,99739,100
2019-06-28 10:02:50.000000000,100339,189,100179,189,100340,189,100081,189,100519,189,100025,189,100520,100,100024,189,100549,100,99919,100,100647,100,99916,100,100708,100,99894,100,100725,100,99876,100,100729,100,99839,100,100732,100,99739,100
2019-06-28 10:03:00.000000000,100339,278,100179,278,100340,278,100081,278,100519,100,100025,100,100520,11,100024,100,100549,100,99919,100,100647,100,99916,100,100708,100,99894,100,100725,100,99876,100,100729,100,99839,100,100732,100,99739,100
2019-06-28 10:03:08.104117110,100339,378,100179,278,100340,278,100081,278,100519,100,100025,100,100520,11,100024,100,100549,100,99919,100,100647,100,99916,100,100708,100,99894,100,100725,100,99876,100,100729,100,99839,100,100732,100,99739,100
2019-06-28 10:03:10.000000000,100339,271,100179,171,100340,171,100081,171,100519,171,100025,171,100520,82,100024,171,100549,171,99919,171,100647,100,99916,100,100708,100,99894,100,100725,100,99876,100,100729,100,99839,100,100732,100,99739,100
2019-06-28 10:03:12.328855361,100339,271,100179,171,100340,171,100081,171,100519,171,100025,171,100520,82,100024,171,100549,171,99919,171,100647,100,99916,100,100708,100,99894,100,100725,100,99839,100,100729,100,99739,100,100732,100,99669,100
2019-06-28 10:03:15.979749808,100339,271,100179,171,100340,171,100081,171,100519,171,100025,171,100520,82,100024,171,100549,171,99919,171,100647,100,99916,100,100708,100,99894,100,100725,100,99839,100,100729,100,99739,100,100732,100,99669,100
2019-06-28 10:03:20.000000000,100339,321,100179,221,100340,218,100081,218,100519,218,100025,218,100520,11,100024,100,100549,100,99919,100,100647,100,99916,100,100708,100,99894,100,100725,100,99839,100,100729,100,99739,100,100732,100,99669,100
2019-06-28 10:03:30.000000000,100339,378,100179,278,100340,278,100081,278,100519,100,100025,100,100520,11,100024,100,100549,100,99919,100,100647,100,99916,100,100708,100,99894,100,100725,100,99839,100,100729,100,99739,100,100732,100,99669,100
2019-06-28 10:03:40.000000000,100339,557,100179,457,100340,100,100081,100,100519,100,100025,100,100520,11,100024,100,100549,100,99919,100,100647,100,99916,100,100708,100,99894,100,100725,100,99839,100,100729,100,99739,100,100732,100,99669,100
2019-06-28 10:03:50.000000000,100339,271,100179,171,100340,171,100081,171,100519,171,100025,171,100520,82,100024,171,100549,171,99919,171,100647,100,99916,100,100708,100,99894,100,100725,100,99839,100,100729,100,99739,100,100732,100,99669,100
2019-06-28 10:04:00.000000000,100339,271,100179,171,100340,171,100081,171,100519,171,100025,171,100520,82,100024,171,100549,171,99919,171,100647,100,99916,100,100708,100,99894,100,100725,100,99839,100,100729,100,99739,100,100732,100,99669,100
2019-06-28 10:04:10.000000000,100339,289,100179,189,100340,189,100081,189,100519,189,100025,189,100520,100,100024,189,100549,100,99919,100,100647,100,99916,100,100708,100,99894,100,100725,100,99839,100,100729,100,99739,100,100732,100,99669,100
2019-06-28 10:04:20.000000000,100339,289,100179,189,100340,189,100081,189,100519,189,100025,189,100520,100,100024,189,100549,100,99919,100,100647,100,99916,100,100708,100,99894,100,100725,100,99839,100,100729,100,99739,100,100732,100,99669,100
2019-06-28 10:04:30.000000000,100339,557,100179,457,100340,100,100081,100,100519,100,100025,100,100520,11,100024,100,100549,100,99919,100,100647,100,99916,100,100708,100,99894,100,100725,100,99839,100,100729,100,99739,100,100732,100,99669,100
2019-06-28 10:04:37.873834743,100339,557,100179,457,100340,100,100081,100,100519,100,100025,100,100520,11,100024,100,100549,100,99919,100,100647,100,99916,100,100708,100,99894,100,100725,100,99839,100,100729,100,99739,100,100732,100,99669,100
2019-06-28 10:04:40.000000000,100339,557,100179,457,100340,100,100081,100,100519,100,100025,100,100520,11,100024,100,100549,100,99919,100,100647,100,99916,100,100708,100,99894,100,100725,100,99839,100,100729,100,99739,100,100732,100,99669,100
2019-06-28 10:04:50.000000000,100339,557,100179,457,100340,100,100081,100,100519,100,100025,100,100520,11,100024,100,100549,100,99919,100,100647,100,99916,100,100708,100,99894,100,100725,100,99839,100,100729,100,99739,100,100732,100,99669,100
2019-06-28 10:05:00.000000000,100339,289,100179,189,100340,189,100081,189,100519,189,100025,189,100520,100,100024,189,100549,100,99919,100,100647,100,99916,100,100708,100,99894,100,100725,100,99839,100,100729,100,99739,100,100732,100,99669,100
2019-06-28 10:05:04.366137948,100339,289,100179,189,100340,189,100081,189,100519,189,100025,189,100520,100,100024,189,100549,100,99919,100,100647,100,99916,100,100708,100,99894,100,100725,100,99839,100,100729,100,99739,100,100732,100,99669,100
2019-06-28 10:05:05.444023670,100339,289,100179,189,100340,189,100081,189,100519,189,100025,189,100520,100,100024,189,100549,100,99919,100,100647,100,99916,100,100708,100,99894,100,100725,100,99839,100,100729,100,99739,100,100732,100,99669,100
2019-06-28 10:05:10.000000000,100339,378,100179,278,100340,278,100081,278,100519,100,100025,100,100520,11,100024,100,100549,100,99919,100,100647,100,99916,100,100708,100,99894,100,100725,100,99839,100,100729,100,99739,100,100732,100,99669,100
2019-06-28 10:05:10.769571037,100339,378,100179,178,100340,278,100081,278,100519,100,100025,100,100520,11,100024,100,100549,100,99919,100,100647,100,99916,100,100708,100,99894,100,100725,100,99839,100,100729,100,99739,100,100732,100,99669,100
2019-06-28 10:05:20.000000000,100339,271,100081,171,100340,171,100025,171,100519,171,100024,171,100520,82,99919,171,100549,171,99916,171,100647,100,99894,100,100708,100,99839,100,100725,100,99739,100,100729,100,99669,100,100732,100,99655,100
2019-06-28 10:05:30.000000000,100339,271,100081,171,100340,171,100025,171,100519,171,100024,171,100520,82,99919,171,100549,171,99916,171,100647,100,99894,100,100708,100,99839,100,100725,100,99739,100,100729,100,99669,100,100732,100,99655,100
2019-06-28 10:05:32.520619721,100207,100,100081,171,100339,171,100025,171,100340,171,100024,171,100519,171,99919,171,100520,82,99916,171,100549,171,99894,100,100647,100,99839,100,100708,100,99739,100,100725,100,99669,100,100729,100,99655,100
2019-06-28 10:05:40.000000000,100207,221,100081,221,100339,218,100025,218,100340,218,100024,218,100519,100,99919,100,100520,11,99916,100,100549,100,99894,100,100647,100,99839,100,100708,100,99739,100,100725,100,99669,100,100729,100,99655,100
2019-06-28 10:05:50.000000000,100207,171,100081,171,100339,171,100025,171,100340,171,100024,171,100519,171,99919,171,100520,82,99916,171,100549,100,99894,100,100647,100,99839,100,100708,100,99739,100,100725,100,99669,100,100729,100,99655,100
2019-06-28 10:05:59.518686910,100207,171,100081,71,100339,171,100025,171,100340,171,100024,171,100519,171,99919,171,100520,82,99916,171,100549,100,99894,100,100647,100,99839,100,100708,100,99739,100,100725,100,99669,100,100729,100,99655,100
2019-06-28 10:06:00.000000000,100207,278,100025,278,100339,278,100024,278,100340,100,99919,100,100519,100,99916,100,100520,11,99894,100,100549,100,99839,100,100647,100,99739,100,100708,100,99669,100,100725,100,99655,100,100729,100,99599,100
2019-06-28 10:06:10.000000000,100207,221,100025,221,100339,218,100024,218,100340,218,99919,218,100519,100,99916,100,100520,11,99894,100,100549,100,99839,100,100647,100,99739,100,100708,100,99669,100,100725,100,99655,100,100729,100,99599,100
2019-06-28 10:06:13.084251329,100207,221,100025,121,100339,218,100024,218,100340,218,99919,218,100519,100,99916,100,100520,11,99894,100,100549,100,99839,100,100647,100,99739,100,100708,100,99655,100,100725,100,99599,100,100729,100,99509,100
2019-06-28 10:06:20.000000000,100207,189,100024,189,100339,189,99919,189,100340,189,99916,189,100519,189,99894,189,100520,11,99839,100,100549,100,99739,100,100647,100,99655,100,100708,100,99599,100,100725,100,99509,100,100729,100,99449,100
2019-06-28 10:06:30.000000000,100207,171,100024,171,100339,171,99919,171,100340,171,99916,171,100519,171,99894,171,100520,82,99839,171,100549,100,99739,100,100647,100,99655,100,100708,100,99599,100,100725,100,99509,100,100729,100,99449,100
2019-06-28 10:06:32.630955963,100207,171,100024,171,100339,171,99919,171,100340,171,99916,171,100519,171,99894,171,100520,82,99839,171,100549,100,99795,100,100647,100,99739,100,100708,100,99655,100,100725,100,99599,100,100729,100,99509,100
2019-06-28 10:06:40.000000000,100207,457,100024,457,100339,100,99919,100,100340,100,99916,100,100519,100,99894,100,100520,11,99839,100,100549,100,99795,100,100647,100,99739,100,100708,100,99655,100,100725,100,99599,100,100729,100,99509,100
2019-06-28 10:06:46.471039848,100207,457,100024,357,100339,100,99919,100,100340,100,99916,100,100519,100,99894,100,100520,11,99839,100,100549,100,99795,100,100647,100,99739,100,100708,100,99655,100,100725,100,99599,100,100729,100,99509,100
2019-06-28 10:06:46.502722560,100207,457,100024,257,100339,100,99919,100,100340,100,99916,100,100519,100,99894,100,100520,11,99839,100,100549,100,99795,100,100647,100,99739,100,100708,100,99655,100,100725,100,99599,100,100729,100,99509,100
2019-06-28 10:06:50.000000000,100207,171,99919,171,100339,171,99916,171,100340,171,99894,171,100519,171,99839,171,100520,82,99795,171,100549,100,99739,100,100647,100,99655,100,100708,100,99599,100,100725,100,99509,100,100729,100,99449,100
2019-06-28 10:06:57.156064485,100024,100,99919,171,100207,171,99916,171,100339,171,99894,171,100340,171,99839,171,100519,171,99795,171,100520,82,99739,100,100549,100,99655,100,100647,100,99599,100,100708,100,99509,100,100725,100,99449,100
2019-06-28 10:07:00.000000000,100024,189,99919,189,100207,189,99916,189,100339,189,99894,189,100340,189,99839,189,100519,100,99795,100,100520,11,99739,100,100549,100,99655,100,100647,100,99599,100,100708,100,99509,100,100725,100,99449,100
2019-06-28 10:07:06.102312386,100024,189,99919,189,100207,189,99916,189,100339,189,99894,189,100340,189,99839,189,100519,100,99739,100,100520,11,99655,100,100549,100,99599,100,100647,100,99509,100,100708,100,99449,100,100725,100,99415,100
2019-06-28 10:07:08.405880212,100024,189,99919,189,100207,189,99916,189,100339,189,99894,189,100340,189,99839,189,100519,100,99739,100,100520,11,99655,100,100549,100,99599,100,100647,100,99509,100,100708,100,99449,100,100725,100,99415,100
2019-06-28 10:07:10.000000000,100024,171,99919,171,100207,171,99916,171,100339,171,99894,171,100340,171,99839,171,100519,171,99739,171,100520,11,99655,100,100549,100,99599,100,100647,100,99509,100,100708,100,99449,100,100725,100,99415,100
2019-06-28 10:07:20.000000000,100024,457,99919,457,100207,100,99916,100,100339,100,99894,100,100340,100,99839,100,100519,100,99739,100,100520,11,99655,100,100549,100,99599,100,100647,100,99509,100,100708,100,99449,100,100725,100,99415,100
2019-06-28 10:07:30.000000000,100024,457,99919,457,100207,100,99916,100,100339,100,99894,100,100340,100,99839,100,100519,100,99739,100,100520,11,99655,100,100549,100,99599,100,100647,100,99509,100,100708,100,99449,100,100725,100,99415,100
2019-06-28 10:07:40.000000000,100024,278,99919,278,100207,278,99916,278,100339,100,99894,100,100340,100,99839,100,100519,100,99739,100,100520,11,99655,100,100549,100,99599,100,100647,100,99509,100,100708,100,99449,100,100725,100,99415,100
2019-06-28 10:07:45.944938872,100024,278,99919,178,100207,278,99916,278,100339,100,99894,100,100340,100,99839,100,100519,100,99739,100,100520,11,99655,100,100549,100,99599,100,100647,100,99509,100,100708,100,99449,100,100725,100,99415,100
