,ask_price_1,ask_size_1,bid_price_1,bid_size_1,ask_price_2,ask_size_2,bid_price_2,bid_size_2,ask_price_3,ask_size_3,bid_price_3,bid_size_3,ask_price_4,ask_size_4,bid_price_4,bid_size_4,ask_price_5,ask_size_5,bid_price_5,bid_size_5,ask_price_6,ask_size_6,bid_price_6,bid_size_6,ask_price_7,ask_size_7,bid_price_7,bid_size_7,ask_price_8,ask_size_8,bid_price_8,bid_size_8,ask_price_9,ask_size_9,bid_price_9,bid_size_9,ask_price_10,ask_size_10,bid_price_10,bid_size_10
2019-06-28 09:30:00.000000004,,,99790,100,,,,,,,,,,,,,,,,,,,,,,,,,,,,,,,,,,,,
2019-06-28 09:30:00.000000011,100113,100,99911,100,,,99790,100,,,,,,,,,,,,,,,,,,,,,,,,,,,,,,,,
2019-06-28 09:30:00.000000013,100081,100,99911,100,100113,100,99790,100,,,,,,,,,,,,,,,,,,,,,,,,,,,,,,,,
2019-06-28 09:30:00.000000015,100081,100,100035,100,100113,100,99911,100,,,99790,100,,,,,,,,,,,,,,,,,,,,,,,,,,,,
2019-06-28 09:30:00.000000016,100078,100,100035,100,100081,100,99911,100,100113,100,99790,100,,,,,,,,,,,,,,,,,,,,,,,,,,,,
2019-06-28 09:30:00.000000018,100053,100,100035,100,100078,100,99916,100,100081,100,99911,100,100113,100,99790,100,,,,,,,,,,,,,,,,,,,,,,,,
2019-06-28 09:30:00.000000019,100053,100,99916,100,100078,100,99911,100,100081,100,99790,100,100113,100,,,,,,,,,,,,,,,,,,,,,,,,,,
2019-06-28 09:30:00.000000023,100053,100,100009,100,100078,100,99917,100,100081,100,99916,100,100113,100,99911,100,,,99790,100,,,,,,,,,,,,,,,,,,,,
2019-06-28 09:30:00.000000024,100053,100,100039,100,100065,100,100009,100,100078,100,99917,100,100081,100,99916,100,100113,100,99911,100,,,99790,100,,,,,,,,,,,,,,,,
2019-06-28 09:30:00.000000025,100053,100,100009,100,100065,100,99929,100,100078,100,99917,100,100081,100,99916,100,100113,100,99911,100,,,99790,100,,,,,,,,,,,,,,,,
2019-06-28 09:30:00.000000026,100053,100,100009,100,100065,100,99929,100,100078,100,99917,100,100081,100,99916,100,100113,100,99911,100,,,99852,100,,,99790,100,,,,,,,,,,,,
2019-06-28 09:30:00.000000028,100053,100,100009,100,100059,100,99929,100,100065,100,99917,100,100078,100,99916,100,100081,100,99911,100,100113,100,99852,100,,,99790,100,,,,,,,,,,,,
2019-06-28 09:30:00.000000029,100053,100,100009,100,100059,100,99929,100,100065,100,99917,100,100078,100,99916,100,100081,100,99914,100,100091,100,99911,100,100113,100,99852,100,,,99790,100,,,,,,,,
2019-06-28 09:30:00.000000031,100053,100,100009,100,100059,100,99929,100,100065,100,99917,100,100078,100,99916,100,100081,100,99914,100,100091,100,99911,100,100104,100,99852,100,100113,100,99790,100,,,,,,,,
2019-06-28 09:30:00.000000033,100053,100,100009,100,100059,100,99972,100,100065,100,99929,100,100078,100,99917,100,100081,100,99916,100,100087,100,99914,100,100091,100,99911,100,100104,100,99852,100,100113,100,99790,100,,,,
2019-06-28 09:30:00.000000034,100053,100,100009,100,100059,100,99972,100,100065,100,99929,100,100078,100,99917,100,100081,100,99916,100,100084,100,99914,100,100087,100,99911,100,100091,100,99852,100,100104,100,99849,100,100113,100,99790,100
2019-06-28 09:30:00.000000037,100053,100,100009,100,100059,100,99972,100,100065,100,99929,100,100066,100,99917,100,100078,100,99916,100,100081,100,99914,100,100084,100,99911,100,100087,100,99852,100,100091,100,99849,100,100104,100,99790,100
2019-06-28 09:30:00.000000040,100053,100,100009,100,100059,100,99972,100,100065,100,99929,100,100066,100,99917,100,100078,100,99916,100,100081,100,99914,100,100084,100,99911,100,100087,100,99904,100,100091,100,99852,100,100104,100,99849,100
2019-06-28 09:30:00.000000041,100059,100,100009,100,100065,100,99972,100,100066,100,99929,100,100078,100,99917,100,100081,100,99916,100,100084,100,99914,100,100087,100,99911,100,100091,100,99904,100,100104,100,99852,100,100113,100,99849,100
2019-06-28 09:30:00.000000042,100053,100,100009,100,100059,100,99972,100,100065,100,99929,100,100066,100,99917,100,100078,100,99916,100,100081,100,99914,100,100084,100,99911,100,100087,100,99904,100,100091,100,99852,100,100104,100,99849,100
2019-06-28 09:30:00.000000043,100021,100,100009,100,100053,100,99972,100,100059,100,99929,100,100065,100,99917,100,100066,100,99916,100,100078,100,99914,100,100081,100,99911,100,100084,100,99904,100,100087,100,99852,100,100091,100,99849,100
2019-06-28 09:30:00.000000051,100021,100,100009,100,100053,100,99972,100,100059,100,99929,100,100065,100,99922,100,100066,100,99917,100,100078,100,99916,100,100081,100,99914,100,100084,100,99911,100,100087,100,99904,100,100091,100,99852,100
2019-06-28 09:30:00.000000054,100021,100,100009,100,100053,200,99972,100,100059,100,99929,100,100065,100,99922,100,100066,100,99917,100,100078,100,99916,100,100081,100,99914,100,100084,100,99911,100,100087,100,99904,100,100091,100,99852,100
2019-06-28 09:30:00.000000055,100021,100,99972,100,100053,200,99929,100,100059,100,99922,100,100065,100,99917,100,100066,100,99916,100,100078,100,99914,100,100081,100,99911,100,100084,100,99904,100,100087,100,99852,100,100091,100,99849,100
2019-06-28 09:30:00.000000058,100021,100,99972,100,100053,200,99929,100,100059,100,99922,100,100065,100,99917,100,100066,100,99916,100,100078,100,99914,100,100081,100,99911,100,100084,100,99904,100,100087,100,99852,100,100091,100,99849,100
2019-06-28 09:30:00.000000061,100021,100,100005,100,100053,200,99972,100,100059,100,99929,100,100065,100,99922,100,100066,100,99917,100,100078,100,99916,100,100081,100,99915,100,100084,100,99914,100,100087,100,99911,100,100091,100,99904,100
2019-06-28 09:30:00.000000063,100021,100,100005,100,100053,200,99972,100,100059,100,99929,100,100065,100,99922,100,100066,100,99921,100,100078,100,99917,100,100081,100,99916,100,100084,100,99915,100,100087,100,99914,100,100091,100,99911,100
2019-06-28 09:30:00.000000064,100021,100,100005,200,100053,200,99972,100,100059,100,99929,100,100065,100,99922,100,100066,100,99921,100,100078,100,99917,100,100081,100,99916,100,100084,100,99915,100,100087,100,99914,100,100091,100,99911,100
2019-06-28 09:30:00.000000066,100021,100,100005,200,100053,200,99972,100,100059,100,99929,100,100065,100,99922,100,100066,100,99921,100,100078,100,99917,100,100081,100,99916,100,100084,100,99915,100,100087,100,99914,100,100091,100,99911,100
2019-06-28 09:30:00.000000068,100009,100,100005,200,100021,100,99972,100,100053,200,99929,100,100059,100,99928,100,100065,100,99922,100,100066,100,99921,100,100078,100,99917,100,100081,100,99916,100,100084,100,99915,100,100087,100,99914,100
2019-06-28 09:30:00.000000069,100009,100,100005,300,100021,100,99972,100,100053,200,99954,100,100059,100,99929,100,100065,100,99928,100,100066,100,99922,100,100078,100,99921,100,100081,100,99917,100,100084,100,99916,100,100087,100,99915,100
2019-06-28 09:30:00.000000070,100009,100,100005,300,100021,100,99972,100,100053,200,99962,100,100059,100,99954,100,100065,100,99929,100,100066,100,99928,100,100078,100,99922,100,100081,100,99921,100,100084,100,99917,100,100087,100,99916,100
2019-06-28 09:30:00.000000071,100009,100,100005,300,100021,100,99972,100,100053,200,99962,100,100059,100,99954,100,100065,100,99949,100,100066,100,99929,100,100078,100,99928,100,100081,100,99922,100,100084,100,99921,100,100087,100,99917,100
2019-06-28 09:30:00.000000073,100009,300,100005,400,100021,100,99972,100,100053,200,99962,100,100059,100,99954,100,100065,100,99949,100,100066,100,99929,100,100078,100,99928,100,100081,100,99922,100,100084,100,99921,100,100087,100,99917,100
2019-06-28 09:30:00.000000076,100009,400,100005,400,100021,100,99972,100,100053,200,99962,100,100059,100,99954,100,100065,100,99949,100,100066,100,99929,100,100078,100,99928,100,100081,100,99922,100,100084,100,99921,100,100087,100,99917,100
2019-06-28 09:30:00.000000079,100009,400,100005,400,100021,100,99972,100,100053,200,99962,100,100059,100,99954,100,100065,100,99949,100,100066,100,99929,100,100078,100,99928,100,100081,100,99922,100,100084,100,99921,100,100087,100,99917,100
2019-06-28 09:30:00.000000081,100009,400,100005,300,100021,100,99972,100,100053,200,99962,100,100059,100,99954,100,100065,100,99949,100,100066,100,99929,100,100072,100,99928,100,100078,100,99922,100,100081,100,99921,100,100084,100,99917,100
2019-06-28 09:30:00.000000085,100009,400,100005,300,100021,100,99972,100,100050,100,99962,100,100053,200,99954,100,100059,100,99949,100,100065,100,99929,100,100066,100,99928,100,100072,100,99922,100,100078,100,99921,100,100081,100,99917,100
2019-06-28 09:30:00.000000088,100009,400,100005,200,100021,100,99972,100,100050,100,99962,100,100053,200,99954,100,100059,100,99949,100,100065,100,99929,100,100066,100,99928,100,100072,100,99922,100,100078,100,99921,100,100081,100,99917,100
2019-06-28 09:30:00.000000089,100009,400,100005,200,100021,100,99974,100,100050,100,99972,100,100053,200,99962,100,100059,100,99954,100,100065,100,99949,100,100066,100,99929,100,100072,100,99928,100,100078,100,99922,100,100081,100,99921,100
2019-06-28 09:30:00.000000092,100009,400,100005,100,100021,100,99974,100,100050,100,99972,100,100053,200,99962,100,100059,100,99954,100,100065,100,99949,100,100066,100,99929,100,100072,100,99928,100,100078,100,99922,100,100081,100,99921,100
2019-06-28 09:30:00.000000095,100009,400,100005,100,100021,100,99974,100,100050,100,99972,100,100053,200,99962,100,100059,100,99954,100,100065,100,99949,100,100066,100,99929,100,100072,100,99928,100,100078,100,99922,100,100081,100,99921,100
2019-06-28 09:30:10.000000000,100009,691,100005,391,100021,100,99974,100,100050,100,99972,100,100053,200,99962,100,100059,100,99954,100,100065,100,99949,100,100066,100,99929,100,100072,100,99928,100,100078,100,99922,100,100081,100,99921,100
2019-06-28 09:30:16.201884521,100009,691,100005,391,100021,100,99974,100,100050,100,99972,100,100053,200,99962,100,100059,100,99954,100,100065,100,99949,100,100066,100,99929,100,100072,100,99928,100,100078,100,99921,100,100081,100,99917,100
2019-06-28 09:30:20.000000000,100009,691,100005,391,100021,100,99974,100,100050,100,99972,100,100053,200,99962,100,100059,100,99954,100,100065,100,99949,100,100066,100,99929,100,100072,100,99928,100,100078,100,99921,100,100081,100,99917,100
2019-06-28 09:30:23.010685550,100009,691,100005,391,100021,100,99974,100,100050,100,99972,100,100053,200,99962,100,100059,100,99954,100,100065,100,99949,100,100066,100,99929,100,100072,100,99928,100,100078,100,99917,100,100081,100,99916,100
2019-06-28 09:30:30.000000000,100009,499,100005,199,100021,196,99974,196,100050,196,99972,196,100053,200,99962,100,100059,100,99954,100,100065,100,99949,100,100066,100,99929,100,100072,100,99928,100,100078,100,99917,100,100081,100,99916,100
2019-06-28 09:30:40.000000000,100009,546,100005,246,100021,246,99974,246,100050,100,99972,100,100053,200,99962,100,100059,100,99954,100,100065,100,99949,100,100066,100,99929,100,100072,100,99928,100,100078,100,99917,100,100081,100,99916,100
2019-06-28 09:30:50.000000000,100009,458,100005,158,100021,158,99974,158,100050,158,99972,158,100053,258,99962,158,100059,158,99954,158,100065,100,99949,100,100066,100,99929,100,100072,100,99928,100,100078,100,99917,100,100081,100,99916,100
2019-06-28 09:31:00.000000000,100009,473,100005,173,100021,173,99974,173,100050,173,99972,173,100053,273,99962,173,100059,100,99954,100,100065,100,99949,100,100066,100,99929,100,100072,100,99928,100,100078,100,99917,100,100081,100,99916,100
2019-06-28 09:31:07.431061860,100009,473,100005,173,100021,173,99974,173,100050,173,99972,173,100053,273,99962,173,100059,100,99949,100,100065,100,99929,100,100066,100,99928,100,100072,100,99917,100,100078,100,99916,100,100081,100,99915,100
2019-06-28 09:31:10.000000000,100009,546,100005,246,100021,246,99974,246,100050,100,99972,100,100053,200,99962,100,100059,100,99949,100,100065,100,99929,100,100066,100,99928,100,100072,100,99917,100,100078,100,99916,100,100081,100,99915,100
2019-06-28 09:31:14.616345110,100009,446,100005,246,100021,246,99974,246,100050,100,99972,100,100053,200,99962,100,100059,100,99949,100,100065,100,99929,100,100066,100,99928,100,100072,100,99917,100,100078,100,99916,100,100081,100,99915,100
2019-06-28 09:31:20.000000000,100009,446,100005,246,100021,246,99974,246,100050,100,99972,100,100053,200,99962,100,100059,100,99949,100,100065,100,99929,100,100066,100,99928,100,100072,100,99917,100,100078,100,99916,100,100081,100,99915,100
2019-06-28 09:31:30.000000000,100009,591,100005,391,100021,100,99974,100,100050,100,99972,100,100053,200,99962,100,100059,100,99949,100,100065,100,99929,100,100066,100,99928,100,100072,100,99917,100,100078,100,99916,100,100081,100,99915,100
2019-06-28 09:31:31.543896317,100009,491,100006,100,100021,100,100005,391,100050,100,99974,100,100053,200,99972,100,100059,100,99962,100,100065,100,99949,100,100066,100,99929,100,100072,100,99928,100,100078,100,99917,100,100081,100,99916,100
2019-06-28 09:31:33.538689486,100009,491,100006,200,100021,100,100005,391,100050,100,99974,100,100053,200,99972,100,100059,100,99962,100,100065,100,99949,100,100066,100,99929,100,100072,100,99928,100,100078,100,99917,100,100081,100,99916,100
2019-06-28 09:31:40.000000000,100009,299,100006,299,100021,196,100005,196,100050,196,99974,196,100053,200,99972,100,100059,100,99962,100,100065,100,99949,100,100066,100,99929,100,100072,100,99928,100,100078,100,99917,100,100081,100,99916,100
2019-06-28 09:31:50.000000000,100009,299,100006,299,100021,196,100005,196,100050,196,99974,196,100053,200,99972,100,100059,100,99962,100,100065,100,99949,100,100066,100,99929,100,100072,100,99928,100,100078,100,99917,100,100081,100,99916,100
2019-06-28 09:31:50.270626525,100009,199,100006,299,100021,196,100005,196,100050,196,99974,196,100053,200,99972,100,100059,100,99962,100,100065,100,99949,100,100066,100,99929,100,100072,100,99928,100,100078,100,99917,100,100081,100,99916,100
2019-06-28 09:32:00.000000000,100009,391,100006,491,100021,100,100005,100,100050,100,99974,100,100053,200,99972,100,100059,100,99962,100,100065,100,99949,100,100066,100,99929,100,100072,100,99928,100,100078,100,99917,100,100081,100,99916,100
2019-06-28 09:32:02.848710503,100009,291,100006,491,100021,100,100005,100,100050,100,99974,100,100053,200,99972,100,100059,100,99962,100,100065,100,99949,100,100066,100,99929,100,100072,100,99928,100,100078,100,99917,100,100081,100,99916,100
2019-06-28 09:32:10.000000000,100021,199,100006,299,100050,196,100005,196,100053,296,99974,196,100059,100,99972,100,100065,100,99962,100,100066,100,99949,100,100072,100,99929,100,100078,100,99928,100,100081,100,99917,100,100084,100,99916,100
2019-06-28 09:32:20.000000000,100021,246,100006,346,100050,246,100005,246,100053,200,99974,100,100059,100,99972,100,100065,100,99962,100,100066,100,99949,100,100072,100,99929,100,100078,100,99928,100,100081,100,99917,100,100084,100,99916,100
2019-06-28 09:32:30.000000000,100021,199,100006,299,100050,196,100005,196,100053,296,99974,196,100059,100,99972,100,100065,100,99962,100,100066,100,99949,100,100072,100,99929,100,100078,100,99928,100,100081,100,99917,100,100084,100,99916,100
2019-06-28 09:32:40.000000000,100021,246,100006,346,100050,246,100005,246,100053,200,99974,100,100059,100,99972,100,100065,100,99962,100,100066,100,99949,100,100072,100,99929,100,100078,100,99928,100,100081,100,99917,100,100084,100,99916,100
2019-06-28 09:32:41.426747778,100021,246,100006,346,100050,246,100005,246,100053,200,99974,100,100059,100,99972,100,100065,100,99962,100,100066,100,99949,100,100078,100,99929,100,100081,100,99928,100,100084,100,99917,100,100087,100,99916,100
2019-06-28 09:32:50.000000000,100021,158,100006,258,100050,158,100005,158,100053,258,99974,158,100059,158,99972,158,100065,158,99962,158,100066,100,99949,100,100078,100,99929,100,100081,100,99928,100,100084,100,99917,100,100087,100,99916,100
2019-06-28 09:33:00.000000000,100021,199,100006,299,100050,196,100005,196,100053,296,99974,196,100059,100,99972,100,100065,100,99962,100,100066,100,99949,100,100078,100,99929,100,100081,100,99928,100,100084,100,99917,100,100087,100,99916,100
2019-06-28 09:33:10.000000000,100021,199,100006,299,100050,196,100005,196,100053,296,99974,196,100059,100,99972,100,100065,100,99962,100,100066,100,99949,100,100078,100,99929,100,100081,100,99928,100,100084,100,99917,100,100087,100,99916,100
2019-06-28 09:33:10.401585635,100021,199,100006,299,100050,196,100005,196,100053,296,99974,196,100059,100,99972,100,100065,100,99962,100,100066,100,99949,100,100078,100,99929,100,100081,100,99928,100,100084,100,99917,100,100087,100,99916,100
2019-06-28 09:33:20.000000000,100021,246,100006,346,100050,246,100005,246,100053,200,99974,100,100059,100,99972,100,100065,100,99962,100,100066,100,99949,100,100078,100,99929,100,100081,100,99928,100,100084,100,99917,100,100087,100,99916,100
2019-06-28 09:33:30.000000000,100021,173,100006,273,100050,173,100005,173,100053,273,99974,173,100059,173,99972,173,100065,100,99962,100,100066,100,99949,100,100078,100,99929,100,100081,100,99928,100,100084,100,99917,100,100087,100,99916,100
2019-06-28 09:33:31.958558693,100021,173,100006,273,100050,173,100005,173,100053,273,99974,173,100059,173,99972,173,100065,100,99962,100,100066,100,99949,100,100078,100,99929,100,100081,100,99928,100,100084,100,99917,100,100087,100,99916,100
2019-06-28 09:33:40.000000000,100021,199,100006,299,100050,196,100005,196,100053,296,99974,196,100059,100,99972,100,100065,100,99962,100,100066,100,99949,100,100078,100,99929,100,100081,100,99928,100,100084,100,99917,100,100087,100,99916,100
2019-06-28 09:33:50.000000000,100021,391,100006,491,100050,100,100005,100,100053,200,99974,100,100059,100,99972,100,100065,100,99962,100,100066,100,99949,100,100078,100,99929,100,100081,100,99928,100,100084,100,99917,100,100087,100,99916,100
2019-06-28 09:33:59.071299124,100021,391,100006,391,100050,100,100005,100,100053,200,99974,100,100059,100,99972,100,100065,100,99962,100,100066,100,99949,100,100078,100,99929,100,100081,100,99928,100,100084,100,99917,100,100087,100,99915,100
2019-06-28 09:34:00.000000000,100021,158,100006,158,100050,158,100005,158,100053,258,99974,158,100059,158,99972,158,100065,158,99962,158,100066,100,99949,100,100078,100,99929,100,100081,100,99928,100,100084,100,99917,100,100087,100,99915,100
2019-06-28 09:34:10.000000000,100021,246,100006,246,100050,246,100005,246,100053,200,99974,100,100059,100,99972,100,100065,100,99962,100,100066,100,99949,100,100078,100,99929,100,100081,100,99928,100,100084,100,99917,100,100087,100,99915,100
2019-06-28 09:34:15.500830871,100021,246,100006,146,100050,246,100005,246,100053,200,99974,100,100059,100,99972,100,100065,100,99962,100,100066,100,99949,100,100078,100,99929,100,100081,100,99917,100,100084,100,99915,100,100087,100,99914,100
2019-06-28 09:34:20.000000000,100021,391,100005,391,100050,100,99974,100,100053,200,99972,100,100059,100,99962,100,100065,100,99949,100,100066,100,99929,100,100078,100,99917,100,100081,100,99915,100,100084,100,99914,100,100087,100,99911,100
2019-06-28 09:34:30.000000000,100021,173,100005,173,100050,173,99974,173,100053,273,99972,173,100059,173,99962,173,100065,100,99949,100,100066,100,99929,100,100078,100,99917,100,100081,100,99915,100,100084,100,99914,100,100087,100,99911,100
2019-06-28 09:34:30.204214391,100007,100,100005,173,100021,173,99974,173,100050,173,99972,173,100053,273,99962,173,100059,173,99949,100,100065,100,99929,100,100066,100,99917,100,100078,100,99915,100,100081,100,99914,100,100084,100,99911,100
2019-06-28 09:34:40.000000000,100007,199,100005,199,100021,196,99974,196,100050,196,99972,196,100053,200,99962,100,100059,100,99949,100,100065,100,99929,100,100066,100,99917,100,100078,100,99915,100,100081,100,99914,100,100084,100,99911,100
2019-06-28 09:34:50.000000000,100007,199,100005,199,100021,196,99974,196,100050,196,99972,196,100053,200,99962,100,100059,100,99949,100,100065,100,99929,100,100066,100,99917,100,100078,100,99915,100,100081,100,99914,100,100084,100,99911,100
2019-06-28 09:35:00.000000000,100007,391,100005,391,100021,100,99974,100,100050,100,99972,100,100053,200,99962,100,100059,100,99949,100,100065,100,99929,100,100066,100,99917,100,100078,100,99915,100,100081,100,99914,100,100084,100,99911,100
2019-06-28 09:35:10.000000000,100007,246,100005,246,100021,246,99974,246,100050,100,99972,100,100053,200,99962,100,100059,100,99949,100,100065,100,99929,100,100066,100,99917,100,100078,100,99915,100,100081,100,99914,100,100084,100,99911,100
2019-06-28 09:35:20.000000000,100007,158,100005,158,100021,158,99974,158,100050,158,99972,158,100053,258,99962,158,100059,158,99949,158,100065,100,99929,100,100066,100,99917,100,100078,100,99915,100,100081,100,99914,100,100084,100,99911,100
2019-06-28 09:35:27.063458287,100007,158,100005,158,100021,158,99974,158,100050,158,99972,158,100053,258,99962,158,100059,158,99949,158,100065,100,99929,100,100066,100,99928,100,100078,100,99917,100,100081,100,99915,100,100084,100,99914,100
2019-06-28 09:35:30.000000000,100007,391,100005,391,100021,100,99974,100,100050,100,99972,100,100053,200,99962,100,100059,100,99949,100,100065,100,99929,100,100066,100,99928,100,100078,100,99917,100,100081,100,99915,100,100084,100,99914,100
2019-06-28 09:35:40.000000000,100007,246,100005,246,100021,246,99974,246,100050,100,99972,100,100053,200,99962,100,100059,100,99949,100,100065,100,99929,100,100066,100,99928,100,100078,100,99917,100,100081,100,99915,100,100084,100,99914,100
2019-06-28 09:35:46.993229977,100007,246,100005,246,100021,246,99974,246,100050,100,99972,100,100053,200,99962,100,100059,100,99949,100,100065,100,99929,100,100066,100,99928,100,100078,100,99917,100,100081,100,99915,100,100091,100,99914,100
2019-06-28 09:35:48.757308700,100007,246,100005,246,100021,246,99974,246,100050,100,99972,100,100053,200,99962,100,100059,100,99949,100,100065,100,99929,100,100066,100,99928,100,100078,100,99917,100,100081,100,99915,100,100091,100,99914,100
2019-06-28 09:35:50.000000000,100007,246,100005,246,100021,246,99974,246,100050,100,99972,100,100053,200,99962,100,100059,100,99949,100,100065,100,99929,100,100066,100,99928,100,100078,100,99917,100,100081,100,99915,100,100091,100,99914,100
2019-06-28 09:35:51.160792612,100007,246,100005,246,100021,246,99974,246,100050,100,99972,100,100053,200,99962,100,100059,100,99949,100,100065,100,99929,100,100078,100,99928,100,100081,100,99917,100,100091,100,99915,100,100104,200,99914,100
2019-06-28 09:35:53.060031783,100006,100,100005,246,100007,246,99974,246,100021,246,99972,100,100050,100,99962,100,100053,100,99949,100,100059,100,99929,100,100065,100,99928,100,100078,100,99917,100,100081,100,99915,100,100091,100,99914,100
2019-06-28 09:36:00.000000000,100006,199,100005,199,100007,196,99974,196,100021,196,99972,196,100050,100,99962,100,100053,100,99949,100,100059,100,99929,100,100065,100,99928,100,100078,100,99917,100,100081,100,99915,100,100091,100,99914,100
2019-06-28 09:36:10.000000000,100006,246,100005,246,100007,246,99974,246,100021,100,99972,100,100050,100,99962,100,100053,100,99949,100,100059,100,99929,100,100065,100,99928,100,100078,100,99917,100,100081,100,99915,100,100091,100,99914,100
2019-06-28 09:36:10.000951024,100006,146,100005,246,100007,246,99974,246,100021,100,99972,100,100050,100,99962,100,100053,100,99949,100,100059,100,99929,100,100065,100,99928,100,100078,100,99917,100,100081,100,99915,100,100091,100,99914,100
2019-06-28 09:36:14.626908192,100006,146,100005,246,100007,246,99974,246,100021,100,99962,100,100050,100,99949,100,100053,100,99929,100,100059,100,99928,100,100065,100,99917,100,100078,100,99915,100,100081,100,99914,100,100091,100,99911,100
2019-06-28 09:36:20.000000000,100007,173,100005,173,100021,173,99974,173,100050,173,99962,173,100053,173,99949,173,100059,100,99929,100,100065,100,99928,100,100078,100,99917,100,100081,100,99915,100,100091,100,99914,100,100104,200,99911,100
2019-06-28 09:36:30.000000000,100007,246,100005,246,100021,246,99974,246,100050,100,99962,100,100053,100,99949,100,100059,100,99929,100,100065,100,99928,100,100078,100,99917,100,100081,100,99915,100,100091,100,99914,100,100104,200,99911,100
2019-06-28 09:36:39.630100009,100007,246,100005,146,100021,246,99974,246,100050,100,99962,100,100053,100,99949,100,100059,100,99929,100,100065,100,99928,100,100078,100,99917,100,100081,100,99915,100,100091,100,99914,100,100104,200,99911,100
2019-06-28 09:36:40.000000000,100007,391,99974,391,100021,100,99962,100,100050,100,99949,100,100053,100,99929,100,100059,100,99928,100,100065,100,99917,100,100078,100,99915,100,100081,100,99914,100,100091,100,99911,100,100104,200,99909,100
2019-06-28 09:36:49.048926836,100007,491,99974,391,100021,100,99962,100,100050,100,99949,100,100053,100,99929,100,100059,100,99928,100,100065,100,99917,100,100078,100,99915,100,100091,100,99914,100,100104,200,99911,100,100113,100,99909,100
2019-06-28 09:36:50.000000000,100007,346,99974,246,100021,246,99962,246,100050,100,99949,100,100053,100,99929,100,100059,100,99928,100,100065,100,99917,100,100078,100,99915,100,100091,100,99914,100,100104,200,99911,100,100113,100,99909,100
2019-06-28 09:37:00.000000000,100007,273,99974,173,100021,173,99962,173,100050,173,99949,173,100053,173,99929,173,100059,100,99928,100,100065,100,99917,100,100078,100,99915,100,100091,100,99914,100,100104,200,99911,100,100113,100,99909,100
2019-06-28 09:37:10.000000000,100007,299,99974,199,100021,196,99962,196,100050,196,99949,196,100053,100,99929,100,100059,100,99928,100,100065,100,99917,100,100078,100,99915,100,100091,100,99914,100,100104,200,99911,100,100113,100,99909,100
2019-06-28 09:37:20.000000000,100007,346,99974,246,100021,246,99962,246,100050,100,99949,100,100053,100,99929,100,100059,100,99928,100,100065,100,99917,100,100078,100,99915,100,100091,100,99914,100,100104,200,99911,100,100113,100,99909,100
2019-06-28 09:37:22.561037176,100007,346,99974,246,100021,246,99962,246,100050,100,99949,100,100053,100,99929,100,100059,100,99928,100,100065,100,99917,100,100078,100,99915,100,100091,100,99914,100,100104,200,99911,100,100113,100,99909,100
2019-06-28 09:37:30.000000000,100007,491,99974,391,100021,100,99962,100,100050,100,99949,100,100053,100,99929,100,100059,100,99928,100,100065,100,99917,100,100078,100,99915,100,100091,100,99914,100,100104,200,99911,100,100113,100,99909,100
2019-06-28 09:37:40.000000000,100007,299,99974,199,100021,196,99962,196,100050,196,99949,196,100053,100,99929,100,100059,100,99928,100,100065,100,99917,100,100078,100,99915,100,100091,100,99914,100,100104,200,99911,100,100113,100,99909,100
2019-06-28 09:37:43.704000074,100007,299,99974,199,100021,196,99962,196,100050,196,99949,196,100053,100,99929,100,100059,100,99928,100,100065,100,99917,100,100078,100,99915,100,100091,100,99914,100,100104,200,99911,100,100113,100,99909,100
2019-06-28 09:37:44.422009518,100007,299,99974,99,100021,196,99962,196,100050,196,99949,196,100053,100,99929,100,100059,100,99928,100,100065,100,99917,100,100078,100,99915,100,100091,100,99914,100,100104,200,99911,100,100113,100,99909,100
2019-06-28 09:37:50.000000000,100007,299,99962,199,100021,196,99949,196,100050,196,99929,196,100053,100,99928,100,100059,100,99917,100,100065,100,99915,100,100078,100,99914,100,100091,100,99911,100,100104,200,99909,100,100113,100,99890,100
2019-06-28 09:38:00.000000000,100007,299,99962,199,100021,196,99949,196,100050,196,99929,196,100053,100,99928,100,100059,100,99917,100,100065,100,99915,100,100078,100,99914,100,100091,100,99911,100,100104,200,99909,100,100113,100,99890,100
2019-06-28 09:38:06.138873230,100005,100,99962,199,100007,299,99949,196,100021,196,99929,196,100050,196,99928,100,100053,100,99917,100,100059,100,99915,100,100065,100,99914,100,100078,100,99911,100,100091,100,99909,100,100104,200,99890,100
2019-06-28 09:38:10.000000000,100005,199,99962,199,100007,296,99949,196,100021,196,99929,196,100050,100,99928,100,100053,100,99917,100,100059,100,99915,100,100065,100,99914,100,100078,100,99911,100,100091,100,99909,100,100104,200,99890,100
2019-06-28 09:38:20.000000000,100005,246,99962,246,100007,346,99949,246,100021,100,99929,100,100050,100,99928,100,100053,100,99917,100,100059,100,99915,100,100065,100,99914,100,100078,100,99911,100,100091,100,99909,100,100104,200,99890,100
2019-06-28 09:38:26.820139450,100005,246,99962,146,100007,346,99949,246,100021,100,99929,100,100050,100,99928,100,100053,100,99917,100,100059,100,99915,100,100065,100,99914,100,100078,100,99911,100,100091,100,99909,100,100104,200,99890,100
2019-06-28 09:38:30.000000000,100005,158,99949,158,100007,258,99929,158,100021,158,99928,158,100050,158,99917,158,100053,158,99915,158,100059,100,99914,100,100065,100,99911,100,100078,100,99909,100,100091,100,99890,100,100104,200,99852,100
2019-06-28 09:38:31.483220540,100005,158,99949,158,100007,258,99929,158,100021,158,99928,158,100050,158,99917,158,100053,158,99915,158,100059,100,99914,100,100065,100,99911,100,100078,100,99909,100,100091,100,99890,100,100104,200,99852,100
2019-06-28 09:38:36.137299261,99974,100,99949,158,100005,158,99929,158,100007,258,99928,158,100021,158,99917,158,100050,158,99915,158,100053,58,99914,100,100059,100,99911,100,100065,100,99909,100,100078,100,99890,100,100091,100,99852,100
2019-06-28 09:38:40.000000000,99974,158,99949,158,100005,158,99929,158,100007,258,99928,158,100021,158,99917,158,100050,158,99915,158,100059,100,99914,100,100065,100,99911,100,100078,100,99909,100,100091,100,99890,100,100104,200,99852,100
2019-06-28 09:38:42.513546103,99974,158,99949,158,100005,158,99929,158,100007,258,99928,158,100021,158,99917,158,100050,158,99915,158,100059,100,99914,100,100065,100,99911,100,100078,100,99909,100,100091,100,99890,100,100104,200,99852,100
2019-06-28 09:38:49.565330156,99974,158,99949,158,100005,158,99929,158,100007,258,99928,158,100021,158,99917,158,100050,58,99915,158,100059,100,99914,100,100065,100,99911,100,100078,100,99909,100,100091,100,99890,100,100104,200,99852,100
2019-06-28 09:38:50.000000000,99974,173,99949,173,100005,173,99929,173,100007,273,99928,173,100021,173,99917,173,100059,100,99915,100,100065,100,99914,100,100078,100,99911,100,100091,100,99909,100,100104,200,99890,100,100113,100,99852,100
2019-06-28 09:38:50.165454787,99974,173,99949,73,100005,173,99929,173,100007,273,99928,173,100021,173,99917,173,100059,100,99915,100,100065,100,99914,100,100078,100,99911,100,100091,100,99909,100,100104,200,99890,100,100113,100,99852,100
2019-06-28 09:38:50.200479486,99949,27,99929,173,99974,173,99928,173,100005,173,99917,173,100007,273,99915,100,100021,173,99914,100,100059,100,99911,100,100065,100,99890,100,100078,100,99852,100,100091,100,99824,100,100104,200,99816,100
2019-06-28 09:39:00.000000000,99949,100,99929,173,99974,173,99928,173,100005,173,99917,173,100007,273,99915,173,100021,100,99914,100,100059,100,99911,100,100065,100,99890,100,100078,100,99852,100,100091,100,99824,100,100104,200,99816,100
2019-06-28 09:39:01.329506397,99949,100,99929,73,99974,173,99928,173,100005,173,99917,173,100007,273,99915,173,100021,100,99914,100,100059,100,99911,100,100065,100,99890,100,100078,100,99852,100,100091,100,99824,100,100104,200,99816,100
2019-06-28 09:39:03.033358515,99949,100,99929,73,99974,173,99928,173,100005,173,99917,173,100007,273,99915,173,100021,100,99914,100,100059,100,99911,100,100065,100,99890,100,100078,100,99852,100,100091,100,99824,100,100104,200,99816,100
2019-06-28 09:39:06.892027708,99949,100,99929,73,99974,173,99928,73,100005,173,99917,173,100007,273,99915,173,100021,100,99914,100,100059,100,99911,100,100065,100,99890,100,100078,100,99852,100,100091,100,99824,100,100104,200,99816,100
2019-06-28 09:39:10.000000000,99949,173,99917,246,99974,246,99915,246,100005,100,99914,100,100007,200,99911,100,100021,100,99890,100,100059,100,99852,100,100065,100,99824,100,100078,100,99816,100,100091,100,99775,100,100104,200,99762,100
2019-06-28 09:39:13.911983730,99949,173,99917,146,99974,246,99915,246,100005,100,99914,100,100007,200,99911,100,100021,100,99890,100,100059,100,99852,100,100065,100,99824,100,100078,100,99816,100,100091,100,99775,100,100104,200,99762,100
2019-06-28 09:39:20.000000000,99949,126,99915,199,99974,196,99914,196,100005,196,99911,196,100007,200,99890,100,100021,100,99852,100,100059,100,99824,100,100065,100,99816,100,100078,100,99775,100,100091,100,99762,100,100104,200,99751,100
2019-06-28 09:39:23.369323892,99949,126,99915,99,99974,196,99914,196,100005,196,99911,196,100007,200,99890,100,100021,100,99852,100,100059,100,99824,100,100065,100,99816,100,100078,100,99775,100,100091,100,99762,100,100104,200,99751,100
2019-06-28 09:39:29.436826955,99949,126,99915,99,99974,196,99914,196,100005,196,99911,196,100007,200,99890,100,100021,100,99852,100,100059,100,99824,100,100065,100,99816,100,100078,100,99775,100,100091,100,99762,100,100104,200,99747,100
2019-06-28 09:39:30.000000000,99949,126,99914,199,99974,196,99911,196,100005,196,99890,196,100007,200,99852,100,100021,100,99824,100,100059,100,99816,100,100065,100,99775,100,100078,100,99762,100,100091,100,99747,100,100104,200,99586,100
2019-06-28 09:39:34.853307738,99949,126,99914,99,99974,196,99911,196,100005,196,99890,196,100007,200,99852,100,100021,100,99824,100,100059,100,99816,100,100065,100,99775,100,100078,100,99762,100,100104,200,99747,100,100113,100,99586,100
2019-06-28 09:39:40.000000000,99949,85,99911,158,99974,158,99890,158,100005,158,99852,158,100007,258,99824,158,100021,158,99816,158,100059,100,99775,100,100065,100,99762,100,100078,100,99747,100,100104,200,99586,100,100113,100,99383,100
2019-06-28 09:39:50.000000000,99949,318,99911,391,99974,100,99890,100,100005,100,99852,100,100007,200,99824,100,100021,100,99816,100,100059,100,99775,100,100065,100,99762,100,100078,100,99747,100,100104,200,99586,100,100113,100,99383,100
2019-06-28 09:40:00.000000000,99949,126,99911,199,99974,196,99890,196,100005,196,99852,196,100007,200,99824,100,100021,100,99816,100,100059,100,99775,100,100065,100,99762,100,100078,100,99747,100,100104,200,99586,100,100113,100,99383,100
2019-06-28 09:40:00.706946778,99915,100,99911,199,99949,126,99890,196,99974,196,99852,196,100005,196,99824,100,100007,200,99816,100,100021,100,99775,100,100059,100,99762,100,100065,100,99747,100,100078,100,99586,100,100104,200,99383,100
2019-06-28 09:40:10.000000000,99915,246,99911,246,99949,173,99890,246,99974,100,99852,100,100005,100,99824,100,100007,200,99816,100,100021,100,99775,100,100059,100,99762,100,100065,100,99747,100,100078,100,99586,100,100104,200,99383,100
2019-06-28 09:40:20.000000000,99915,391,99911,391,99949,27,99890,100,99974,100,99852,100,100005,100,99824,100,100007,200,99816,100,100021,100,99775,100,100059,100,99762,100,100065,100,99747,100,100078,100,99586,100,100104,200,99383,100
2019-06-28 09:40:30.000000000,99915,199,99911,199,99949,123,99890,196,99974,196,99852,196,100005,100,99824,100,100007,200,99816,100,100021,100,99775,100,100059,100,99762,100,100065,100,99747,100,100078,100,99586,100,100104,200,99383,100
2019-06-28 09:40:40.000000000,99915,173,99911,173,99949,100,99890,173,99974,173,99852,173,100005,173,99824,173,100007,200,99816,100,100021,100,99775,100,100059,100,99762,100,100065,100,99747,100,100078,100,99586,100,100104,200,99383,100
2019-06-28 09:40:40.421137025,99915,73,99911,173,99949,100,99890,173,99974,173,99852,173,100005,173,99824,173,100007,200,99816,100,100021,100,99775,100,100059,100,99762,100,100065,100,99747,100,100078,100,99586,100,100104,200,99383,100
2019-06-28 09:40:50.000000000,99949,173,99911,246,99974,246,99890,246,100005,100,99852,100,100007,200,99824,100,100021,100,99816,100,100059,100,99775,100,100065,100,99762,100,100078,100,99747,100,100104,200,99586,100,100113,100,99383,100
2019-06-28 09:40:54.112973172,99949,173,99911,246,99974,246,99890,246,100005,100,99852,100,100007,200,99824,100,100021,100,99816,100,100059,100,99775,100,100065,100,99762,100,100078,100,99747,100,100104,200,99586,100,100113,100,99383,100
2019-06-28 09:40:57.094418234,99949,173,99911,46,99974,246,99890,246,100005,100,99852,100,100007,200,99824,100,100021,100,99816,100,100059,100,99775,100,100065,100,99762,100,100078,100,99747,100,100104,200,99586,100,100113,100,99383,100
2019-06-28 09:41:00.000000000,99949,85,99890,158,99974,158,99852,158,100005,158,99824,158,100007,258,99816,158,100021,158,99775,158,100059,100,99762,100,100065,100,99747,100,100078,100,99586,100,100104,200,99383,100,100113,100,99321,100
2019-06-28 09:41:07.851325544,99949,85,99890,158,99974,158,99852,158,100005,158,99824,158,100007,258,99816,158,100021,158,99775,158,100059,100,99762,100,100065,100,99747,100,100078,100,99586,100,100104,200,99383,100,100113,100,99321,100
2019-06-28 09:41:10.000000000,99949,318,99890,391,99974,100,99852,100,100005,100,99824,100,100007,200,99816,100,100021,100,99775,100,100059,100,99762,100,100065,100,99747,100,100078,100,99586,100,100104,200,99383,100,100113,100,99321,100
2019-06-28 09:41:20.000000000,99949,126,99890,199,99974,196,99852,196,100005,196,99824,196,100007,200,99816,100,100021,100,99775,100,100059,100,99762,100,100065,100,99747,100,100078,100,99586,100,100104,200,99383,100,100113,100,99321,100
2019-06-28 09:41:30.000000000,99949,85,99890,158,99974,158,99852,158,100005,158,99824,158,100007,258,99816,158,100021,158,99775,158,100059,100,99762,100,100065,100,99747,100,100078,100,99586,100,100104,200,99383,100,100113,100,99321,100
2019-06-28 09:41:32.050333818,99949,85,99890,58,99974,158,99852,158,100005,158,99824,158,100007,158,99816,158,100021,158,99775,158,100059,100,99762,100,100065,100,99747,100,100078,100,99586,100,100104,200,99383,100,100113,100,99321,100
2019-06-28 09:41:40.000000000,99949,126,99852,199,99974,196,99824,196,100005,196,99816,196,100007,100,99775,100,100021,100,99762,100,100059,100,99747,100,100065,100,99586,100,100078,100,99383,100,100104,200,99321,100,100113,100,99296,100
2019-06-28 09:41:42.176556058,99911,100,99852,199,99949,126,99824,196,99974,196,99816,196,100005,196,99775,100,100007,100,99762,100,100021,100,99747,100,100059,100,99586,100,100065,100,99383,100,100078,100,99321,100,100104,200,99296,100
2019-06-28 09:41:50.000000000,99911,158,99852,158,99949,85,99824,158,99974,158,99816,158,100005,158,99775,158,100007,158,99762,158,100021,100,99747,100,100059,100,99586,100,100065,100,99383,100,100078,100,99321,100,100104,200,99296,100
2019-06-28 09:41:58.268492018,99911,158,99852,58,99949,85,99824,158,99974,158,99816,158,100005,158,99775,158,100007,158,99762,158,100021,100,99747,100,100059,100,99586,100,100065,100,99383,100,100078,100,99321,100,100104,200,99296,100
2019-06-28 09:42:00.000000000,99911,199,99824,199,99949,123,99816,196,99974,196,99775,196,100005,100,99762,100,100007,100,99747,100,100021,100,99586,100,100059,100,99383,100,100065,100,99321,100,100078,100,99296,100,100104,200,99193,100
2019-06-28 09:42:08.102232084,99911,199,99824,99,99949,123,99816,196,99974,196,99775,196,100005,100,99762,100,100007,100,99747,100,100021,100,99586,100,100059,100,99383,100,100065,100,99321,100,100078,100,99296,100,100104,200,99193,100
2019-06-28 09:42:10.000000000,99911,246,99816,246,99949,173,99775,246,99974,100,99762,100,100005,100,99747,100,100007,100,99586,100,100021,100,99383,100,100059,100,99321,100,100065,100,99296,100,100078,100,99193,100,100104,200,99053,100
2019-06-28 09:42:20.000000000,99911,173,99816,173,99949,100,99775,173,99974,173,99762,173,100005,173,99747,173,100007,100,99586,100,100021,100,99383,100,100059,100,99321,100,100065,100,99296,100,100078,100,99193,100,100104,200,99053,100
2019-06-28 09:42:30.000000000,99911,246,99816,246,99949,173,99775,246,99974,100,99762,100,100005,100,99747,100,100007,100,99586,100,100021,100,99383,100,100059,100,99321,100,100065,100,99296,100,100078,100,99193,100,100104,200,99053,100
2019-06-28 09:42:40.000000000,99911,158,99816,158,99949,85,99775,158,99974,158,99762,158,100005,158,99747,158,100007,158,99586,158,100021,100,99383,100,100059,100,99321,100,100065,100,99296,100,100078,100,99193,100,100104,200,99053,100
2019-06-28 09:42:48.813888307,99911,158,99816,158,99949,85,99775,158,99974,158,99762,158,100005,158,99747,158,100007,158,99586,158,100021,100,99383,100,100059,100,99321,100,100065,100,99296,100,100078,100,99193,100,100104,200,99064,100
2019-06-28 09:42:50.000000000,99911,173,99816,173,99949,100,99775,173,99974,173,99762,173,100005,173,99747,173,100007,100,99586,100,100021,100,99383,100,100059,100,99321,100,100065,100,99296,100,100078,100,99193,100,100104,200,99064,100
2019-06-28 09:42:58.133962976,99911,173,99816,173,99949,100,99775,173,99974,173,99762,173,100005,173,99747,173,100007,100,99586,100,100021,100,99383,100,100059,100,99321,100,100065,100,99296,100,100078,100,99193,100,100104,200,99064,100
2019-06-28 09:42:58.518611984,99911,173,99816,73,99949,100,99775,173,99974,173,99762,173,100005,173,99747,173,100007,100,99586,100,100021,100,99383,100,100059,100,99296,100,100065,100,99193,100,100078,100,99064,100,100104,200,99053,100
2019-06-28 09:43:00.000000000,99911,391,99775,391,99949,27,99762,100,99974,100,99747,100,100005,100,99586,100,100007,100,99383,100,100021,100,99296,100,100059,100,99193,100,100065,100,99064,100,100078,100,99053,100,100104,200,99035,100
2019-06-28 09:43:10.000000000,99911,158,99775,158,99949,85,99762,158,99974,158,99747,158,100005,158,99586,158,100007,158,99383,158,100021,100,99296,100,100059,100,99193,100,100065,100,99064,100,100078,100,99053,100,100104,200,99035,100
2019-06-28 09:43:16.567383250,99824,100,99775,158,99911,158,99762,158,99949,85,99747,158,99974,158,99586,158,100005,158,99383,158,100007,158,99296,100,100021,100,99193,100,100059,100,99064,100,100065,100,99053,100,100078,100,99035,100
2019-06-28 09:43:20.000000000,99824,199,99775,199,99911,196,99762,196,99949,123,99747,196,99974,100,99586,100,100005,100,99383,100,100007,100,99296,100,100021,100,99193,100,100059,100,99064,100,100065,100,99053,100,100078,100,99035,100
2019-06-28 09:43:25.437659108,99824,299,99775,199,99911,196,99762,196,99949,123,99747,196,99974,100,99586,100,100005,100,99383,100,100007,100,99296,100,100021,100,99193,100,100059,100,99064,100,100065,100,99053,100,100078,100,99035,100
2019-06-28 09:43:30.000000000,99824,273,99775,173,99911,173,99762,173,99949,100,99747,173,99974,173,99586,173,100005,100,99383,100,100007,100,99296,100,100021,100,99193,100,100059,100,99064,100,100065,100,99053,100,100078,100,99035,100
2019-06-28 09:43:34.510084180,99824,273,99775,173,99911,173,99762,173,99949,100,99747,173,99974,173,99586,173,100005,100,99296,100,100007,100,99193,100,100021,100,99064,100,100059,100,99053,100,100065,100,99035,100,100078,100,98953,100
2019-06-28 09:43:40.000000000,99824,346,99775,246,99911,246,99762,246,99949,27,99747,100,99974,100,99586,100,100005,100,99296,100,100007,100,99193,100,100021,100,99064,100,100059,100,99053,100,100065,100,99035,100,100078,100,98953,100
2019-06-28 09:43:46.647381731,99824,346,99775,246,99911,246,99762,246,99949,27,99747,100,99974,100,99586,100,100005,100,99296,100,100007,100,99193,100,100021,100,99064,100,100059,100,99053,100,100065,100,99035,100,100078,100,98953,100
2019-06-28 09:43:50.000000000,99824,346,99775,246,99911,246,99762,246,99949,27,99747,100,99974,100,99586,100,100005,100,99296,100,100007,100,99193,100,100021,100,99064,100,100059,100,99053,100,100065,100,99035,100,100078,100,98953,100
2019-06-28 09:44:00.000000000,99824,299,99775,199,99911,196,99762,196,99949,123,99747,196,99974,100,99586,100,100005,100,99296,100,100007,100,99193,100,100021,100,99064,100,100059,100,99053,100,100065,100,99035,100,100078,100,98953,100
2019-06-28 09:44:10.000000000,99824,258,99775,158,99911,158,99762,158,99949,85,99747,158,99974,158,99586,158,100005,158,99296,158,100007,100,99193,100,100021,100,99064,100,100059,100,99053,100,100065,100,99035,100,100078,100,98953,100
2019-06-28 09:44:18.364925630,99824,258,99775,58,99911,158,99762,158,99949,85,99747,158,99974,158,99586,158,100005,158,99296,158,100007,100,99193,100,100021,100,99064,100,100059,100,99053,100,100065,100,99035,100,100078,100,98953,100
2019-06-28 09:44:20.000000000,99824,346,99762,246,99911,246,99747,246,99949,27,99586,100,99974,100,99296,100,100005,100,99193,100,100007,100,99064,100,100021,100,99053,100,100059,100,99035,100,100065,100,98953,100,100078,100,98946,100
2019-06-28 09:44:22.950370641,99824,346,99762,246,99911,246,99747,246,99949,27,99586,100,99974,100,99296,100,100005,100,99193,100,100007,100,99064,100,100021,100,99053,100,100059,100,99035,100,100065,100,98953,100,100078,100,98946,100
2019-06-28 09:44:30.000000000,99824,491,99762,391,99911,100,99747,100,99949,27,99586,100,99974,100,99296,100,100005,100,99193,100,100007,100,99064,100,100021,100,99053,100,100059,100,99035,100,100065,100,98953,100,100078,100,98946,100
2019-06-28 09:44:40.000000000,99824,299,99762,199,99911,196,99747,196,99949,123,99586,196,99974,100,99296,100,100005,100,99193,100,100007,100,99064,100,100021,100,99053,100,100059,100,99035,100,100065,100,98953,100,100078,100,98946,100
2019-06-28 09:44:50.000000000,99824,346,99762,246,99911,246,99747,246,99949,27,99586,100,99974,100,99296,100,100005,100,99193,100,100007,100,99064,100,100021,100,99053,100,100059,100,99035,100,100065,100,98953,100,100078,100,98946,100
2019-06-28 09:44:54.290466183,99824,346,99762,246,99911,246,99747,246,99949,27,99586,100,99974,100,99296,100,100005,100,99193,100,100007,100,99064,100,100021,100,99053,100,100059,100,99035,100,100065,100,98953,100,100078,100,98946,100
2019-06-28 09:44:56.314522240,99824,346,99762,146,99911,246,99747,246,99949,27,99586,100,99974,100,99296,100,100005,100,99193,100,100007,100,99064,100,100021,100,99053,100,100059,100,99035,100,100065,100,98953,100,100078,100,98946,100
2019-06-28 09:44:57.303179998,99824,346,99762,46,99911,246,99747,246,99949,27,99586,100,99974,100,99296,100,100005,100,99193,100,100007,100,99064,100,100021,100,99053,100,100059,100,99035,100,100065,100,98946,100,100078,100,98880,100
2019-06-28 09:45:00.000000000,99824,491,99747,391,99911,100,99586,100,99949,27,99296,100,99974,100,99193,100,100005,100,99064,100,100007,100,99053,100,100021,100,99035,100,100059,100,98946,100,100065,100,98880,100,100078,100,98819,100
2019-06-28 09:45:10.000000000,99824,346,99747,246,99911,246,99586,246,99949,27,99296,100,99974,100,99193,100,100005,100,99064,100,100007,100,99053,100,100021,100,99035,100,100059,100,98946,100,100065,100,98880,100,100078,100,98819,100
2019-06-28 09:45:10.827893280,99824,346,99747,246,99911,246,99586,246,99949,27,99296,100,99974,100,99193,100,100005,100,99064,100,100007,100,99053,100,100021,100,99035,100,100059,100,98946,100,100065,100,98880,100,100078,100,98819,100
2019-06-28 09:45:11.228675916,99762,100,99747,246,99824,246,99586,246,99911,246,99296,100,99949,27,99193,100,99974,100,99064,100,100005,100,99053,100,100007,100,99035,100,100021,100,98946,100,100059,100,98880,100,100065,100,98819,100
2019-06-28 09:45:20.000000000,99762,391,99747,391,99824,100,99586,100,99911,100,99296,100,99949,27,99193,100,99974,100,99064,100,100005,100,99053,100,100007,100,99035,100,100021,100,98946,100,100059,100,98880,100,100065,100,98819,100
2019-06-28 09:45:30.000000000,99762,173,99747,173,99824,173,99586,173,99911,173,99296,173,99949,100,99193,173,99974,100,99064,100,100005,100,99053,100,100007,100,99035,100,100021,100,98946,100,100059,100,98880,100,100065,100,98819,100
2019-06-28 09:45:32.830972373,99762,173,99747,73,99824,173,99586,173,99911,173,99296,73,99949,100,99193,173,99974,100,99064,100,100005,100,99053,100,100007,100,99035,100,100021,100,98946,100,100059,100,98880,100,100065,100,98819,100
2019-06-28 09:45:36.397414317,99761,100,99747,73,99762,173,99586,173,99824,173,99296,73,99911,173,99193,173,99949,100,99064,100,99974,100,99053,100,100005,100,99035,100,100007,100,98946,100,100021,100,98880,100,100059,100,98819,100
2019-06-28 09:45:40.000000000,99761,246,99586,246,99762,246,99193,246,99824,100,99064,100,99911,100,99053,100,99949,27,99035,100,99974,100,98946,100,100005,100,98880,100,100007,100,98819,100,100021,100,98796,100,100059,100,98670,100
2019-06-28 09:45:43.970632987,99761,346,99586,246,99762,246,99193,246,99824,100,99064,100,99911,100,99053,100,99949,27,99035,100,99974,100,98946,100,100005,100,98880,100,100007,100,98819,100,100021,100,98796,100,100059,100,98670,100
2019-06-28 09:45:50.000000000,99761,258,99586,158,99762,158,99193,158,99824,158,99064,158,99911,158,99053,158,99949,85,99035,158,99974,100,98946,100,100005,100,98880,100,100007,100,98819,100,100021,100,98796,100,100059,100,98670,100
2019-06-28 09:46:00.000000000,99761,346,99586,246,99762,246,99193,246,99824,100,99064,100,99911,100,99053,100,99949,27,99035,100,99974,100,98946,100,100005,100,98880,100,100007,100,98819,100,100021,100,98796,100,100059,100,98670,100
2019-06-28 09:46:02.645189956,99761,446,99586,246,99762,246,99193,246,99824,100,99064,100,99911,100,99053,100,99949,27,99035,100,99974,100,98946,100,100005,100,98880,100,100007,100,98819,100,100021,100,98796,100,100059,100,98670,100
2019-06-28 09:46:05.087011462,99761,546,99586,246,99762,246,99193,246,99824,100,99064,100,99911,100,99053,100,99949,27,99035,100,99974,100,98946,100,100005,100,98880,100,100007,100,98819,100,100021,100,98796,100,100059,100,98670,100
2019-06-28 09:46:10.000000000,99761,691,99586,391,99762,100,99193,100,99824,100,99064,100,99911,100,99053,100,99949,27,99035,100,99974,100,98946,100,100005,100,98880,100,100007,100,98819,100,100021,100,98796,100,100059,100,98670,100
2019-06-28 09:46:17.472006771,99761,791,99586,391,99762,100,99193,100,99824,100,99064,100,99911,100,99053,100,99949,27,99035,100,99974,100,98946,100,100005,100,98880,100,100007,100,98819,100,100021,100,98796,100,100059,100,98670,100
2019-06-28 09:46:20.000000000,99761,599,99586,199,99762,196,99193,196,99824,196,99064,196,99911,100,99053,100,99949,27,99035,100,99974,100,98946,100,100005,100,98880,100,100007,100,98819,100,100021,100,98796,100,100059,100,98670,100
2019-06-28 09:46:26.673258207,99761,599,99586,199,99762,196,99193,196,99824,196,99064,196,99911,100,99053,100,99949,27,99035,100,99974,100,98946,100,100005,100,98880,100,100007,100,98819,100,100021,100,98800,100,100059,100,98796,100
2019-06-28 09:46:27.445375047,99761,699,99586,199,99762,196,99193,196,99824,196,99064,196,99911,100,99053,100,99949,27,99035,100,99974,100,98946,100,100005,100,98880,100,100007,100,98819,100,100021,100,98800,100,100059,100,98796,100
2019-06-28 09:46:30.000000000,99761,673,99586,173,99762,173,99193,173,99824,173,99064,173,99911,173,99053,173,99949,27,99035,100,99974,100,98946,100,100005,100,98880,100,100007,100,98819,100,100021,100,98800,100,100059,100,98796,100
2019-06-28 09:46:33.302224303,99761,673,99586,173,99762,173,99193,173,99824,173,99064,173,99911,173,99053,173,99949,27,99035,100,99974,100,98946,100,100005,100,98916,100,100007,100,98880,100,100021,100,98819,100,100059,100,98800,100
2019-06-28 09:46:40.000000000,99761,673,99586,173,99762,173,99193,173,99824,173,99064,173,99911,173,99053,173,99949,27,99035,100,99974,100,98946,100,100005,100,98916,100,100007,100,98880,100,100021,100,98819,100,100059,100,98800,100
2019-06-28 09:46:47.453894450,99761,673,99586,73,99762,173,99193,173,99824,173,99064,173,99911,173,99053,173,99949,27,99035,100,99974,100,98946,100,100005,100,98916,100,100007,100,98880,100,100021,100,98819,100,100059,100,98800,100
2019-06-28 09:46:50.000000000,99761,699,99193,199,99762,196,99064,196,99824,196,99053,196,99911,100,99035,100,99949,27,98946,100,99974,100,98916,100,100005,100,98880,100,100007,100,98819,100,100021,100,98800,100,100059,100,98796,100
2019-06-28 09:46:57.270091595,99761,699,99193,99,99762,196,99064,196,99824,196,99053,196,99911,100,99035,100,99949,27,98946,100,99974,100,98916,100,100005,100,98880,100,100007,100,98819,100,100021,100,98800,100,100059,100,98796,100
2019-06-28 09:47:00.000000000,99761,658,99064,158,99762,158,99053,158,99824,158,99035,158,99911,158,98946,158,99949,85,98916,158,99974,100,98880,100,100005,100,98819,100,100007,100,98800,100,100021,100,98796,100,100059,100,98670,100
2019-06-28 09:47:10.000000000,99761,658,99064,158,99762,158,99053,158,99824,158,99035,158,99911,158,98946,158,99949,85,98916,158,99974,100,98880,100,100005,100,98819,100,100007,100,98800,100,100021,100,98796,100,100059,100,98670,100
2019-06-28 09:47:20.000000000,99761,699,99064,199,99762,196,99053,196,99824,196,99035,196,99911,100,98946,100,99949,27,98916,100,99974,100,98880,100,100005,100,98819,100,100007,100,98800,100,100021,100,98796,100,100059,100,98670,100
2019-06-28 09:47:30.000000000,99761,658,99064,158,99762,158,99053,158,99824,158,99035,158,99911,158,98946,158,99949,85,98916,158,99974,100,98880,100,100005,100,98819,100,100007,100,98800,100,100021,100,98796,100,100059,100,98670,100
2019-06-28 09:47:40.000000000,99761,658,99064,158,99762,158,99053,158,99824,158,99035,158,99911,158,98946,158,99949,85,98916,158,99974,100,98880,100,100005,100,98819,100,100007,100,98800,100,100021,100,98796,100,100059,100,98670,100
2019-06-28 09:47:41.008658355,99761,658,99253,100,99762,158,99064,158,99824,158,99053,158,99911,158,99035,158,99949,85,98946,158,99974,100,98916,158,100005,100,98880,100,100007,100,98819,100,100021,100,98800,100,100059,100,98796,100
2019-06-28 09:47:50.000000000,99761,891,99253,391,99762,100,99064,100,99824,100,99053,100,99911,100,99035,100,99949,27,98946,100,99974,100,98916,100,100005,100,98880,100,100007,100,98819,100,100021,100,98800,100,100059,100,98796,100
2019-06-28 09:48:00.000000000,99761,746,99253,246,99762,246,99064,246,99824,100,99053,100,99911,100,99035,100,99949,27,98946,100,99974,100,98916,100,100005,100,98880,100,100007,100,98819,100,100021,100,98800,100,100059,100,98796,100
2019-06-28 09:48:01.602511846,99377,100,99253,246,99761,746,99064,246,99762,246,99053,100,99824,100,99035,100,99911,100,98946,100,99949,27,98916,100,99974,100,98880,100,100005,100,98819,100,100007,100,98800,100,100021,100,98796,100
2019-06-28 09:48:10.000000000,99377,173,99253,173,99761,673,99064,173,99762,173,99053,173,99824,173,99035,173,99911,100,98946,100,99949,27,98916,100,99974,100,98880,100,100005,100,98819,100,100007,100,98800,100,100021,100,98796,100
2019-06-28 09:48:20.000000000,99377,391,99253,391,99761,600,99064,100,99762,100,99053,100,99824,100,99035,100,99911,100,98946,100,99949,27,98916,100,99974,100,98880,100,100005,100,98819,100,100007,100,98800,100,100021,100,98796,100
2019-06-28 09:48:30.000000000,99377,246,99253,246,99761,746,99064,246,99762,100,99053,100,99824,100,99035,100,99911,100,98946,100,99949,27,98916,100,99974,100,98880,100,100005,100,98819,100,100007,100,98800,100,100021,100,98796,100
2019-06-28 09:48:31.946485749,99377,246,99253,246,99761,746,99194,100,99762,100,99064,246,99824,100,99053,100,99911,100,99035,100,99949,27,98946,100,99974,100,98916,100,100005,100,98880,100,100007,100,98819,100,100021,100,98800,100
2019-06-28 09:48:34.612202525,99377,246,99253,246,99555,100,99194,100,99761,746,99064,246,99762,100,99053,100,99824,100,99035,100,99911,100,98946,100,99949,27,98880,100,99974,100,98819,100,100005,100,98800,100,100007,100,98796,100
2019-06-28 09:48:35.569151818,99377,246,99253,246,99436,100,99194,100,99555,100,99064,246,99761,746,99053,100,99762,100,99035,100,99824,100,98946,100,99911,100,98880,100,99949,27,98819,100,99974,100,98800,100,100005,100,98796,100
2019-06-28 09:48:36.558526923,99377,246,99253,246,99436,100,99194,200,99555,100,99064,246,99761,746,99053,100,99762,100,99035,100,99824,100,98946,100,99911,100,98880,100,99949,27,98819,100,99974,100,98800,100,100005,100,98796,100
2019-06-28 09:48:38.002264096,99377,246,99253,246,99436,100,99246,100,99555,100,99194,200,99761,746,99064,246,99762,100,99053,100,99824,100,99035,100,99911,100,98946,100,99949,27,98880,100,99974,100,98819,100,100005,100,98800,100
2019-06-28 09:48:40.000000000,99377,158,99253,158,99436,158,99246,158,99555,158,99194,258,99761,658,99064,158,99762,158,99053,158,99824,100,99035,100,99911,100,98946,100,99949,27,98880,100,99974,100,98819,100,100005,100,98800,100
2019-06-28 09:48:50.000000000,99377,391,99253,391,99436,100,99246,100,99555,100,99194,200,99761,600,99064,100,99762,100,99053,100,99824,100,99035,100,99911,100,98946,100,99949,27,98880,100,99974,100,98819,100,100005,100,98800,100
2019-06-28 09:49:00.000000000,99377,391,99253,391,99436,100,99246,100,99555,100,99194,200,99761,600,99064,100,99762,100,99053,100,99824,100,99035,100,99911,100,98946,100,99949,27,98880,100,99974,100,98819,100,100005,100,98800,100
2019-06-28 09:49:00.883708700,99377,391,99253,391,99436,100,99246,100,99555,100,99194,200,99586,100,99064,100,99761,600,99053,100,99762,100,99035,100,99824,100,98946,100,99911,100,98880,100,99949,27,98819,100,99974,100,98800,100
2019-06-28 09:49:02.446230808,99256,100,99253,391,99377,391,99246,100,99436,100,99194,200,99586,100,99064,100,99761,600,99053,100,99762,100,99035,100,99824,100,98946,100,99911,100,98880,100,99949,27,98819,100,99974,100,98800,100
2019-06-28 09:49:10.000000000,99256,173,99253,173,99377,173,99246,173,99436,173,99194,273,99586,173,99064,173,99761,600,99053,100,99762,100,99035,100,99824,100,98946,100,99911,100,98880,100,99949,27,98819,100,99974,100,98800,100
2019-06-28 09:49:14.730696423,99256,173,99253,73,99377,173,99246,73,99436,173,99194,273,99586,173,99064,173,99761,600,99053,100,99762,100,99035,100,99824,100,98946,100,99911,100,98880,100,99949,27,98819,100,99974,100,98800,100
2019-06-28 09:49:14.972131679,99256,73,99253,73,99377,173,99246,73,99436,173,99194,273,99586,173,99064,173,99761,600,99053,100,99762,100,99035,100,99824,100,98946,100,99911,100,98880,100,99949,27,98819,100,99974,100,98800,100
2019-06-28 09:49:20.000000000,99377,173,99194,273,99436,173,99064,173,99586,173,99053,173,99761,673,99035,173,99762,100,98946,100,99824,100,98880,100,99911,100,98819,100,99949,27,98800,100,99974,100,98796,100,100005,100,98670,100
2019-06-28 09:49:30.000000000,99377,173,99194,273,99436,173,99064,173,99586,173,99053,173,99761,673,99035,173,99762,100,98946,100,99824,100,98880,100,99911,100,98819,100,99949,27,98800,100,99974,100,98796,100,100005,100,98670,100
2019-06-28 09:49:35.727635766,99351,100,99194,273,99377,173,99064,173,99436,173,99053,173,99586,173,99035,173,99761,673,98946,100,99762,100,98880,100,99824,100,98819,100,99911,100,98800,100,99949,27,98796,100,99974,100,98670,100
2019-06-28 09:49:40.000000000,99351,246,99194,346,99377,246,99064,246,99436,100,99053,100,99586,100,99035,100,99761,600,98946,100,99762,100,98880,100,99824,100,98819,100,99911,100,98800,100,99949,27,98796,100,99974,100,98670,100
2019-06-28 09:49:42.766850821,99351,146,99194,346,99377,246,99064,246,99436,100,99053,100,99586,100,99035,100,99761,600,98946,100,99762,100,98880,100,99824,100,98819,100,99911,100,98800,100,99949,27,98796,100,99974,100,98670,100
2019-06-28 09:49:50.000000000,99377,391,99194,491,99436,100,99064,100,99586,100,99053,100,99761,600,99035,100,99762,100,98946,100,99824,100,98880,100,99911,100,98819,100,99949,27,98800,100,99974,100,98796,100,100005,100,98670,100
2019-06-28 09:49:56.075151514,99377,391,99198,100,99436,100,99194,491,99586,100,99064,100,99761,600,99053,100,99762,100,99035,100,99824,100,98946,100,99911,100,98880,100,99949,27,98819,100,99974,100,98800,100,100005,100,98796,100
2019-06-28 09:50:00.000000000,99377,173,99198,173,99436,173,99194,273,99586,173,99064,173,99761,673,99053,173,99762,100,99035,100,99824,100,98946,100,99911,100,98880,100,99949,27,98819,100,99974,100,98800,100,100005,100,98796,100
2019-06-28 09:50:02.701748092,99377,173,99198,173,99436,173,99194,273,99524,100,99064,173,99586,173,99053,173,99761,673,99035,100,99762,100,98946,100,99824,100,98880,100,99911,100,98819,100,99949,27,98800,100,99974,100,98796,100
2019-06-28 09:50:10.000000000,99377,199,99198,199,99436,196,99194,296,99524,196,99064,196,99586,100,99053,100,99761,600,99035,100,99762,100,98946,100,99824,100,98880,100,99911,100,98819,100,99949,27,98800,100,99974,100,98796,100
2019-06-28 09:50:20.000000000,99377,158,99198,158,99436,158,99194,258,99524,158,99064,158,99586,158,99053,158,99761,658,99035,158,99762,100,98946,100,99824,100,98880,100,99911,100,98819,100,99949,27,98800,100,99974,100,98796,100
2019-06-28 09:50:25.424074121,99377,158,99256,100,99436,158,99198,158,99524,158,99194,258,99586,158,99064,158,99761,658,99053,158,99762,100,99035,158,99824,100,98946,100,99911,100,98880,100,99949,27,98819,100,99974,100,98800,100
2019-06-28 09:50:30.000000000,99377,246,99256,246,99436,246,99198,246,99524,100,99194,200,99586,100,99064,100,99761,600,99053,100,99762,100,99035,100,99824,100,98946,100,99911,100,98880,100,99949,27,98819,100,99974,100,98800,100
2019-06-28 09:50:33.267726798,99350,100,99256,246,99377,246,99198,246,99436,246,99194,200,99524,100,99064,100,99586,100,99053,100,99761,600,99035,100,99762,100,98946,100,99824,100,98880,100,99911,100,98819,100,99949,27,98800,100
2019-06-28 09:50:40.000000000,99350,391,99256,391,99377,100,99198,100,99436,100,99194,200,99524,100,99064,100,99586,100,99053,100,99761,600,99035,100,99762,100,98946,100,99824,100,98880,100,99911,100,98819,100,99949,27,98800,100
2019-06-28 09:50:50.000000000,99350,391,99256,391,99377,100,99198,100,99436,100,99194,200,99524,100,99064,100,99586,100,99053,100,99761,600,99035,100,99762,100,98946,100,99824,100,98880,100,99911,100,98819,100,99949,27,98800,100
2019-06-28 09:51:00.000000000,99350,246,99256,246,99377,246,99198,246,99436,100,99194,200,99524,100,99064,100,99586,100,99053,100,99761,600,99035,100,99762,100,98946,100,99824,100,98880,100,99911,100,98819,100,99949,27,98800,100
2019-06-28 09:51:02.188066698,99350,346,99256,246,99377,246,99198,246,99436,100,99194,200,99524,100,99064,100,99586,100,99053,100,99761,600,99035,100,99762,100,98946,100,99824,100,98880,100,99911,100,98819,100,99949,27,98800,100
2019-06-28 09:51:04.725307114,99350,346,99303,100,99377,246,99256,246,99436,100,99198,246,99524,100,99194,200,99586,100,99064,100,99761,600,99053,100,99762,100,99035,100,99824,100,98946,100,99911,100,98880,100,99949,27,98819,100
2019-06-28 09:51:08.643888773,99350,246,99256,246,99377,246,99198,246,99436,100,99194,200,99524,100,99064,100,99586,100,99053,100,99761,600,99035,100,99762,100,98946,100,99824,100,98880,100,99911,100,98819,100,99949,27,98800,100
2019-06-28 09:51:10.000000000,99350,173,99256,173,99377,173,99198,173,99436,173,99194,273,99524,173,99064,173,99586,100,99053,100,99761,600,99035,100,99762,100,98946,100,99824,100,98880,100,99911,100,98819,100,99949,27,98800,100
2019-06-28 09:51:20.000000000,99350,173,99256,173,99377,173,99198,173,99436,173,99194,273,99524,173,99064,173,99586,100,99053,100,99761,600,99035,100,99762,100,98946,100,99824,100,98880,100,99911,100,98819,100,99949,27,98800,100
2019-06-28 09:51:22.197091126,99350,173,99256,173,99377,173,99198,173,99436,173,99194,273,99524,173,99147,100,99586,100,99064,173,99761,600,99053,100,99762,100,99035,100,99824,100,98946,100,99911,100,98880,100,99949,27,98819,100
2019-06-28 09:51:30.000000000,99350,158,99256,158,99377,158,99198,158,99436,158,99194,258,99524,158,99147,158,99586,158,99064,158,99761,600,99053,100,99762,100,99035,100,99824,100,98946,100,99911,100,98880,100,99949,27,98819,100
2019-06-28 09:51:30.702259199,99340,100,99256,158,99350,158,99198,158,99377,158,99194,258,99436,158,99147,158,99524,158,99064,158,99586,158,99053,100,99761,600,99035,100,99762,100,98946,100,99824,100,98880,100,99911,100,98819,100
2019-06-28 09:51:40.000000000,99340,173,99256,173,99350,173,99198,173,99377,173,99194,273,99436,173,99147,173,99524,100,99064,100,99586,100,99053,100,99761,600,99035,100,99762,100,98946,100,99824,100,98880,100,99911,100,98819,100
2019-06-28 09:51:50.000000000,99340,199,99256,199,99350,196,99198,196,99377,196,99194,296,99436,100,99147,100,99524,100,99064,100,99586,100,99053,100,99761,600,99035,100,99762,100,98946,100,99824,100,98880,100,99911,100,98819,100
2019-06-28 09:52:00.000000000,99340,199,99256,199,99350,196,99198,196,99377,196,99194,296,99436,100,99147,100,99524,100,99064,100,99586,100,99053,100,99761,600,99035,100,99762,100,98946,100,99824,100,98880,100,99911,100,98819,100
2019-06-28 09:52:07.650915380,99340,199,99256,199,99350,196,99198,196,99377,196,99194,296,99436,100,99147,100,99586,100,99064,100,99761,600,99053,100,99762,100,99035,100,99824,100,98972,100,99911,100,98946,100,99949,27,98880,100
2019-06-28 09:52:10.000000000,99340,173,99256,173,99350,173,99198,173,99377,173,99194,273,99436,173,99147,173,99586,100,99064,100,99761,600,99053,100,99762,100,99035,100,99824,100,98972,100,99911,100,98946,100,99949,27,98880,100
2019-06-28 09:52:20.000000000,99340,391,99256,391,99350,100,99198,100,99377,100,99194,200,99436,100,99147,100,99586,100,99064,100,99761,600,99053,100,99762,100,99035,100,99824,100,98972,100,99911,100,98946,100,99949,27,98880,100
2019-06-28 09:52:30.000000000,99340,199,99256,199,99350,196,99198,196,99377,196,99194,296,99436,100,99147,100,99586,100,99064,100,99761,600,99053,100,99762,100,99035,100,99824,100,98972,100,99911,100,98946,100,99949,27,98880,100
2019-06-28 09:52:39.474285153,99340,199,99256,199,99350,196,99198,196,99377,196,99194,296,99436,100,99147,100,99586,100,99064,100,99761,500,99053,100,99762,100,99035,100,99824,100,98972,100,99911,100,98946,100,99949,27,98880,100
2019-06-28 09:52:40.000000000,99340,173,99256,173,99350,173,99198,173,99377,173,99194,273,99436,173,99147,173,99586,100,99064,100,99761,500,99053,100,99762,100,99035,100,99824,100,98972,100,99911,100,98946,100,99949,27,98880,100
2019-06-28 09:52:50.000000000,99340,391,99256,391,99350,100,99198,100,99377,100,99194,200,99436,100,99147,100,99586,100,99064,100,99761,500,99053,100,99762,100,99035,100,99824,100,98972,100,99911,100,98946,100,99949,27,98880,100
2019-06-28 09:53:00.000000000,99340,246,99256,246,99350,246,99198,246,99377,100,99194,200,99436,100,99147,100,99586,100,99064,100,99761,500,99053,100,99762,100,99035,100,99824,100,98972,100,99911,100,98946,100,99949,27,98880,100
2019-06-28 09:53:01.941237665,99340,146,99256,246,99350,246,99198,246,99377,100,99194,200,99436,100,99147,100,99586,100,99064,100,99761,500,99053,100,99762,100,99035,100,99824,100,98972,100,99911,100,98946,100,99949,27,98880,100
2019-06-28 09:53:10.000000000,99350,158,99256,158,99377,158,99198,158,99436,158,99194,258,99586,158,99147,158,99761,558,99064,158,99762,100,99053,100,99824,100,99035,100,99911,100,98972,100,99949,27,98946,100,99974,100,98880,100
2019-06-28 09:53:18.103322217,99350,58,99256,158,99377,158,99198,158,99436,158,99194,258,99586,158,99147,158,99761,558,99064,158,99762,100,99053,100,99824,100,99035,100,99911,100,98972,100,99949,27,98946,100,99974,100,98880,100
2019-06-28 09:53:20.000000000,99377,391,99256,391,99436,100,99198,100,99586,100,99194,200,99761,500,99147,100,99762,100,99064,100,99824,100,99053,100,99911,100,99035,100,99949,27,98972,100,99974,100,98946,100,100005,100,98880,100
2019-06-28 09:53:30.000000000,99377,246,99256,246,99436,246,99198,246,99586,100,99194,200,99761,500,99147,100,99762,100,99064,100,99824,100,99053,100,99911,100,99035,100,99949,27,98972,100,99974,100,98946,100,100005,100,98880,100
2019-06-28 09:53:35.354650680,99377,246,99256,246,99436,146,99198,246,99586,100,99194,200,99761,500,99147,100,99762,100,99064,100,99780,100,99053,100,99824,100,99035,100,99911,100,98972,100,99949,27,98946,100,99974,100,98880,100
2019-06-28 09:53:40.000000000,99377,199,99256,199,99586,196,99198,196,99761,596,99194,296,99762,100,99147,100,99780,100,99064,100,99824,100,99053,100,99911,100,99035,100,99949,27,98972,100,99974,100,98946,100,100005,100,98880,100
2019-06-28 09:53:50.000000000,99377,158,99256,158,99586,158,99198,158,99761,558,99194,258,99762,158,99147,158,99780,158,99064,158,99824,100,99053,100,99911,100,99035,100,99949,27,98972,100,99974,100,98946,100,100005,100,98880,100
2019-06-28 09:54:00.000000000,99377,246,99256,246,99586,246,99198,246,99761,500,99194,200,99762,100,99147,100,99780,100,99064,100,99824,100,99053,100,99911,100,99035,100,99949,27,98972,100,99974,100,98946,100,100005,100,98880,100
2019-06-28 09:54:10.000000000,99377,199,99256,199,99586,196,99198,196,99761,596,99194,296,99762,100,99147,100,99780,100,99064,100,99824,100,99053,100,99911,100,99035,100,99949,27,98972,100,99974,100,98946,100,100005,100,98880,100
2019-06-28 09:54:15.526584653,99377,199,99256,99,99586,196,99198,196,99761,596,99194,296,99762,100,99147,100,99780,100,99064,100,99824,100,99053,100,99911,100,99035,100,99949,27,98972,100,99974,100,98946,100,100005,100,98880,100
2019-06-28 09:54:20.000000000,99377,199,99198,199,99586,196,99194,296,99761,596,99147,196,99762,100,99064,100,99780,100,99053,100,99824,100,99035,100,99911,100,98972,100,99949,27,98946,100,99974,100,98880,100,100005,100,98819,100
2019-06-28 09:54:25.031681533,99377,99,99198,199,99586,196,99194,296,99761,596,99147,196,99762,100,99064,100,99780,100,99053,100,99824,100,99035,100,99911,100,98972,100,99949,27,98946,100,99974,100,98880,100,100005,100,98819,100
2019-06-28 09:54:30.000000000,99586,199,99198,199,99761,596,99194,296,99762,196,99147,196,99780,100,99064,100,99824,100,99053,100,99911,100,99035,100,99949,27,98972,100,99974,100,98946,100,100005,100,98880,100,100007,100,98819,100
2019-06-28 09:54:40.000000000,99586,199,99198,199,99761,596,99194,296,99762,196,99147,196,99780,100,99064,100,99824,100,99053,100,99911,100,99035,100,99949,27,98972,100,99974,100,98946,100,100005,100,98880,100,100007,100,98819,100
2019-06-28 09:54:41.831244527,99586,199,99198,199,99761,596,99194,296,99762,196,99147,196,99780,100,99064,100,99824,200,99053,100,99911,100,99035,100,99949,27,98972,100,99974,100,98946,100,100005,100,98880,100,100007,100,98819,100
2019-06-28 09:54:50.000000000,99586,173,99198,173,99761,573,99194,273,99762,173,99147,173,99780,173,99064,173,99824,200,99053,100,99911,100,99035,100,99949,27,98972,100,99974,100,98946,100,100005,100,98880,100,100007,100,98819,100
2019-06-28 09:55:00.000000000,99586,246,99198,246,99761,646,99194,346,99762,100,99147,100,99780,100,99064,100,99824,200,99053,100,99911,100,99035,100,99949,27,98972,100,99974,100,98946,100,100005,100,98880,100,100007,100,98819,100
2019-06-28 09:55:10.000000000,99586,246,99198,246,99761,646,99194,346,99762,100,99147,100,99780,100,99064,100,99824,200,99053,100,99911,100,99035,100,99949,27,98972,100,99974,100,98946,100,100005,100,98880,100,100007,100,98819,100
2019-06-28 09:55:20.000000000,99586,391,99198,391,99761,500,99194,200,99762,100,99147,100,99780,100,99064,100,99824,200,99053,100,99911,100,99035,100,99949,27,98972,100,99974,100,98946,100,100005,100,98880,100,100007,100,98819,100
2019-06-28 09:55:22.525604450,99586,291,99198,391,99761,500,99194,200,99762,100,99147,100,99780,100,99064,100,99824,200,99053,100,99911,100,99035,100,99949,27,98972,100,99974,100,98946,100,100005,100,98880,100,100007,100,98819,100
2019-06-28 09:55:30.000000000,99761,599,99198,199,99762,196,99194,296,99780,196,99147,196,99824,200,99064,100,99911,100,99053,100,99949,27,99035,100,99974,100,98972,100,100005,100,98946,100,100007,100,98880,100,100021,100,98819,100
2019-06-28 09:55:40.000000000,99761,558,99198,158,99762,158,99194,258,99780,158,99147,158,99824,258,99064,158,99911,158,99053,158,99949,27,99035,100,99974,100,98972,100,100005,100,98946,100,100007,100,98880,100,100021,100,98819,100
2019-06-28 09:55:50.000000000,99761,646,99198,246,99762,246,99194,346,99780,100,99147,100,99824,200,99064,100,99911,100,99053,100,99949,27,99035,100,99974,100,98972,100,100005,100,98946,100,100007,100,98880,100,100021,100,98819,100
2019-06-28 09:55:57.490302187,99761,646,99711,100,99762,246,99198,246,99780,100,99194,346,99824,200,99147,100,99911,100,99064,100,99949,27,99053,100,99974,100,98972,100,100005,100,98946,100,100007,100,98880,100,100021,100,98819,100
2019-06-28 09:56:00.000000000,99761,573,99711,173,99762,173,99198,173,99780,173,99194,273,99824,273,99147,173,99911,100,99064,100,99949,27,99053,100,99974,100,98972,100,100005,100,98946,100,100007,100,98880,100,100021,100,98819,100
2019-06-28 09:56:10.000000000,99761,599,99711,199,99762,196,99198,196,99780,196,99194,296,99824,200,99147,100,99911,100,99064,100,99949,27,99053,100,99974,100,98972,100,100005,100,98946,100,100007,100,98880,100,100021,100,98819,100
2019-06-28 09:56:20.000000000,99761,791,99711,391,99762,100,99198,100,99780,100,99194,200,99824,200,99147,100,99911,100,99064,100,99949,27,99053,100,99974,100,98972,100,100005,100,98946,100,100007,100,98880,100,100021,100,98819,100
2019-06-28 09:56:25.000281933,99761,791,99711,391,99762,100,99198,100,99780,100,99194,200,99824,100,99147,100,99911,100,99064,100,99949,27,99053,100,99974,100,98972,100,100005,100,98946,100,100007,100,98880,100,100021,100,98819,100
2019-06-28 09:56:30.000000000,99761,573,99711,173,99762,173,99198,173,99780,173,99194,273,99824,173,99147,173,99911,100,99064,100,99949,27,99053,100,99974,100,98972,100,100005,100,98946,100,100007,100,98880,100,100021,100,98819,100
2019-06-28 09:56:40.000000000,99761,646,99711,246,99762,246,99198,246,99780,100,99194,200,99824,100,99147,100,99911,100,99064,100,99949,27,99053,100,99974,100,98972,100,100005,100,98946,100,100007,100,98880,100,100021,100,98819,100
2019-06-28 09:56:50.000000000,99761,646,99711,246,99762,246,99198,246,99780,100,99194,200,99824,100,99147,100,99911,100,99064,100,99949,27,99053,100,99974,100,98972,100,100005,100,98946,100,100007,100,98880,100,100021,100,98819,100
2019-06-28 09:56:53.740235337,99761,646,99711,146,99762,246,99198,246,99780,100,99194,200,99824,100,99147,100,99911,100,99064,100,99949,27,99053,100,99974,100,98972,100,100005,100,98946,100,100007,100,98880,100,100021,100,98819,100
2019-06-28 09:56:54.166093546,99761,646,99711,146,99762,246,99603,100,99780,100,99198,246,99824,100,99194,200,99911,100,99147,100,99949,27,99064,100,99974,100,99053,100,100005,100,98972,100,100007,100,98946,100,100021,100,98880,100
2019-06-28 09:57:00.000000000,99761,599,99603,199,99762,196,99198,196,99780,196,99194,296,99824,100,99147,100,99911,100,99064,100,99949,27,99053,100,99974,100,98972,100,100005,100,98946,100,100007,100,98880,100,100021,100,98819,100
2019-06-28 09:57:01.309670739,99761,599,99603,199,99762,196,99332,100,99780,196,99198,196,99824,100,99194,296,99911,100,99147,100,99949,27,99064,100,99974,100,98972,100,100005,100,98946,100,100007,100,98880,100,100021,100,98819,100
2019-06-28 09:57:08.691860105,99711,100,99603,199,99761,499,99332,100,99762,196,99198,196,99780,196,99194,296,99824,100,99147,100,99911,100,99064,100,99949,27,98972,100,99974,100,98946,100,100005,100,98880,100,100007,100,98819,100
2019-06-28 09:57:10.000000000,99711,158,99603,158,99761,458,99332,158,99762,158,99198,158,99780,158,99194,258,99824,158,99147,158,99911,100,99064,100,99949,27,98972,100,99974,100,98946,100,100005,100,98880,100,100007,100,98819,100
2019-06-28 09:57:20.000000000,99711,199,99603,199,99761,496,99332,196,99762,196,99198,196,99780,100,99194,200,99824,100,99147,100,99911,100,99064,100,99949,27,98972,100,99974,100,98946,100,100005,100,98880,100,100007,100,98819,100
2019-06-28 09:57:28.388443381,99711,199,99633,100,99761,496,99603,199,99762,196,99332,196,99780,100,99198,196,99824,100,99194,200,99911,100,99147,100,99949,27,99064,100,99974,100,98972,100,100005,100,98946,100,100007,100,98880,100
2019-06-28 09:57:30.000000000,99711,199,99633,199,99761,496,99603,196,99762,196,99332,196,99780,100,99198,100,99824,100,99194,200,99911,100,99147,100,99949,27,99064,100,99974,100,98972,100,100005,100,98946,100,100007,100,98880,100
2019-06-28 09:57:40.000000000,99711,173,99633,173,99761,473,99603,173,99762,173,99332,173,99780,173,99198,173,99824,100,99194,200,99911,100,99147,100,99949,27,99064,100,99974,100,98972,100,100005,100,98946,100,100007,100,98880,100
2019-06-28 09:57:50.000000000,99711,173,99633,173,99761,473,99603,173,99762,173,99332,173,99780,173,99198,173,99824,100,99194,200,99911,100,99147,100,99949,27,99064,100,99974,100,98972,100,100005,100,98946,100,100007,100,98880,100
2019-06-28 09:58:00.000000000,99711,246,99633,246,99761,546,99603,246,99762,100,99332,100,99780,100,99198,100,99824,100,99194,200,99911,100,99147,100,99949,27,99064,100,99974,100,98972,100,100005,100,98946,100,100007,100,98880,100
2019-06-28 09:58:10.000000000,99711,391,99633,391,99761,400,99603,100,99762,100,99332,100,99780,100,99198,100,99824,100,99194,200,99911,100,99147,100,99949,27,99064,100,99974,100,98972,100,100005,100,98946,100,100007,100,98880,100
2019-06-28 09:58:10.665796183,99711,291,99633,391,99761,400,99603,100,99762,100,99332,100,99780,100,99198,100,99824,100,99194,200,99911,100,99147,100,99949,27,99064,100,99974,100,98972,100,100005,100,98946,100,100007,100,98880,100
2019-06-28 09:58:19.917747866,99711,191,99633,391,99761,400,99603,100,99762,100,99198,100,99780,100,99194,200,99824,100,99147,100,99911,100,99064,100,99949,27,98972,100,99974,100,98946,100,100005,100,98880,100,100007,100,98819,100
2019-06-28 09:58:20.000000000,99761,546,99633,246,99762,246,99603,246,99780,100,99198,100,99824,100,99194,200,99911,100,99147,100,99949,27,99064,100,99974,100,98972,100,100005,100,98946,100,100007,100,98880,100,100021,100,98819,100
2019-06-28 09:58:30.000000000,99761,499,99633,199,99762,196,99603,196,99780,196,99198,196,99824,100,99194,200,99911,100,99147,100,99949,27,99064,100,99974,100,98972,100,100005,100,98946,100,100007,100,98880,100,100021,100,98819,100
2019-06-28 09:58:36.822375089,99761,399,99633,199,99762,196,99603,196,99780,196,99198,196,99824,100,99194,200,99911,100,99147,100,99949,27,99064,100,99974,100,98972,100,100005,100,98946,100,100007,100,98880,100,100021,100,98819,100
2019-06-28 09:58:40.000000000,99761,358,99633,158,99762,158,99603,158,99780,158,99198,158,99824,158,99194,258,99911,158,99147,158,99949,27,99064,100,99974,100,98972,100,100005,100,98946,100,100007,100,98880,100,100021,100,98819,100
2019-06-28 09:58:50.000000000,99761,591,99633,391,99762,100,99603,100,99780,100,99198,100,99824,100,99194,200,99911,100,99147,100,99949,27,99064,100,99974,100,98972,100,100005,100,98946,100,100007,100,98880,100,100021,100,98819,100
2019-06-28 09:58:51.407658324,99761,591,99711,100,99762,100,99633,391,99780,100,99603,100,99824,100,99198,100,99911,100,99194,200,99949,27,99147,100,99974,100,99064,100,100005,100,98972,100,100007,100,98946,100,100021,100,98880,100
2019-06-28 09:59:00.000000000,99761,373,99711,173,99762,173,99633,173,99780,173,99603,173,99824,173,99198,173,99911,100,99194,200,99949,27,99147,100,99974,100,99064,100,100005,100,98972,100,100007,100,98946,100,100021,100,98880,100
2019-06-28 09:59:10.000000000,99761,358,99711,158,99762,158,99633,158,99780,158,99603,158,99824,158,99198,158,99911,158,99194,258,99949,27,99147,100,99974,100,99064,100,100005,100,98972,100,100007,100,98946,100,100021,100,98880,100
2019-06-28 09:59:16.568091642,99761,358,99711,158,99762,158,99633,158,99780,158,99603,158,99824,158,99198,158,99911,58,99194,258,99949,27,99147,100,99974,100,99064,100,100005,100,98972,100,100007,100,98946,100,100021,100,98880,100
2019-06-28 09:59:20.000000000,99761,358,99711,158,99762,158,99633,158,99780,158,99603,158,99824,158,99198,158,99949,85,99194,258,99974,100,99147,100,100005,100,99064,100,100007,100,98972,100,100021,100,98946,100,100059,100,98880,100
2019-06-28 09:59:25.346193775,99761,358,99711,258,99762,158,99633,158,99780,158,99603,158,99824,158,99198,158,99949,85,99194,258,99974,100,99147,100,100005,100,99064,100,100007,100,98972,100,100021,100,98946,100,100059,100,98880,100
2019-06-28 09:59:30.000000000,99761,591,99711,491,99762,100,99633,100,99780,100,99603,100,99824,100,99198,100,99949,27,99194,200,99974,100,99147,100,100005,100,99064,100,100007,100,98972,100,100021,100,98946,100,100059,100,98880,100
2019-06-28 09:59:33.657989463,99761,591,99711,491,99762,100,99633,100,99780,100,99603,100,99824,100,99198,100,99949,27,99194,200,99974,100,99147,100,100005,100,99064,100,100007,100,98972,100,100021,100,98946,100,100065,100,98880,100
2019-06-28 09:59:40.000000000,99761,591,99711,491,99762,100,99633,100,99780,100,99603,100,99824,100,99198,100,99949,27,99194,200,99974,100,99147,100,100005,100,99064,100,100007,100,98972,100,100021,100,98946,100,100065,100,98880,100
2019-06-28 09:59:49.732995579,99761,491,99711,491,99762,100,99633,100,99780,100,99603,100,99824,100,99198,100,99949,27,99194,200,99974,100,99147,100,100005,100,99064,100,100007,100,98972,100,100021,100,98946,100,100065,100,98880,100
2019-06-28 09:59:50.000000000,99761,491,99711,491,99762,100,99633,100,99780,100,99603,100,99824,100,99198,100,99949,27,99194,200,99974,100,99147,100,100005,100,99064,100,100007,100,98972,100,100021,100,98946,100,100065,100,98880,100
2019-06-28 10:00:00.000000000,99761,273,99711,273,99762,173,99633,173,99780,173,99603,173,99824,173,99198,173,99949,27,99194,200,99974,100,99147,100,100005,100,99064,100,100007,100,98972,100,100021,100,98946,100,100065,100,98880,100
2019-06-28 10:00:10.000000000,99761,258,99711,258,99762,158,99633,158,99780,158,99603,158,99824,158,99198,158,99949,85,99194,258,99974,100,99147,100,100005,100,99064,100,100007,100,98972,100,100021,100,98946,100,100065,100,98880,100
2019-06-28 10:00:13.196718846,99761,158,99711,258,99762,158,99633,158,99780,158,99603,158,99824,158,99198,158,99949,85,99194,258,99974,100,99147,100,100005,100,99064,100,100007,100,98972,100,100021,100,98946,100,100065,100,98880,100
2019-06-28 10:00:20.000000000,99761,199,99711,299,99762,196,99633,196,99780,196,99603,196,99824,100,99198,100,99949,27,99194,200,99974,100,99147,100,100005,100,99064,100,100007,100,98972,100,100021,100,98946,100,100065,100,98880,100
2019-06-28 10:00:24.191502219,99761,199,99711,299,99762,196,99633,196,99780,196,99603,196,99824,100,99198,100,99949,27,99194,200,99974,100,99147,100,100005,100,99064,100,100007,100,98972,100,100021,100,98946,100,100065,100,98880,100
2019-06-28 10:00:30.000000000,99761,173,99711,273,99762,173,99633,173,99780,173,99603,173,99824,173,99198,173,99949,27,99194,200,99974,100,99147,100,100005,100,99064,100,100007,100,98972,100,100021,100,98946,100,100065,100,98880,100
2019-06-28 10:00:40.000000000,99761,391,99711,491,99762,100,99633,100,99780,100,99603,100,99824,100,99198,100,99949,27,99194,200,99974,100,99147,100,100005,100,99064,100,100007,100,98972,100,100021,100,98946,100,100065,100,98880,100
2019-06-28 10:00:43.783153241,99761,391,99711,391,99762,100,99633,100,99780,100,99603,100,99824,100,99198,100,99949,27,99194,200,99974,100,99147,100,100005,100,99064,100,100007,100,98972,100,100021,100,98946,100,100065,100,98880,100
2019-06-28 10:00:47.907183771,99761,291,99711,391,99762,100,99633,100,99780,100,99603,100,99824,100,99198,100,99949,27,99194,200,99974,100,99147,100,100005,100,99064,100,100007,100,98972,100,100021,100,98946,100,100065,100,98880,100
2019-06-28 10:00:50.000000000,99762,199,99711,199,99780,196,99633,196,99824,196,99603,196,99949,27,99198,100,99974,100,99194,200,100005,100,99147,100,100007,100,99064,100,100021,100,98972,100,100065,100,98946,100,100101,100,98880,100
2019-06-28 10:00:55.342471955,99762,99,99711,199,99780,196,99633,196,99824,196,99603,96,99949,27,99198,100,99974,100,99194,200,100005,100,99147,100,100007,100,99064,100,100021,100,98972,100,100065,100,98946,100,100101,100,98880,100
2019-06-28 10:01:00.000000000,99780,199,99711,199,99824,196,99633,196,99949,123,99198,196,99974,100,99194,200,100005,100,99147,100,100007,100,99064,100,100021,100,98972,100,100065,100,98946,100,100101,100,98880,100,100104,100,98819,100
2019-06-28 10:01:03.229674157,99780,199,99711,199,99824,196,99635,100,99949,123,99633,196,99974,100,99198,196,100005,100,99194,200,100007,100,99147,100,100021,100,99064,100,100065,100,98972,100,100101,100,98946,100,100104,100,98880,100
2019-06-28 10:01:10.000000000,99780,173,99711,173,99824,173,99635,173,99949,100,99633,173,99974,173,99198,173,100005,100,99194,200,100007,100,99147,100,100021,100,99064,100,100065,100,98972,100,100101,100,98946,100,100104,100,98880,100
2019-06-28 10:01:10.888445434,99780,73,99711,173,99824,173,99635,173,99949,100,99633,173,99974,173,99198,173,100005,100,99194,200,100007,100,99147,100,100021,100,99064,100,100065,100,98972,100,100101,100,98946,100,100113,100,98880,100
2019-06-28 10:01:20.000000000,99824,199,99711,199,99949,123,99635,196,99974,196,99633,196,100005,100,99198,100,100007,100,99194,200,100021,100,99147,100,100065,100,99064,100,100101,100,98972,100,100113,100,98946,100,100333,100,98880,100
2019-06-28 10:01:30.000000000,99824,158,99711,158,99949,85,99635,158,99974,158,99633,158,100005,158,99198,158,100007,158,99194,258,100021,100,99147,100,100065,100,99064,100,100101,100,98972,100,100113,100,98946,100,100333,100,98880,100
2019-06-28 10:01:40.000000000,99824,391,99711,391,99949,27,99635,100,99974,100,99633,100,100005,100,99198,100,100007,100,99194,200,100021,100,99147,100,100065,100,99064,100,100101,100,98972,100,100113,100,98946,100,100333,100,98880,100
2019-06-28 10:01:45.357952742,99824,391,99774,100,99949,27,99711,391,99974,100,99635,100,100005,100,99633,100,100007,100,99198,100,100021,100,99194,200,100065,100,99147,100,100101,100,99064,100,100113,100,98972,100,100333,100,98946,100
2019-06-28 10:01:46.492181574,99824,391,99711,391,99949,27,99635,100,99974,100,99633,100,100005,100,99198,100,100007,100,99194,200,100021,100,99147,100,100065,100,99064,100,100101,100,98972,100,100333,100,98946,100,,,98880,100
2019-06-28 10:01:50.000000000,99824,391,99711,391,99949,27,99635,100,99974,100,99633,100,100005,100,99198,100,100007,100,99194,200,100021,100,99147,100,100065,100,99064,100,100101,100,98972,100,100333,100,98946,100,,,98880,100
2019-06-28 10:01:55.459021378,99824,391,99774,100,99949,27,99711,391,99974,100,99635,100,100005,100,99633,100,100007,100,99198,100,100021,100,99194,200,100065,100,99147,100,100101,100,99064,100,100333,100,98972,100,,,98946,100
2019-06-28 10:02:00.000000000,99824,158,99774,158,99949,85,99711,158,99974,158,99635,158,100005,158,99633,158,100007,158,99198,158,100021,100,99194,200,100065,100,99147,100,100101,100,99064,100,100333,100,98972,100,,,98946,100
2019-06-28 10:02:10.000000000,99824,246,99774,246,99949,173,99711,246,99974,100,99635,100,100005,100,99633,100,100007,100,99198,100,100021,100,99194,200,100065,100,99147,100,100101,100,99064,100,100333,100,98972,100,,,98946,100
2019-06-28 10:02:14.697548202,99824,146,99774,246,99949,173,99711,246,99974,100,99633,100,100005,100,99198,100,100007,100,99194,200,100021,100,99147,100,100065,100,99064,100,100101,100,98972,100,100333,100,98946,100,,,98880,100
2019-06-28 10:02:15.950515288,99824,46,99774,246,99949,173,99711,246,99974,100,99633,100,100005,100,99198,100,100007,100,99194,200,100021,100,99147,100,100065,100,99064,100,100101,100,98972,100,100333,100,98946,100,,,98880,100
2019-06-28 10:02:16.623743122,99949,173,99824,54,99974,100,99774,246,100005,100,99711,246,100007,100,99633,100,100021,100,99198,100,100065,100,99194,200,100101,100,99147,100,100333,100,99064,100,,,98972,100,,,98946,100
2019-06-28 10:02:17.846185009,99949,173,99774,246,99974,100,99711,246,100005,100,99633,100,100007,100,99198,100,100021,100,99194,200,100065,100,99147,100,100101,100,99064,100,100333,100,98972,100,,,98946,100,,,98880,100
2019-06-28 10:02:20.000000000,99949,85,99774,158,99974,158,99711,158,100005,158,99633,158,100007,158,99198,158,100021,158,99194,258,100065,100,99147,100,100101,100,99064,100,100333,100,98972,100,,,98946,100,,,98880,100
2019-06-28 10:02:30.000000000,99949,318,99774,391,99974,100,99711,100,100005,100,99633,100,100007,100,99198,100,100021,100,99194,200,100065,100,99147,100,100101,100,99064,100,100333,100,98972,100,,,98946,100,,,98880,100
2019-06-28 10:02:40.000000000,99949,173,99774,246,99974,246,99711,246,100005,100,99633,100,100007,100,99198,100,100021,100,99194,200,100065,100,99147,100,100101,100,99064,100,100333,100,98972,100,,,98946,100,,,98880,100
2019-06-28 10:02:42.024874930,99949,73,99774,246,99974,246,99711,246,100005,100,99633,100,100007,100,99198,100,100021,100,99194,200,100065,100,99147,100,100101,100,99064,100,100333,100,98972,100,,,98946,100,,,98880,100
2019-06-28 10:02:50.000000000,99974,173,99774,173,100005,173,99711,173,100007,173,99633,173,100021,173,99198,173,100065,100,99194,200,100101,100,99147,100,100333,100,99064,100,,,98972,100,,,98946,100,,,98880,100
2019-06-28 10:03:00.000000000,99974,391,99774,391,100005,100,99711,100,100007,100,99633,100,100021,100,99198,100,100065,100,99194,200,100101,100,99147,100,100333,100,99064,100,,,98972,100,,,98946,100,,,98880,100
2019-06-28 10:03:03.466873145,99974,391,99774,391,100005,100,99711,100,100007,100,99633,100,100021,100,99198,100,100065,100,99194,200,100101,100,99147,100,100333,100,99064,100,100378,100,98972,100,,,98946,100,,,98880,100
2019-06-28 10:03:10.000000000,99974,173,99774,173,100005,173,99711,173,100007,173,99633,173,100021,173,99198,173,100065,100,99194,200,100101,100,99147,100,100333,100,99064,100,100378,100,98972,100,,,98946,100,,,98880,100
2019-06-28 10:03:17.133481060,99974,173,99774,173,100005,173,99711,173,100007,173,99633,173,100021,173,99198,173,100065,100,99194,200,100101,100,99147,100,100131,100,99064,100,100333,100,98972,100,100378,100,98946,100,,,98880,100
2019-06-28 10:03:18.491742117,99974,173,99774,173,100005,173,99711,173,100007,173,99633,173,100021,173,99198,173,100065,100,99194,200,100101,100,99147,100,100131,100,99064,100,100147,100,98972,100,100333,100,98946,100,100378,100,98880,100
2019-06-28 10:03:20.000000000,99974,158,99774,158,100005,158,99711,158,100007,158,99633,158,100021,158,99198,158,100065,158,99194,258,100101,100,99147,100,100131,100,99064,100,100147,100,98972,100,100333,100,98946,100,100378,100,98880,100
2019-06-28 10:03:30.000000000,99974,391,99774,391,100005,100,99711,100,100007,100,99633,100,100021,100,99198,100,100065,100,99194,200,100101,100,99147,100,100131,100,99064,100,100147,100,98972,100,100333,100,98946,100,100378,100,98880,100
2019-06-28 10:03:35.381712855,99974,391,99824,100,100005,100,99774,391,100007,100,99711,100,100021,100,99633,100,100065,100,99198,100,100101,100,99194,200,100131,100,99147,100,100147,100,99064,100,100333,100,98972,100,100378,100,98946,100
2019-06-28 10:03:40.000000000,99974,173,99824,173,100005,173,99774,173,100007,173,99711,173,100021,173,99633,173,100065,100,99198,100,100101,100,99194,200,100131,100,99147,100,100147,100,99064,100,100333,100,98972,100,100378,100,98946,100
2019-06-28 10:03:50.000000000,99974,391,99824,391,100005,100,99774,100,100007,100,99711,100,100021,100,99633,100,100065,100,99198,100,100101,100,99194,200,100131,100,99147,100,100147,100,99064,100,100333,100,98972,100,100378,100,98946,100
2019-06-28 10:03:51.128565126,99974,391,99824,391,100005,100,99774,100,100007,100,99711,100,100021,100,99633,100,100065,100,99198,100,100101,100,99194,200,100131,100,99147,100,100140,100,99064,100,100147,100,98972,100,100333,100,98946,100
2019-06-28 10:04:00.000000000,99974,246,99824,246,100005,246,99774,246,100007,100,99711,100,100021,100,99633,100,100065,100,99198,100,100101,100,99194,200,100131,100,99147,100,100140,100,99064,100,100147,100,98972,100,100333,100,98946,100
2019-06-28 10:04:06.806459554,99974,246,99824,346,100005,246,99774,246,100007,100,99711,100,100021,100,99633,100,100065,100,99198,100,100101,100,99194,200,100131,100,99147,100,100140,100,99064,100,100147,100,98972,100,100333,100,98946,100
2019-06-28 10:04:08.539855665,99974,246,99824,346,100005,246,99774,246,100007,100,99711,100,100021,100,99633,100,100065,100,99198,100,100101,100,99194,200,100131,100,99147,100,100140,100,99064,100,100147,100,98972,100,100298,100,98946,100
2019-06-28 10:04:10.000000000,99974,199,99824,299,100005,196,99774,196,100007,196,99711,196,100021,100,99633,100,100065,100,99198,100,100101,100,99194,200,100131,100,99147,100,100140,100,99064,100,100147,100,98972,100,100298,100,98946,100
2019-06-28 10:04:20.000000000,99974,158,99824,258,100005,158,99774,158,100007,158,99711,158,100021,158,99633,158,100065,158,99198,158,100101,100,99194,200,100131,100,99147,100,100140,100,99064,100,100147,100,98972,100,100298,100,98946,100
2019-06-28 10:04:30.000000000,99974,391,99824,491,100005,100,99774,100,100007,100,99711,100,100021,100,99633,100,100065,100,99198,100,100101,100,99194,200,100131,100,99147,100,100140,100,99064,100,100147,100,98972,100,100298,100,98946,100
2019-06-28 10:04:35.656315420,99974,291,99824,491,100005,100,99774,100,100007,100,99711,100,100021,100,99633,100,100065,100,99198,100,100101,100,99194,200,100131,100,99147,100,100140,100,99064,100,100147,100,98972,100,100298,100,98946,100
2019-06-28 10:04:40.000000000,100005,173,99824,273,100007,173,99774,173,100021,173,99711,173,100065,173,99633,173,100101,100,99198,100,100131,100,99194,200,100140,100,99147,100,100147,100,99064,100,100298,100,98972,100,100333,100,98946,100
2019-06-28 10:04:41.819656931,100005,173,99824,273,100007,173,99774,73,100021,173,99711,173,100065,173,99633,173,100101,100,99198,100,100131,100,99194,200,100140,100,99147,100,100147,100,99064,100,100298,100,98972,100,100333,100,98946,100
2019-06-28 10:04:45.733860755,100005,173,99949,100,100007,173,99824,273,100021,173,99774,73,100065,173,99711,173,100101,100,99633,173,100131,100,99198,100,100140,100,99194,200,100147,100,99147,100,100298,100,99064,100,100333,100,98972,100
2019-06-28 10:04:50.000000000,100005,246,99949,246,100007,246,99824,346,100021,100,99711,100,100065,100,99633,100,100101,100,99198,100,100131,100,99194,200,100140,100,99147,100,100147,100,99064,100,100298,100,98972,100,100333,100,98946,100
2019-06-28 10:04:55.960937537,100005,246,99949,346,100007,246,99824,346,100021,100,99711,100,100065,100,99633,100,100101,100,99198,100,100131,100,99194,100,100140,100,99147,100,100147,100,99064,100,100298,100,98972,100,100333,100,98946,100
2019-06-28 10:04:55.992949773,100005,246,99949,446,100007,246,99824,346,100021,100,99711,100,100065,100,99633,100,100101,100,99198,100,100131,100,99194,100,100140,100,99147,100,100147,100,99064,100,100298,100,98972,100,100333,100,98946,100
2019-06-28 10:04:59.439813412,100005,246,99949,446,100007,246,99824,346,100021,100,99711,100,100065,100,99633,100,100101,100,99198,100,100131,100,99194,100,100140,100,99147,100,100147,100,99064,100,100298,100,98972,100,100306,100,98946,100
2019-06-28 10:05:00.000000000,100005,173,99949,373,100007,173,99824,273,100021,173,99711,173,100065,173,99633,173,100101,100,99198,100,100131,100,99194,100,100140,100,99147,100,100147,100,99064,100,100298,100,98972,100,100306,100,98946,100
2019-06-28 10:05:04.986623163,100005,173,99949,373,100007,173,99824,273,100021,173,99711,173,100065,173,99633,173,100101,100,99198,100,100131,100,99147,100,100140,100,99064,100,100147,100,98972,100,100298,100,98946,100,100306,100,98880,100
2019-06-28 10:05:10.000000000,100005,158,99949,358,100007,158,99824,258,100021,158,99711,158,100065,158,99633,158,100101,158,99198,158,100131,100,99147,100,100140,100,99064,100,100147,100,98972,100,100298,100,98946,100,100306,100,98880,100
2019-06-28 10:05:17.012392129,100005,158,99949,458,100007,158,99824,258,100021,158,99711,58,100065,158,99633,158,100101,158,99198,158,100131,100,99147,100,100140,100,99064,100,100147,100,98972,100,100298,100,98946,100,100306,100,98880,100
2019-06-28 10:05:20.000000000,100005,391,99949,691,100007,100,99824,200,100021,100,99633,100,100065,100,99198,100,100101,100,99147,100,100131,100,99064,100,100140,100,98972,100,100147,100,98946,100,100298,100,98880,100,100306,100,98819,100
2019-06-28 10:05:24.350860464,100005,391,99949,691,100007,100,99824,200,100021,100,99633,100,100065,100,99198,100,100101,100,99147,100,100131,100,99064,100,100140,100,98972,100,100147,100,98946,100,100294,100,98880,100,100298,100,98819,100
2019-06-28 10:05:25.401419136,100005,391,99949,691,100007,100,99824,200,100021,100,99633,100,100065,100,99198,100,100101,100,99147,100,100131,100,99064,100,100140,100,98972,100,100147,100,98946,100,100298,100,98880,100,100306,100,98819,100
2019-06-28 10:05:30.000000000,100005,391,99949,691,100007,100,99824,200,100021,100,99633,100,100065,100,99198,100,100101,100,99147,100,100131,100,99064,100,100140,100,98972,100,100147,100,98946,100,100298,100,98880,100,100306,100,98819,100
2019-06-28 10:05:38.043304096,100005,291,99949,691,100007,100,99824,200,100021,100,99633,100,100065,100,99198,100,100101,100,99147,100,100131,100,99064,100,100140,100,98946,100,100147,100,98880,100,100298,100,98819,100,100306,100,98800,100
2019-06-28 10:05:40.000000000,100007,391,99949,691,100021,100,99824,200,100065,100,99633,100,100101,100,99198,100,100131,100,99147,100,100140,100,99064,100,100147,100,98946,100,100298,100,98880,100,100306,100,98819,100,100333,100,98800,100
2019-06-28 10:05:50.000000000,100007,246,99949,546,100021,246,99824,346,100065,100,99633,100,100101,100,99198,100,100131,100,99147,100,100140,100,99064,100,100147,100,98946,100,100298,100,98880,100,100306,100,98819,100,100333,100,98800,100
2019-06-28 10:05:50.631704927,100007,246,99974,100,100021,246,99949,546,100065,100,99824,346,100101,100,99633,100,100131,100,99198,100,100140,100,99147,100,100147,100,99064,100,100298,100,98946,100,100306,100,98880,100,100333,100,98819,100
2019-06-28 10:05:57.770505542,100007,246,99974,100,100021,246,99949,546,100065,100,99824,346,100101,100,99633,100,100110,100,99198,100,100131,100,99147,100,100140,100,99064,100,100298,100,98946,100,100306,100,98880,100,100333,100,98819,100
2019-06-28 10:06:00.000000000,100007,391,99974,391,100021,100,99949,400,100065,100,99824,200,100101,100,99633,100,100110,100,99198,100,100131,100,99147,100,100140,100,99064,100,100298,100,98946,100,100306,100,98880,100,100333,100,98819,100
2019-06-28 10:06:10.000000000,100007,158,99974,158,100021,158,99949,458,100065,158,99824,258,100101,158,99633,158,100110,158,99198,158,100131,100,99147,100,100140,100,99064,100,100298,100,98946,100,100306,100,98880,100,100333,100,98819,100
2019-06-28 10:06:18.837710118,100007,158,99974,158,100021,158,99949,458,100065,158,99824,258,100101,158,99633,158,100110,158,99198,158,100131,100,99147,100,100140,100,99064,100,100286,100,98946,100,100298,100,98880,100,100306,100,98819,100
2019-06-28 10:06:20.000000000,100007,199,99974,199,100021,196,99949,496,100065,196,99824,296,100101,100,99633,100,100110,100,99198,100,100131,100,99147,100,100140,100,99064,100,100286,100,98946,100,100298,100,98880,100,100306,100,98819,100
2019-06-28 10:06:21.443055200,100007,199,99974,199,100021,196,99949,496,100065,196,99933,100,100101,100,99824,296,100110,100,99633,100,100131,100,99198,100,100140,100,99147,100,100286,100,99064,100,100298,100,98946,100,100306,100,98880,100
2019-06-28 10:06:30.000000000,100007,173,99974,173,100021,173,99949,473,100065,173,99933,173,100101,173,99824,273,100110,100,99633,100,100131,100,99198,100,100140,100,99147,100,100286,100,99064,100,100298,100,98946,100,100306,100,98880,100
2019-06-28 10:06:40.000000000,100007,158,99974,158,100021,158,99949,458,100065,158,99933,158,100101,158,99824,258,100110,158,99633,158,100131,100,99198,100,100140,100,99147,100,100286,100,99064,100,100298,100,98946,100,100306,100,98880,100
2019-06-28 10:06:45.239024333,100007,158,99974,158,100021,158,99949,458,100042,100,99933,158,100065,158,99824,258,100101,158,99633,158,100110,158,99198,100,100131,100,99147,100,100140,100,99064,100,100286,100,98946,100,100298,100,98880,100
2019-06-28 10:06:50.000000000,100007,158,99974,158,100021,158,99949,458,100042,158,99933,158,100065,158,99824,258,100101,158,99633,158,100110,100,99198,100,100131,100,99147,100,100140,100,99064,100,100286,100,98946,100,100298,100,98880,100
2019-06-28 10:07:00.000000000,100007,246,99974,246,100021,246,99949,546,100042,100,99933,100,100065,100,99824,200,100101,100,99633,100,100110,100,99198,100,100131,100,99147,100,100140,100,99064,100,100286,100,98946,100,100298,100,98880,100
2019-06-28 10:07:10.000000000,100007,199,99974,199,100021,196,99949,496,100042,196,99933,196,100065,100,99824,200,100101,100,99633,100,100110,100,99198,100,100131,100,99147,100,100140,100,99064,100,100286,100,98946,100,100298,100,98880,100
2019-06-28 10:07:10.150773592,100007,199,99974,99,100021,196,99949,496,100042,196,99933,196,100065,100,99824,200,100101,100,99633,100,100110,100,99198,100,100131,100,99147,100,100140,100,99064,100,100286,100,98946,100,100298,100,98880,100
2019-06-28 10:07:20.000000000,100007,173,99949,473,100021,173,99933,173,100042,173,99824,273,100065,173,99633,173,100101,100,99198,100,100110,100,99147,100,100131,100,99064,100,100140,100,98946,100,100286,100,98880,100,100298,100,98819,100
2019-06-28 10:07:30.000000000,100007,199,99949,499,100021,196,99933,196,100042,196,99824,296,100065,100,99633,100,100101,100,99198,100,100110,100,99147,100,100131,100,99064,100,100140,100,98946,100,100286,100,98880,100,100298,100,98819,100
2019-06-28 10:07:38.453300865,100007,199,99949,399,100021,196,99933,196,100042,196,99824,296,100065,100,99198,100,100101,100,99147,100,100110,100,99064,100,100131,100,98946,100,100140,100,98880,100,100286,100,98819,100,100298,100,98800,100
