,ask_price_1,ask_size_1,bid_price_1,bid_size_1,ask_price_2,ask_size_2,bid_price_2,bid_size_2,ask_price_3,ask_size_3,bid_price_3,bid_size_3,ask_price_4,ask_size_4,bid_price_4,bid_size_4,ask_price_5,ask_size_5,bid_price_5,bid_size_5,ask_price_6,ask_size_6,bid_price_6,bid_size_6,ask_price_7,ask_size_7,bid_price_7,bid_size_7,ask_price_8,ask_size_8,bid_price_8,bid_size_8,ask_price_9,ask_size_9,bid_price_9,bid_size_9,ask_price_10,ask_size_10,bid_price_10,bid_size_10
2019-06-28 09:30:00.000000000,100027,100,,,,,,,,,,,,,,,,,,,,,,,,,,,,,,,,,,,,,,
2019-06-28 09:30:00.000000001,100027,100,,,100185,100,,,,,,,,,,,,,,,,,,,,,,,,,,,,,,,,,,
2019-06-28 09:30:00.000000002,100027,100,,,100185,100,,,100213,100,,,,,,,,,,,,,,,,,,,,,,,,,,,,,,
2019-06-28 09:30:00.000000003,100027,100,,,100140,100,,,100185,100,,,100213,100,,,,,,,,,,,,,,,,,,,,,,,,,,
2019-06-28 09:30:00.000000004,100027,100,99946,100,100140,100,,,100185,100,,,100213,100,,,,,,,,,,,,,,,,,,,,,,,,,,
2019-06-28 09:30:00.000000006,100027,100,99946,100,100098,100,,,100140,100,,,100185,100,,,100213,100,,,,,,,,,,,,,,,,,,,,,,
2019-06-28 09:30:00.000000008,100016,100,99946,100,100027,100,,,100098,100,,,100140,100,,,100185,100,,,100213,100,,,,,,,,,,,,,,,,,,
2019-06-28 09:30:00.000000011,100016,100,100004,100,100027,100,99946,100,100098,100,99928,100,100140,100,,,100185,100,,,100213,100,,,,,,,,,,,,,,,,,,
2019-06-28 09:30:00.000000012,100016,100,100004,100,100027,100,99946,100,100098,100,99928,100,100140,100,99923,100,100185,100,,,100213,100,,,,,,,,,,,,,,,,,,
2019-06-28 09:30:00.000000013,100016,100,100004,100,100027,100,99946,100,100098,100,99928,100,100140,100,99923,100,100185,100,99913,100,100213,100,,,,,,,,,,,,,,,,,,
2019-06-28 09:30:00.000000016,100016,100,100004,100,100027,100,99946,100,100098,100,99928,100,100140,100,99923,100,100156,100,99913,100,100185,100,,,100213,100,,,,,,,,,,,,,,
2019-06-28 09:30:00.000000018,100027,100,100004,100,100098,100,99946,100,100140,100,99928,100,100156,100,99923,100,100185,100,99913,100,100213,100,,,,,,,,,,,,,,,,,,
2019-06-28 09:30:00.000000020,100098,100,100004,100,100140,100,99946,100,100156,100,99928,100,100185,100,99923,100,100213,100,99913,100,,,99892,100,,,,,,,,,,,,,,,,
2019-06-28 09:30:00.000000021,100088,100,100004,100,100098,100,99946,100,100140,100,99928,100,100156,100,99923,100,100185,100,99913,100,100213,100,99892,100,,,,,,,,,,,,,,,,
2019-06-28 09:30:00.000000024,100088,100,100004,100,100098,100,99946,100,100140,100,99928,100,100156,100,99923,100,100185,100,99913,100,100213,100,99898,100,,,99892,100,,,,,,,,,,,,
2019-06-28 09:30:00.000000025,100073,100,100004,100,100088,100,99946,100,100098,100,99928,100,100140,100,99923,100,100156,100,99913,100,100185,100,99898,100,100213,100,99892,100,,,,,,,,,,,,
2019-06-28 09:30:00.000000027,100073,100,100004,100,100077,100,99946,100,100088,100,99935,100,100098,100,99928,100,100140,100,99923,100,100156,100,99913,100,100185,100,99898,100,100213,100,99892,100,,,,,,,,
2019-06-28 09:30:00.000000029,100073,100,100005,100,100077,100,100004,100,100088,100,99949,100,100098,100,99946,100,100140,100,99935,100,100156,100,99928,100,100185,100,99923,100,100213,100,99913,100,,,99898,100,,,99892,100
2019-06-28 09:30:00.000000033,100034,100,100005,100,100073,100,100004,100,100077,100,99949,100,100088,100,99946,100,100098,100,99935,100,100140,100,99928,100,100156,100,99923,100,100185,100,99913,100,100213,100,99898,100,,,99892,100
2019-06-28 09:30:00.000000034,100034,100,100005,100,100073,100,100004,100,100077,100,99969,100,100088,100,99949,100,100098,100,99946,100,100140,100,99935,100,100156,100,99928,100,100185,100,99925,100,100213,100,99923,100,,,99913,100
2019-06-28 09:30:00.000000040,100027,100,100005,100,100034,100,100004,100,100073,100,99969,100,100077,100,99949,100,100088,100,99946,100,100098,100,99935,100,100140,100,99929,100,100156,100,99928,100,100185,100,99925,100,100213,100,99923,100
2019-06-28 09:30:00.000000041,100027,100,100016,100,100034,100,100005,100,100073,100,100004,100,100077,100,99969,100,100088,100,99949,100,100098,100,99946,100,100140,100,99935,100,100156,100,99929,100,100185,100,99928,100,100213,100,99925,100
2019-06-28 09:30:00.000000043,100027,200,100016,100,100034,100,100005,100,100073,100,100004,100,100077,100,99969,100,100088,100,99949,100,100098,100,99946,100,100140,100,99935,100,100156,100,99929,100,100185,100,99928,100,100213,100,99925,100
2019-06-28 09:30:00.000000047,100027,200,100016,100,100034,100,100005,100,100073,100,100004,100,100077,100,99969,100,100084,100,99949,100,100088,100,99946,100,100098,100,99935,100,100140,100,99929,100,100156,100,99928,100,100185,100,99925,100
2019-06-28 09:30:00.000000048,100027,200,100016,100,100034,100,100005,100,100073,100,100004,100,100077,100,99969,100,100084,100,99949,100,100088,100,99946,100,100098,100,99935,100,100112,100,99929,100,100140,100,99928,100,100156,100,99925,100
2019-06-28 09:30:00.000000049,100027,300,100016,100,100034,100,100005,100,100073,100,100004,100,100077,100,99969,100,100084,100,99949,100,100088,100,99946,100,100098,100,99935,100,100112,100,99929,100,100140,100,99928,100,100156,100,99925,100
2019-06-28 09:30:00.000000052,100027,300,100016,100,100034,100,100005,100,100073,100,100004,100,100075,100,99969,100,100077,100,99949,100,100084,100,99946,100,100088,100,99935,100,100098,100,99929,100,100112,100,99928,100,100140,100,99925,100
2019-06-28 09:30:00.000000053,100027,300,100016,100,100034,100,100005,100,100073,100,100004,100,100075,100,99969,100,100077,100,99949,100,100084,100,99946,100,100088,100,99935,100,100098,100,99929,100,100101,100,99928,100,100112,100,99925,100
2019-06-28 09:30:00.000000055,100027,400,100016,100,100034,100,100005,100,100073,100,100004,100,100075,100,99969,100,100077,100,99949,100,100084,100,99946,100,100088,100,99935,100,100098,100,99929,100,100101,100,99928,100,100112,100,99925,100
2019-06-28 09:30:00.000000056,100027,400,100016,100,100034,100,100005,100,100073,100,100004,100,100075,100,99969,100,100077,100,99949,100,100084,100,99946,100,100088,100,99935,100,100091,100,99929,100,100098,100,99928,100,100101,100,99925,100
2019-06-28 09:30:00.000000058,100027,400,100016,100,100034,100,100005,100,100072,100,100004,100,100073,100,99969,100,100075,100,99949,100,100077,100,99946,100,100084,100,99935,100,100088,100,99929,100,100091,100,99928,100,100098,100,99925,100
2019-06-28 09:30:00.000000063,100027,400,100016,100,100034,100,100005,100,100072,100,100004,100,100073,100,99969,100,100075,100,99949,100,100077,100,99946,100,100084,100,99935,100,100088,100,99929,100,100091,100,99928,100,100098,100,99925,100
2019-06-28 09:30:00.000000066,100027,300,100016,100,100034,100,100005,100,100072,100,100004,100,100073,100,99969,100,100075,100,99949,100,100077,100,99946,100,100084,100,99935,100,100088,100,99929,100,100091,100,99928,100,100098,100,99925,100
2019-06-28 09:30:00.000000067,100027,300,100016,100,100034,100,100005,100,100072,100,100004,100,100073,100,99969,100,100075,100,99949,100,100077,100,99946,100,100084,100,99935,100,100088,100,99929,100,100091,100,99928,100,100098,100,99925,100
2019-06-28 09:30:00.000000068,100027,300,100016,100,100034,100,100005,100,100072,100,100004,100,100073,100,99969,100,100075,100,99949,100,100077,100,99946,100,100084,100,99935,100,100088,100,99929,100,100091,100,99928,100,100098,100,99925,100
2019-06-28 09:30:00.000000071,100027,300,100016,100,100034,100,100005,100,100051,100,100004,100,100072,100,99969,100,100073,100,99949,100,100075,100,99946,100,100077,100,99935,100,100084,100,99929,100,100088,100,99928,100,100091,100,99925,100
2019-06-28 09:30:00.000000074,100027,200,100016,100,100034,100,100005,100,100051,100,100004,100,100072,100,99969,100,100073,100,99949,100,100075,100,99946,100,100077,100,99935,100,100084,100,99931,100,100088,100,99929,100,100091,100,99928,100
2019-06-28 09:30:00.000000080,100027,200,100005,100,100034,100,100004,100,100047,100,99969,100,100051,100,99949,100,100072,100,99946,100,100073,100,99935,100,100075,100,99931,100,100077,100,99929,100,100084,100,99928,100,100088,100,99925,100
2019-06-28 09:30:00.000000081,100027,200,100012,100,100034,100,100005,100,100047,100,100004,100,100051,100,99969,100,100072,100,99949,100,100073,100,99946,100,100075,100,99935,100,100077,100,99931,100,100084,100,99929,100,100088,100,99928,100
2019-06-28 09:30:00.000000082,100027,200,100005,100,100034,100,100004,100,100047,100,99969,100,100051,100,99949,100,100072,100,99946,100,100073,100,99935,100,100075,100,99931,100,100077,100,99929,100,100084,100,99928,100,100088,100,99925,100
2019-06-28 09:30:00.000000083,100016,100,100005,100,100027,200,100004,100,100034,100,99969,100,100047,100,99949,100,100051,100,99946,100,100072,100,99935,100,100073,100,99931,100,100075,100,99929,100,100077,100,99928,100,100084,100,99925,100
2019-06-28 09:30:00.000000085,100016,100,100005,100,100027,200,100004,100,100034,100,99969,100,100047,100,99949,100,100051,100,99946,100,100072,100,99935,100,100073,100,99931,100,100075,100,99929,100,100077,100,99928,100,100084,100,99925,100
2019-06-28 09:30:00.000000087,100013,100,100005,100,100016,100,100004,100,100023,100,99969,100,100027,200,99949,100,100034,100,99946,100,100047,100,99935,100,100051,100,99931,100,100072,100,99929,100,100073,100,99928,100,100075,100,99925,100
2019-06-28 09:30:00.000000088,100013,100,100005,100,100016,100,100004,100,100023,100,99969,100,100027,200,99949,100,100034,100,99946,100,100047,100,99935,100,100051,100,99931,200,100072,100,99929,100,100073,100,99928,100,100075,100,99925,100
2019-06-28 09:30:00.000000091,100013,100,100005,100,100016,100,100004,100,100023,100,99969,100,100027,200,99960,100,100034,100,99949,100,100047,100,99946,100,100051,100,99935,100,100062,100,99931,200,100072,100,99929,100,100073,100,99928,100
2019-06-28 09:30:00.000000097,100013,100,100005,100,100016,100,100004,100,100023,100,99969,100,100027,200,99960,100,100034,100,99949,100,100047,100,99946,100,100051,100,99935,100,100062,100,99931,200,100072,100,99929,100,100073,100,99928,100
2019-06-28 09:30:00.000000098,100013,100,100005,100,100016,100,100004,100,100023,100,99969,100,100027,200,99960,100,100034,100,99949,100,100047,100,99946,100,100051,100,99935,100,100062,100,99931,200,100072,100,99929,100,100073,100,99928,100
2019-06-28 09:30:00.000000099,100013,100,100005,100,100016,100,100004,100,100023,100,99969,100,100027,200,99960,100,100034,100,99949,100,100047,100,99946,100,100051,100,99935,100,100062,100,99931,200,100072,100,99929,100,100073,100,99928,100
2019-06-28 09:30:01.564016681,100016,100,100004,100,100023,100,99969,100,100027,200,99960,100,100034,100,99949,100,100047,100,99946,100,100051,100,99935,100,100062,100,99931,200,100072,100,99929,100,100073,100,99928,100,100075,100,99925,100
2019-06-28 09:30:10.000000000,100016,186,100004,186,100023,184,99969,184,100027,284,99960,184,100034,100,99949,100,100047,100,99946,100,100051,100,99935,100,100062,100,99931,200,100072,100,99929,100,100073,100,99928,100,100075,100,99925,100
2019-06-28 09:30:20.000000000,100016,227,100004,227,100023,227,99969,227,100027,200,99960,100,100034,100,99949,100,100047,100,99946,100,100051,100,99935,100,100062,100,99931,200,100072,100,99929,100,100073,100,99928,100,100075,100,99925,100
2019-06-28 09:30:25.012661608,100016,227,100004,227,100023,227,99969,227,100027,200,99960,100,100034,100,99949,100,100047,100,99946,100,100051,100,99935,100,100062,100,99931,100,100072,100,99929,100,100073,100,99928,100,100075,100,99925,100
2019-06-28 09:30:30.000000000,100016,164,100004,164,100023,164,99969,164,100027,264,99960,164,100034,164,99949,164,100047,100,99946,100,100051,100,99935,100,100062,100,99931,100,100072,100,99929,100,100073,100,99928,100,100075,100,99925,100
2019-06-28 09:30:32.381496539,100016,164,100012,100,100023,164,100004,164,100027,264,99969,164,100034,164,99960,164,100047,100,99949,164,100051,100,99946,100,100062,100,99935,100,100072,100,99931,100,100073,100,99929,100,100075,100,99928,100
2019-06-28 09:30:40.000000000,100016,227,100012,227,100023,227,100004,227,100027,200,99969,100,100034,100,99960,100,100047,100,99949,100,100051,100,99946,100,100062,100,99935,100,100072,100,99931,100,100073,100,99929,100,100075,100,99928,100
2019-06-28 09:30:45.376008367,100016,127,100012,227,100023,227,100004,227,100027,200,99960,100,100034,100,99949,100,100047,100,99946,100,100051,100,99935,100,100062,100,99931,100,100072,100,99929,100,100073,100,99928,100,100075,100,99925,100
2019-06-28 09:30:50.000000000,100023,186,100012,186,100027,284,100004,184,100034,184,99960,184,100047,100,99949,100,100051,100,99946,100,100062,100,99935,100,100072,100,99931,100,100073,100,99929,100,100075,100,99928,100,100077,100,99925,100
2019-06-28 09:30:57.495371300,100023,186,100012,86,100027,284,100004,184,100034,184,99960,184,100047,100,99949,100,100051,100,99946,100,100062,100,99935,100,100072,100,99931,100,100073,100,99929,100,100075,100,99928,100,100077,100,99925,100
2019-06-28 09:31:00.000000000,100023,186,100004,186,100027,284,99960,184,100034,184,99949,184,100047,100,99946,100,100051,100,99935,100,100062,100,99931,100,100072,100,99929,100,100073,100,99928,100,100075,100,99925,100,100077,100,99923,100
2019-06-28 09:31:09.156752154,100023,186,100004,186,100027,284,99960,184,100034,184,99949,184,100047,100,99946,100,100051,100,99935,100,100072,100,99931,100,100073,100,99929,100,100075,100,99928,100,100077,100,99925,100,100084,100,99923,100
2019-06-28 09:31:10.000000000,100023,227,100004,227,100027,327,99960,227,100034,100,99949,100,100047,100,99946,100,100051,100,99935,100,100072,100,99931,100,100073,100,99929,100,100075,100,99928,100,100077,100,99925,100,100084,100,99923,100
2019-06-28 09:31:20.000000000,100023,354,100004,354,100027,200,99960,100,100034,100,99949,100,100047,100,99946,100,100051,100,99935,100,100072,100,99931,100,100073,100,99929,100,100075,100,99928,100,100077,100,99925,100,100084,100,99923,100
2019-06-28 09:31:27.531631580,100023,354,100004,354,100027,200,99960,100,100034,100,99949,100,100047,100,99946,100,100051,100,99935,100,100072,100,99931,100,100073,100,99929,100,100075,100,99928,100,100077,100,99925,100,100084,100,99923,100
2019-06-28 09:31:30.000000000,100023,354,100004,354,100027,200,99960,100,100034,100,99949,100,100047,100,99946,100,100051,100,99935,100,100072,100,99931,100,100073,100,99929,100,100075,100,99928,100,100077,100,99925,100,100084,100,99923,100
2019-06-28 09:31:40.000000000,100023,151,100004,151,100027,251,99960,151,100034,151,99949,151,100047,151,99946,151,100051,151,99935,151,100072,100,99931,100,100073,100,99929,100,100075,100,99928,100,100077,100,99925,100,100084,100,99923,100
2019-06-28 09:31:50.000000000,100023,186,100004,186,100027,284,99960,184,100034,184,99949,184,100047,100,99946,100,100051,100,99935,100,100072,100,99931,100,100073,100,99929,100,100075,100,99928,100,100077,100,99925,100,100084,100,99923,100
2019-06-28 09:31:53.079918550,100023,186,100004,86,100027,284,99960,184,100034,184,99949,184,100047,100,99946,100,100051,100,99935,100,100072,100,99931,100,100073,100,99929,100,100075,100,99928,100,100077,100,99925,100,100084,100,99923,100
2019-06-28 09:32:00.000000000,100023,151,99960,151,100027,251,99949,151,100034,151,99946,151,100047,151,99935,151,100051,151,99931,151,100072,100,99929,100,100073,100,99928,100,100075,100,99925,100,100077,100,99923,100,100084,100,99918,100
2019-06-28 09:32:10.000000000,100023,354,99960,354,100027,200,99949,100,100034,100,99946,100,100047,100,99935,100,100051,100,99931,100,100072,100,99929,100,100073,100,99928,100,100075,100,99925,100,100077,100,99923,100,100084,100,99918,100
2019-06-28 09:32:20.000000000,100023,164,99960,164,100027,264,99949,164,100034,164,99946,164,100047,164,99935,164,100051,100,99931,100,100072,100,99929,100,100073,100,99928,100,100075,100,99925,100,100077,100,99923,100,100084,100,99918,100
2019-06-28 09:32:21.913004875,100023,164,99960,64,100027,264,99949,164,100034,164,99946,164,100047,164,99935,164,100051,100,99931,100,100072,100,99929,100,100073,100,99928,100,100075,100,99925,100,100077,100,99923,100,100084,100,99918,100
2019-06-28 09:32:30.000000000,100023,227,99949,227,100027,327,99946,227,100034,100,99935,100,100047,100,99931,100,100051,100,99929,100,100072,100,99928,100,100073,100,99925,100,100075,100,99923,100,100077,100,99918,100,100084,100,99913,100
2019-06-28 09:32:40.000000000,100023,227,99949,227,100027,327,99946,227,100034,100,99935,100,100047,100,99931,100,100051,100,99929,100,100072,100,99928,100,100073,100,99925,100,100075,100,99923,100,100077,100,99918,100,100084,100,99913,100
2019-06-28 09:32:47.002749815,100023,227,99949,227,100027,327,99946,227,100034,100,99935,100,100047,100,99931,100,100051,100,99929,100,100072,100,99928,100,100073,100,99925,100,100075,100,99923,100,100077,100,99918,100,100084,100,99913,100
2019-06-28 09:32:50.000000000,100023,186,99949,186,100027,284,99946,184,100034,184,99935,184,100047,100,99931,100,100051,100,99929,100,100072,100,99928,100,100073,100,99925,100,100075,100,99923,100,100077,100,99918,100,100084,100,99913,100
2019-06-28 09:33:00.000000000,100023,186,99949,186,100027,284,99946,184,100034,184,99935,184,100047,100,99931,100,100051,100,99929,100,100072,100,99928,100,100073,100,99925,100,100075,100,99923,100,100077,100,99918,100,100084,100,99913,100
2019-06-28 09:33:02.248183534,100023,186,99949,86,100027,284,99946,184,100034,184,99935,184,100047,100,99931,100,100051,100,99929,100,100072,100,99928,100,100073,100,99925,100,100075,100,99923,100,100077,100,99918,100,100084,100,99913,100
2019-06-28 09:33:10.000000000,100023,164,99946,164,100027,264,99935,164,100034,164,99931,164,100047,164,99929,164,100051,100,99928,100,100072,100,99925,100,100073,100,99923,100,100075,100,99918,100,100077,100,99913,100,100084,100,99907,100
2019-06-28 09:33:17.452738233,100023,164,99946,164,100027,264,99935,164,100034,164,99931,164,100047,164,99929,164,100051,100,99928,100,100072,100,99925,100,100073,100,99923,100,100075,100,99918,100,100077,100,99913,100,100084,100,99907,100
2019-06-28 09:33:20.000000000,100023,186,99946,186,100027,284,99935,184,100034,184,99931,184,100047,100,99929,100,100051,100,99928,100,100072,100,99925,100,100073,100,99923,100,100075,100,99918,100,100077,100,99913,100,100084,100,99907,100
2019-06-28 09:33:25.331409808,100023,186,99946,86,100027,284,99935,184,100034,184,99931,184,100047,100,99929,100,100051,100,99928,100,100072,100,99925,100,100073,100,99923,100,100075,100,99918,100,100077,100,99913,100,100084,100,99907,100
2019-06-28 09:33:30.000000000,100023,354,99935,354,100027,200,99931,100,100034,100,99929,100,100047,100,99928,100,100051,100,99925,100,100072,100,99923,100,100073,100,99918,100,100075,100,99913,100,100077,100,99907,100,100084,100,99896,100
2019-06-28 09:33:35.682552904,100023,354,99935,354,100027,200,99931,100,100034,100,99929,100,100047,100,99928,100,100051,100,99925,100,100072,100,99923,100,100073,100,99918,100,100075,100,99913,100,100077,100,99907,100,100084,100,99896,100
2019-06-28 09:33:40.000000000,100023,186,99935,186,100027,284,99931,184,100034,184,99929,184,100047,100,99928,100,100051,100,99925,100,100072,100,99923,100,100073,100,99918,100,100075,100,99913,100,100077,100,99907,100,100084,100,99896,100
2019-06-28 09:33:50.000000000,100023,354,99935,354,100027,200,99931,100,100034,100,99929,100,100047,100,99928,100,100051,100,99925,100,100072,100,99923,100,100073,100,99918,100,100075,100,99913,100,100077,100,99907,100,100084,100,99896,100
2019-06-28 09:34:00.000000000,100023,151,99935,151,100027,251,99931,151,100034,151,99929,151,100047,151,99928,151,100051,151,99925,151,100072,100,99923,100,100073,100,99918,100,100075,100,99913,100,100077,100,99907,100,100084,100,99896,100
2019-06-28 09:34:10.000000000,100023,227,99935,227,100027,327,99931,227,100034,100,99929,100,100047,100,99928,100,100051,100,99925,100,100072,100,99923,100,100073,100,99918,100,100075,100,99913,100,100077,100,99907,100,100084,100,99896,100
2019-06-28 09:34:20.000000000,100023,354,99935,354,100027,200,99931,100,100034,100,99929,100,100047,100,99928,100,100051,100,99925,100,100072,100,99923,100,100073,100,99918,100,100075,100,99913,100,100077,100,99907,100,100084,100,99896,100
2019-06-28 09:34:30.000000000,100023,151,99935,151,100027,251,99931,151,100034,151,99929,151,100047,151,99928,151,100051,151,99925,151,100072,100,99923,100,100073,100,99918,100,100075,100,99913,100,100077,100,99907,100,100084,100,99896,100
2019-06-28 09:34:33.040444406,100023,151,99935,51,100027,251,99931,151,100034,151,99929,151,100047,151,99928,151,100051,151,99925,151,100072,100,99923,100,100073,100,99918,100,100075,100,99913,100,100077,100,99907,100,100084,100,99896,100
2019-06-28 09:34:40.000000000,100023,354,99931,354,100027,200,99929,100,100034,100,99928,100,100047,100,99925,100,100051,100,99923,100,100072,100,99918,100,100073,100,99913,100,100075,100,99907,100,100077,100,99896,100,100084,100,99892,100
2019-06-28 09:34:49.497509117,100023,354,99931,354,100027,200,99929,100,100034,100,99928,100,100047,100,99925,100,100051,100,99923,100,100072,100,99918,100,100073,100,99913,100,100075,100,99907,100,100077,100,99896,100,100084,100,99892,100
2019-06-28 09:34:49.844996014,100023,354,99931,254,100027,200,99929,100,100034,100,99928,100,100047,100,99925,100,100051,100,99923,100,100072,100,99918,100,100073,100,99913,100,100075,100,99907,100,100077,100,99896,100,100084,100,99892,100
2019-06-28 09:34:50.000000000,100023,227,99929,227,100027,327,99928,227,100034,100,99925,100,100047,100,99923,100,100051,100,99918,100,100072,100,99913,100,100073,100,99907,100,100075,100,99896,100,100077,100,99892,100,100084,100,99860,100
2019-06-28 09:34:58.184980896,99946,100,99929,227,100023,227,99928,227,100027,227,99925,100,100034,100,99923,100,100047,100,99918,100,100051,100,99913,100,100072,100,99907,100,100073,100,99896,100,100075,100,99892,100,100077,100,99860,100
2019-06-28 09:35:00.000000000,99946,164,99929,164,100023,164,99928,164,100027,164,99925,164,100034,164,99923,164,100047,100,99918,100,100051,100,99913,100,100072,100,99907,100,100073,100,99896,100,100075,100,99892,100,100077,100,99860,100
2019-06-28 09:35:06.391701588,99946,264,99929,164,100023,164,99928,164,100027,164,99925,164,100034,164,99923,164,100047,100,99918,100,100051,100,99913,100,100072,100,99907,100,100073,100,99896,100,100075,100,99892,100,100077,100,99860,100
2019-06-28 09:35:10.000000000,99946,327,99929,227,100023,227,99928,227,100027,100,99925,100,100034,100,99923,100,100047,100,99918,100,100051,100,99913,100,100072,100,99907,100,100073,100,99896,100,100075,100,99892,100,100077,100,99860,100
2019-06-28 09:35:13.172874493,99946,327,99929,227,100023,227,99928,227,100027,100,99925,100,100034,100,99923,100,100047,100,99918,100,100051,100,99913,100,100072,100,99907,100,100073,100,99896,100,100075,100,99892,100,100077,100,99860,100
2019-06-28 09:35:20.000000000,99946,251,99929,151,100023,151,99928,151,100027,151,99925,151,100034,151,99923,151,100047,151,99918,151,100051,100,99913,100,100072,100,99907,100,100073,100,99896,100,100075,100,99892,100,100077,100,99860,100
2019-06-28 09:35:30.000000000,99946,454,99929,354,100023,100,99928,100,100027,100,99925,100,100034,100,99923,100,100047,100,99918,100,100051,100,99913,100,100072,100,99907,100,100073,100,99896,100,100075,100,99892,100,100077,100,99860,100
2019-06-28 09:35:30.386375472,99946,454,99929,354,100023,100,99928,100,100027,100,99925,100,100034,100,99923,100,100047,100,99918,100,100051,100,99913,100,100072,100,99907,100,100073,100,99896,100,100075,100,99892,100,100077,100,99860,100
2019-06-28 09:35:33.978738003,99946,454,99929,254,100023,100,99928,100,100027,100,99925,100,100034,100,99923,100,100047,100,99918,100,100051,100,99913,100,100072,100,99907,100,100073,100,99896,100,100075,100,99892,100,100077,100,99860,100
2019-06-28 09:35:40.000000000,99946,251,99928,151,100023,151,99925,151,100027,151,99923,151,100034,151,99918,151,100047,151,99913,151,100051,100,99907,100,100072,100,99896,100,100073,100,99892,100,100075,100,99860,100,100077,100,99836,100
2019-06-28 09:35:50.000000000,99946,454,99928,354,100023,100,99925,100,100027,100,99923,100,100034,100,99918,100,100047,100,99913,100,100051,100,99907,100,100072,100,99896,100,100073,100,99892,100,100075,100,99860,100,100077,100,99836,100
2019-06-28 09:35:57.363345268,99935,100,99928,354,99946,454,99925,100,100023,100,99923,100,100027,100,99918,100,100034,100,99907,100,100047,100,99896,100,100051,100,99892,100,100072,100,99860,100,100073,100,99836,100,100075,100,99808,100
2019-06-28 09:36:00.000000000,99935,164,99928,164,99946,264,99925,164,100023,164,99923,164,100027,164,99918,164,100034,100,99907,100,100047,100,99896,100,100051,100,99892,100,100072,100,99860,100,100073,100,99836,100,100075,100,99808,100
2019-06-28 09:36:03.242676498,99935,164,99928,64,99946,264,99925,164,100023,164,99923,164,100027,164,99918,164,100034,100,99907,100,100047,100,99896,100,100051,100,99892,100,100072,100,99860,100,100073,100,99836,100,100075,100,99808,100
2019-06-28 09:36:10.000000000,99935,164,99925,164,99946,264,99923,164,100023,164,99918,164,100027,164,99907,164,100034,100,99896,100,100047,100,99892,100,100051,100,99860,100,100072,100,99836,100,100073,100,99808,100,100075,100,99713,100
2019-06-28 09:36:20.000000000,99935,186,99925,186,99946,284,99923,184,100023,184,99918,184,100027,100,99907,100,100034,100,99896,100,100047,100,99892,100,100051,100,99860,100,100072,100,99836,100,100073,100,99808,100,100075,100,99713,100
2019-06-28 09:36:30.000000000,99935,164,99925,164,99946,264,99923,164,100023,164,99918,164,100027,164,99907,164,100034,100,99896,100,100047,100,99892,100,100051,100,99860,100,100072,100,99836,100,100073,100,99808,100,100075,100,99713,100
2019-06-28 09:36:37.642995171,99935,164,99925,64,99946,264,99923,164,100023,164,99918,164,100027,164,99907,164,100034,100,99896,100,100047,100,99892,100,100051,100,99860,100,100072,100,99836,100,100073,100,99808,100,100075,100,99713,100
2019-06-28 09:36:40.000000000,99935,227,99923,227,99946,327,99918,227,100023,100,99907,100,100027,100,99896,100,100034,100,99892,100,100047,100,99860,100,100051,100,99836,100,100072,100,99808,100,100073,100,99713,100,100075,100,99529,100
2019-06-28 09:36:50.000000000,99935,186,99923,186,99946,284,99918,184,100023,184,99907,184,100027,100,99896,100,100034,100,99892,100,100047,100,99860,100,100051,100,99836,100,100072,100,99808,100,100073,100,99713,100,100075,100,99529,100
2019-06-28 09:36:53.410772433,99935,186,99923,86,99946,284,99918,184,100023,184,99907,184,100027,100,99896,100,100034,100,99892,100,100047,100,99860,100,100051,100,99836,100,100072,100,99808,100,100073,100,99713,100,100075,100,99529,100
2019-06-28 09:37:00.000000000,99935,164,99918,164,99946,264,99907,164,100023,164,99896,164,100027,164,99892,164,100034,100,99860,100,100047,100,99836,100,100051,100,99808,100,100072,100,99713,100,100073,100,99529,100,100075,100,99421,100
2019-06-28 09:37:09.368417331,99935,164,99918,164,99946,164,99907,164,100023,164,99896,164,100027,164,99892,164,100034,100,99860,100,100047,100,99836,100,100051,100,99808,100,100072,100,99713,100,100073,100,99529,100,100075,100,99421,100
2019-06-28 09:37:10.000000000,99935,227,99918,227,99946,227,99907,227,100023,100,99896,100,100027,100,99892,100,100034,100,99860,100,100047,100,99836,100,100051,100,99808,100,100072,100,99713,100,100073,100,99529,100,100075,100,99421,100
2019-06-28 09:37:11.463802409,99935,227,99918,227,99946,227,99907,227,100023,100,99896,100,100027,100,99892,100,100034,100,99860,100,100047,100,99836,100,100051,100,99808,100,100072,100,99713,100,100073,100,99529,100,100075,100,99421,100
2019-06-28 09:37:12.124110353,99935,227,99918,127,99946,227,99907,227,100023,100,99896,100,100027,100,99892,100,100034,100,99860,100,100047,100,99836,100,100072,100,99808,100,100073,100,99713,100,100075,100,99529,100,100077,100,99421,100
2019-06-28 09:37:20.000000000,99935,186,99907,186,99946,184,99896,184,100023,184,99892,184,100027,100,99860,100,100034,100,99836,100,100047,100,99808,100,100072,100,99713,100,100073,100,99529,100,100075,100,99421,100,100077,100,99325,100
2019-06-28 09:37:30.000000000,99935,227,99907,227,99946,227,99896,227,100023,100,99892,100,100027,100,99860,100,100034,100,99836,100,100047,100,99808,100,100072,100,99713,100,100073,100,99529,100,100075,100,99421,100,100077,100,99325,100
2019-06-28 09:37:40.000000000,99935,354,99907,354,99946,100,99896,100,100023,100,99892,100,100027,100,99860,100,100034,100,99836,100,100047,100,99808,100,100072,100,99713,100,100073,100,99529,100,100075,100,99421,100,100077,100,99325,100
2019-06-28 09:37:42.332395332,99935,354,99907,354,99946,100,99896,100,100023,100,99892,100,100027,100,99860,100,100034,100,99836,100,100047,100,99808,100,100072,100,99792,100,100073,100,99713,100,100075,100,99529,100,100077,100,99421,100
2019-06-28 09:37:43.901473317,99935,354,99907,354,99946,100,99896,100,100023,100,99892,100,100027,100,99860,100,100034,100,99836,100,100035,100,99808,100,100047,100,99792,100,100072,100,99713,100,100073,100,99529,100,100075,100,99421,100
2019-06-28 09:37:50.000000000,99935,354,99907,354,99946,100,99896,100,100023,100,99892,100,100027,100,99860,100,100034,100,99836,100,100035,100,99808,100,100047,100,99792,100,100072,100,99713,100,100073,100,99529,100,100075,100,99421,100
2019-06-28 09:37:51.654430582,99935,254,99907,354,99946,100,99896,100,100023,100,99892,100,100027,100,99860,100,100034,100,99836,100,100035,100,99808,100,100047,100,99792,100,100072,100,99713,100,100073,100,99529,100,100075,100,99421,100
2019-06-28 09:37:54.971661078,99935,254,99917,100,99946,100,99907,354,100023,100,99896,100,100027,100,99892,100,100034,100,99860,100,100035,100,99836,100,100047,100,99808,100,100072,100,99792,100,100073,100,99713,100,100075,100,99529,100
2019-06-28 09:37:55.290155483,99935,254,99917,100,100023,100,99907,354,100027,100,99896,100,100034,100,99892,100,100035,100,99860,100,100047,100,99836,100,100072,100,99808,100,100073,100,99792,100,100075,100,99713,100,100077,100,99529,100
2019-06-28 09:38:00.000000000,100023,227,99917,227,100027,227,99907,227,100034,100,99896,100,100035,100,99892,100,100047,100,99860,100,100072,100,99836,100,100073,100,99808,100,100075,100,99792,100,100077,100,99713,100,100084,100,99529,100
2019-06-28 09:38:10.000000000,100023,164,99917,164,100027,164,99907,164,100034,164,99896,164,100035,164,99892,164,100047,100,99860,100,100072,100,99836,100,100073,100,99808,100,100075,100,99792,100,100077,100,99713,100,100084,100,99529,100
2019-06-28 09:38:20.000000000,100023,227,99917,227,100027,227,99907,227,100034,100,99896,100,100035,100,99892,100,100047,100,99860,100,100072,100,99836,100,100073,100,99808,100,100075,100,99792,100,100077,100,99713,100,100084,100,99529,100
2019-06-28 09:38:30.000000000,100023,151,99917,151,100027,151,99907,151,100034,151,99896,151,100035,151,99892,151,100047,151,99860,151,100072,100,99836,100,100073,100,99808,100,100075,100,99792,100,100077,100,99713,100,100084,100,99529,100
2019-06-28 09:38:40.000000000,100023,151,99917,151,100027,151,99907,151,100034,151,99896,151,100035,151,99892,151,100047,151,99860,151,100072,100,99836,100,100073,100,99808,100,100075,100,99792,100,100077,100,99713,100,100084,100,99529,100
2019-06-28 09:38:50.000000000,100023,227,99917,227,100027,227,99907,227,100034,100,99896,100,100035,100,99892,100,100047,100,99860,100,100072,100,99836,100,100073,100,99808,100,100075,100,99792,100,100077,100,99713,100,100084,100,99529,100
2019-06-28 09:39:00.000000000,100023,164,99917,164,100027,164,99907,164,100034,164,99896,164,100035,164,99892,164,100047,100,99860,100,100072,100,99836,100,100073,100,99808,100,100075,100,99792,100,100077,100,99713,100,100084,100,99529,100
2019-06-28 09:39:05.069474679,100023,164,99917,164,100027,164,99907,164,100034,164,99896,164,100035,164,99892,164,100047,100,99860,100,100072,100,99836,100,100073,100,99808,100,100075,100,99792,100,100077,100,99713,100,100084,100,99639,100
2019-06-28 09:39:10.000000000,100023,186,99917,186,100027,184,99907,184,100034,184,99896,184,100035,100,99892,100,100047,100,99860,100,100072,100,99836,100,100073,100,99808,100,100075,100,99792,100,100077,100,99713,100,100084,100,99639,100
2019-06-28 09:39:20.000000000,100023,164,99917,164,100027,164,99907,164,100034,164,99896,164,100035,164,99892,164,100047,100,99860,100,100072,100,99836,100,100073,100,99808,100,100075,100,99792,100,100077,100,99713,100,100084,100,99639,100
2019-06-28 09:39:30.000000000,100023,354,99917,354,100027,100,99907,100,100034,100,99896,100,100035,100,99892,100,100047,100,99860,100,100072,100,99836,100,100073,100,99808,100,100075,100,99792,100,100077,100,99713,100,100084,100,99639,100
2019-06-28 09:39:31.028812886,100023,354,99917,154,100027,100,99907,100,100034,100,99896,100,100035,100,99892,100,100047,100,99860,100,100072,100,99836,100,100073,100,99808,100,100075,100,99792,100,100077,100,99713,100,100084,100,99639,100
2019-06-28 09:39:40.000000000,100023,354,99907,354,100027,100,99896,100,100034,100,99892,100,100035,100,99860,100,100047,100,99836,100,100072,100,99808,100,100073,100,99792,100,100075,100,99713,100,100077,100,99639,100,100084,100,99421,100
2019-06-28 09:39:44.238117996,100023,354,99907,254,100027,100,99896,100,100034,100,99892,100,100035,100,99860,100,100047,100,99836,100,100072,100,99808,100,100073,100,99792,100,100075,100,99713,100,100077,100,99639,100,100084,100,99421,100
2019-06-28 09:39:50.000000000,100023,151,99896,151,100027,151,99892,151,100034,151,99860,151,100035,151,99836,151,100047,151,99808,151,100072,100,99792,100,100073,100,99713,100,100075,100,99639,100,100077,100,99421,100,100084,100,99325,100
2019-06-28 09:40:00.000000000,100023,227,99896,227,100027,227,99892,227,100034,100,99860,100,100035,100,99836,100,100047,100,99808,100,100072,100,99792,100,100073,100,99713,100,100075,100,99639,100,100077,100,99421,100,100084,100,99325,100
2019-06-28 09:40:10.000000000,100023,227,99896,227,100027,227,99892,227,100034,100,99860,100,100035,100,99836,100,100047,100,99808,100,100072,100,99792,100,100073,100,99713,100,100075,100,99639,100,100077,100,99421,100,100084,100,99325,100
2019-06-28 09:40:10.106337456,100023,227,99896,127,100027,227,99892,227,100034,100,99860,100,100035,100,99808,100,100047,100,99792,100,100072,100,99713,100,100073,100,99639,100,100075,100,99421,100,100077,100,99325,100,100084,100,99234,100
2019-06-28 09:40:14.868292400,99907,100,99896,127,100023,227,99892,227,100027,227,99860,100,100034,100,99808,100,100035,100,99792,100,100047,100,99713,100,100072,100,99639,100,100073,100,99421,100,100075,100,99325,100,100077,100,99234,100
2019-06-28 09:40:19.892505876,99907,100,99896,27,100023,227,99892,227,100027,227,99860,100,100034,100,99808,100,100035,100,99792,100,100047,100,99713,100,100072,100,99639,100,100073,100,99421,100,100075,100,99325,100,100077,100,99234,100
2019-06-28 09:40:20.000000000,99907,354,99892,354,100023,100,99860,100,100027,100,99808,100,100034,100,99792,100,100035,100,99713,100,100047,100,99639,100,100072,100,99421,100,100073,100,99325,100,100075,100,99234,100,100077,100,99202,100
2019-06-28 09:40:28.690031619,99907,354,99892,354,100023,100,99860,100,100027,100,99808,100,100034,100,99792,100,100035,100,99713,100,100047,100,99639,100,100072,100,99421,100,100073,100,99389,100,100075,100,99325,100,100077,100,99234,100
2019-06-28 09:40:30.000000000,99907,227,99892,227,100023,227,99860,227,100027,100,99808,100,100034,100,99792,100,100035,100,99713,100,100047,100,99639,100,100072,100,99421,100,100073,100,99389,100,100075,100,99325,100,100077,100,99234,100
2019-06-28 09:40:35.995802770,99907,227,99892,227,100023,227,99860,227,100027,100,99808,100,100034,100,99792,100,100035,100,99713,100,100047,100,99639,100,100072,100,99521,100,100073,100,99421,100,100075,100,99389,100,100077,100,99325,100
2019-06-28 09:40:38.594127629,99907,227,99892,227,100023,227,99860,227,100027,100,99816,100,100034,100,99808,100,100035,100,99792,100,100047,100,99713,100,100072,100,99521,100,100073,100,99421,100,100075,100,99389,100,100077,100,99325,100
2019-06-28 09:40:39.412171062,99907,227,99892,127,100023,227,99860,227,100027,100,99816,100,100034,100,99792,100,100035,100,99713,100,100047,100,99521,100,100072,100,99421,100,100073,100,99389,100,100075,100,99325,100,100077,100,99234,100
2019-06-28 09:40:40.000000000,99907,164,99860,164,100023,164,99816,164,100027,164,99792,164,100034,164,99713,164,100035,100,99521,100,100047,100,99421,100,100072,100,99389,100,100073,100,99325,100,100075,100,99234,100,100077,100,99202,100
2019-06-28 09:40:50.000000000,99907,186,99860,186,100023,184,99816,184,100027,184,99792,184,100034,100,99713,100,100035,100,99521,100,100047,100,99421,100,100072,100,99389,100,100073,100,99325,100,100075,100,99234,100,100077,100,99202,100
2019-06-28 09:41:00.000000000,99907,354,99860,354,100023,100,99816,100,100027,100,99792,100,100034,100,99713,100,100035,100,99521,100,100047,100,99421,100,100072,100,99389,100,100073,100,99325,100,100075,100,99234,100,100077,100,99202,100
2019-06-28 09:41:10.000000000,99907,354,99860,354,100023,100,99816,100,100027,100,99792,100,100034,100,99713,100,100035,100,99521,100,100047,100,99421,100,100072,100,99389,100,100073,100,99325,100,100075,100,99234,100,100077,100,99202,100
2019-06-28 09:41:20.000000000,99907,354,99860,354,100023,100,99816,100,100027,100,99792,100,100034,100,99713,100,100035,100,99521,100,100047,100,99421,100,100072,100,99389,100,100073,100,99325,100,100075,100,99234,100,100077,100,99202,100
2019-06-28 09:41:30.000000000,99907,151,99860,151,100023,151,99816,151,100027,151,99792,151,100034,151,99713,151,100035,151,99521,151,100047,100,99421,100,100072,100,99389,100,100073,100,99325,100,100075,100,99234,100,100077,100,99202,100
2019-06-28 09:41:39.372397999,99907,51,99860,151,100023,151,99816,151,100027,151,99792,151,100034,151,99713,151,100035,151,99521,151,100047,100,99421,100,100072,100,99389,100,100073,100,99325,100,100075,100,99234,100,100077,100,99202,100
2019-06-28 09:41:40.000000000,100023,354,99860,354,100027,100,99816,100,100034,100,99792,100,100035,100,99713,100,100047,100,99521,100,100072,100,99421,100,100073,100,99389,100,100075,100,99325,100,100077,100,99234,100,100084,100,99202,100
2019-06-28 09:41:50.000000000,100023,227,99860,227,100027,227,99816,227,100034,100,99792,100,100035,100,99713,100,100047,100,99521,100,100072,100,99421,100,100073,100,99389,100,100075,100,99325,100,100077,100,99234,100,100084,100,99202,100
2019-06-28 09:42:00.000000000,100023,151,99860,151,100027,151,99816,151,100034,151,99792,151,100035,151,99713,151,100047,151,99521,151,100072,100,99421,100,100073,100,99389,100,100075,100,99325,100,100077,100,99234,100,100084,100,99202,100
2019-06-28 09:42:04.021012988,100023,151,99860,151,100027,151,99816,151,100034,151,99792,151,100035,151,99734,100,100047,151,99713,151,100072,100,99521,151,100073,100,99389,100,100075,100,99325,100,100077,100,99234,100,100084,100,99202,100
2019-06-28 09:42:09.365326972,100023,151,99860,51,100027,151,99816,151,100034,151,99792,151,100035,151,99734,100,100047,151,99713,151,100072,100,99521,151,100073,100,99389,100,100077,100,99325,100,100084,100,99234,100,100100,100,99202,100
2019-06-28 09:42:10.000000000,100023,227,99816,227,100027,227,99792,227,100034,100,99734,100,100035,100,99713,100,100047,100,99521,100,100072,100,99389,100,100073,100,99325,100,100077,100,99234,100,100084,100,99202,100,100100,100,99032,100
2019-06-28 09:42:15.982494049,100023,227,99816,127,100027,227,99792,227,100034,100,99734,100,100035,100,99713,100,100047,100,99521,100,100072,100,99389,100,100073,100,99325,100,100077,100,99234,100,100084,100,99202,100,100100,100,99032,100
2019-06-28 09:42:20.000000000,100023,227,99792,227,100027,227,99734,227,100034,100,99713,100,100035,100,99521,100,100047,100,99389,100,100072,100,99325,100,100073,100,99234,100,100077,100,99202,100,100084,100,99032,100,100100,100,,
2019-06-28 09:42:30.000000000,100023,186,99792,186,100027,184,99734,184,100034,184,99713,184,100035,100,99521,100,100047,100,99389,100,100072,100,99325,100,100073,100,99234,100,100077,100,99202,100,100084,100,99032,100,100100,100,,
2019-06-28 09:42:40.000000000,100023,227,99792,227,100027,227,99734,227,100034,100,99713,100,100035,100,99521,100,100047,100,99389,100,100072,100,99325,100,100073,100,99234,100,100077,100,99202,100,100084,100,99032,100,100100,100,,
2019-06-28 09:42:42.009896892,100023,227,99792,127,100027,227,99734,227,100034,100,99713,100,100035,100,99521,100,100047,100,99389,100,100072,100,99325,100,100073,100,99234,100,100077,100,99202,100,100084,100,99032,100,100100,100,,
2019-06-28 09:42:43.201560153,100023,227,99792,27,100027,227,99734,227,100034,100,99713,100,100035,100,99521,100,100047,100,99389,100,100072,100,99325,100,100073,100,99234,100,100077,100,99202,100,100084,100,99032,100,100100,100,,
2019-06-28 09:42:43.234597750,99792,73,99734,227,100023,227,99713,100,100027,227,99521,100,100034,100,99389,100,100035,100,99325,100,100047,100,99234,100,100072,100,99202,100,100073,100,99032,100,100077,100,,,100084,100,,
2019-06-28 09:42:50.000000000,99792,124,99734,151,100023,151,99713,151,100027,151,99521,151,100034,151,99389,151,100035,151,99325,151,100047,100,99234,100,100072,100,99202,100,100073,100,99032,100,100077,100,,,100084,100,,
2019-06-28 09:43:00.000000000,99792,327,99734,354,100023,100,99713,100,100027,100,99521,100,100034,100,99389,100,100035,100,99325,100,100047,100,99234,100,100072,100,99202,100,100073,100,99032,100,100077,100,,,100084,100,,
2019-06-28 09:43:10.000000000,99792,124,99734,151,100023,151,99713,151,100027,151,99521,151,100034,151,99389,151,100035,151,99325,151,100047,100,99234,100,100072,100,99202,100,100073,100,99032,100,100077,100,,,100084,100,,
2019-06-28 09:43:14.786834902,99792,124,99734,51,100023,151,99713,151,100027,151,99521,151,100034,151,99389,151,100035,151,99325,151,100047,100,99234,100,100072,100,99202,100,100073,100,99032,100,100077,100,,,100084,100,,
2019-06-28 09:43:20.000000000,99792,327,99713,354,100023,100,99521,100,100027,100,99389,100,100034,100,99325,100,100035,100,99234,100,100047,100,99202,100,100072,100,99032,100,100073,100,,,100077,100,,,100084,100,,
2019-06-28 09:43:30.000000000,99792,137,99713,164,100023,164,99521,164,100027,164,99389,164,100034,164,99325,164,100035,100,99234,100,100047,100,99202,100,100072,100,99032,100,100073,100,,,100077,100,,,100084,100,,
2019-06-28 09:43:40.000000000,99792,200,99713,227,100023,227,99521,227,100027,100,99389,100,100034,100,99325,100,100035,100,99234,100,100047,100,99202,100,100072,100,99032,100,100073,100,,,100077,100,,,100084,100,,
2019-06-28 09:43:50.000000000,99792,200,99713,227,100023,227,99521,227,100027,100,99389,100,100034,100,99325,100,100035,100,99234,100,100047,100,99202,100,100072,100,99032,100,100073,100,,,100077,100,,,100084,100,,
2019-06-28 09:44:00.000000000,99792,327,99713,354,100023,100,99521,100,100027,100,99389,100,100034,100,99325,100,100035,100,99234,100,100047,100,99202,100,100072,100,99032,100,100073,100,,,100077,100,,,100084,100,,
2019-06-28 09:44:01.819739821,99791,100,99713,354,99792,327,99521,100,100023,100,99389,100,100027,100,99325,100,100034,100,99234,100,100035,100,99202,100,100047,100,99032,100,100072,100,,,100073,100,,,100077,100,,
2019-06-28 09:44:06.420173039,99791,200,99713,354,99792,327,99521,100,100023,100,99389,100,100027,100,99325,100,100034,100,99234,100,100035,100,99202,100,100047,100,99032,100,100072,100,,,100073,100,,,100077,100,,
2019-06-28 09:44:10.000000000,99791,286,99713,186,99792,157,99521,184,100023,184,99389,184,100027,100,99325,100,100034,100,99234,100,100035,100,99202,100,100047,100,99032,100,100072,100,,,100073,100,,,100077,100,,
2019-06-28 09:44:20.000000000,99791,264,99713,164,99792,137,99521,164,100023,164,99389,164,100027,164,99325,164,100034,100,99234,100,100035,100,99202,100,100047,100,99032,100,100072,100,,,100073,100,,,100077,100,,
2019-06-28 09:44:30.000000000,99791,454,99713,354,99792,73,99521,100,100023,100,99389,100,100027,100,99325,100,100034,100,99234,100,100035,100,99202,100,100047,100,99032,100,100072,100,,,100073,100,,,100077,100,,
2019-06-28 09:44:40.000000000,99791,286,99713,186,99792,157,99521,184,100023,184,99389,184,100027,100,99325,100,100034,100,99234,100,100035,100,99202,100,100047,100,99032,100,100072,100,,,100073,100,,,100077,100,,
2019-06-28 09:44:50.000000000,99791,286,99713,186,99792,157,99521,184,100023,184,99389,184,100027,100,99325,100,100034,100,99234,100,100035,100,99202,100,100047,100,99032,100,100072,100,,,100073,100,,,100077,100,,
2019-06-28 09:45:00.000000000,99791,454,99713,354,99792,73,99521,100,100023,100,99389,100,100027,100,99325,100,100034,100,99234,100,100035,100,99202,100,100047,100,99032,100,100072,100,,,100073,100,,,100077,100,,
2019-06-28 09:45:03.661864989,99791,454,99713,354,99792,73,99521,100,100023,100,99389,100,100027,100,99325,100,100034,100,99234,100,100035,100,99202,100,100047,100,99090,100,100072,100,99032,100,100073,100,,,100077,100,,
2019-06-28 09:45:10.000000000,99791,286,99713,186,99792,157,99521,184,100023,184,99389,184,100027,100,99325,100,100034,100,99234,100,100035,100,99202,100,100047,100,99090,100,100072,100,99032,100,100073,100,,,100077,100,,
2019-06-28 09:45:20.000000000,99791,251,99713,151,99792,124,99521,151,100023,151,99389,151,100027,151,99325,151,100034,151,99234,151,100035,100,99202,100,100047,100,99090,100,100072,100,99032,100,100073,100,,,100077,100,,
2019-06-28 09:45:27.253900038,99791,251,99713,151,99792,124,99521,151,100023,151,99389,151,100027,151,99325,151,100034,151,99234,151,100035,100,99202,100,100047,100,99090,100,100072,100,98919,100,100073,100,,,100077,100,,
2019-06-28 09:45:30.000000000,99791,264,99713,164,99792,137,99521,164,100023,164,99389,164,100027,164,99325,164,100034,100,99234,100,100035,100,99202,100,100047,100,99090,100,100072,100,98919,100,100073,100,,,100077,100,,
2019-06-28 09:45:33.773178664,99791,364,99713,164,99792,137,99521,164,100023,164,99389,164,100027,164,99325,164,100034,100,99234,100,100035,100,99202,100,100047,100,99090,100,100072,100,98919,100,100073,100,,,100077,100,,
2019-06-28 09:45:40.000000000,99791,364,99713,164,99792,137,99521,164,100023,164,99389,164,100027,164,99325,164,100034,100,99234,100,100035,100,99202,100,100047,100,99090,100,100072,100,98919,100,100073,100,,,100077,100,,
2019-06-28 09:45:41.991482164,99791,364,99713,64,99792,137,99521,164,100023,164,99389,164,100027,164,99325,164,100034,100,99234,100,100035,100,99202,100,100047,100,99090,100,100072,100,98919,100,100073,100,,,100077,100,,
2019-06-28 09:45:42.035678035,99791,364,99713,64,99792,137,99521,164,100023,164,99389,164,100027,164,99325,164,100034,100,99234,100,100035,100,99202,100,100047,100,99090,100,100072,100,99051,100,100073,100,98919,100,100077,100,,
2019-06-28 09:45:50.000000000,99791,386,99521,186,99792,157,99389,184,100023,184,99325,184,100027,100,99234,100,100034,100,99202,100,100035,100,99090,100,100047,100,99051,100,100072,100,98919,100,100073,100,,,100077,100,,
2019-06-28 09:45:53.620037516,99791,386,99521,186,99792,157,99389,184,100023,184,99325,184,100027,100,99234,100,100034,100,99202,100,100035,100,99090,100,100047,100,99051,100,100072,100,98919,100,100073,100,98891,100,100077,100,,
2019-06-28 09:45:59.248612058,99791,386,99521,86,99792,157,99389,184,100023,184,99325,184,100027,100,99234,100,100034,100,99202,100,100035,100,99090,100,100047,100,99051,100,100072,100,98919,100,100073,100,98891,100,100077,100,,
2019-06-28 09:46:00.000000000,99791,351,99389,151,99792,124,99325,151,100023,151,99234,151,100027,151,99202,151,100034,151,99090,151,100035,100,99051,100,100047,100,98919,100,100072,100,98891,100,100073,100,,,100077,100,,
2019-06-28 09:46:10.000000000,99791,554,99389,354,99792,73,99325,100,100023,100,99234,100,100027,100,99202,100,100034,100,99090,100,100035,100,99051,100,100047,100,98919,100,100072,100,98891,100,100073,100,,,100077,100,,
2019-06-28 09:46:15.517395121,99620,100,99389,354,99791,554,99325,100,99792,73,99234,100,100023,100,99202,100,100027,100,99090,100,100034,100,99051,100,100035,100,98919,100,100047,100,98891,100,100072,100,,,100073,100,,
2019-06-28 09:46:20.000000000,99620,164,99389,164,99791,364,99325,164,99792,137,99234,164,100023,164,99202,164,100027,100,99090,100,100034,100,99051,100,100035,100,98919,100,100047,100,98891,100,100072,100,,,100073,100,,
2019-06-28 09:46:24.419314114,99620,164,99389,164,99746,100,99325,164,99791,364,99234,164,99792,137,99202,164,100023,164,99090,100,100027,100,99051,100,100034,100,98919,100,100035,100,98891,100,100047,100,,,100072,100,,
2019-06-28 09:46:30.000000000,99620,354,99389,354,99746,100,99325,100,99791,300,99234,100,99792,73,99202,100,100023,100,99090,100,100027,100,99051,100,100034,100,98919,100,100035,100,98891,100,100047,100,,,100072,100,,
2019-06-28 09:46:40.000000000,99620,354,99389,354,99746,100,99325,100,99791,300,99234,100,99792,73,99202,100,100023,100,99090,100,100027,100,99051,100,100034,100,98919,100,100035,100,98891,100,100047,100,,,100072,100,,
2019-06-28 09:46:50.000000000,99620,186,99389,186,99746,184,99325,184,99791,384,99234,184,99792,73,99202,100,100023,100,99090,100,100027,100,99051,100,100034,100,98919,100,100035,100,98891,100,100047,100,,,100072,100,,
2019-06-28 09:46:54.419869215,99620,186,99389,186,99746,184,99325,184,99791,384,99234,184,99792,73,99202,100,99813,100,99090,100,100023,100,99051,100,100027,100,98919,100,100034,100,98891,100,100035,100,,,100047,100,,
2019-06-28 09:47:00.000000000,99620,354,99389,354,99746,100,99325,100,99791,300,99234,100,99792,73,99202,100,99813,100,99090,100,100023,100,99051,100,100027,100,98919,100,100034,100,98891,100,100035,100,,,100047,100,,
2019-06-28 09:47:10.000000000,99620,354,99389,354,99746,100,99325,100,99791,300,99234,100,99792,73,99202,100,99813,100,99090,100,100023,100,99051,100,100027,100,98919,100,100034,100,98891,100,100035,100,,,100047,100,,
2019-06-28 09:47:11.477150679,99620,354,99389,354,99746,100,99325,100,99791,300,99234,100,99792,73,99202,100,99813,100,99090,100,100023,100,99051,100,100027,100,98919,100,100034,100,98891,100,100035,100,,,100047,100,,
2019-06-28 09:47:20.000000000,99620,151,99389,151,99746,151,99325,151,99791,351,99234,151,99792,124,99202,151,99813,151,99090,151,100023,100,99051,100,100027,100,98919,100,100034,100,98891,100,100035,100,,,100047,100,,
2019-06-28 09:47:30.000000000,99620,164,99389,164,99746,164,99325,164,99791,364,99234,164,99792,137,99202,164,99813,100,99090,100,100023,100,99051,100,100027,100,98919,100,100034,100,98891,100,100035,100,,,100047,100,,
2019-06-28 09:47:40.000000000,99620,164,99389,164,99746,164,99325,164,99791,364,99234,164,99792,137,99202,164,99813,100,99090,100,100023,100,99051,100,100027,100,98919,100,100034,100,98891,100,100035,100,,,100047,100,,
2019-06-28 09:47:41.804854997,99620,164,99389,64,99746,164,99325,164,99791,364,99234,164,99792,137,99202,164,99813,100,99090,100,100023,100,99051,100,100027,100,98919,100,100034,100,98891,100,100035,100,,,100047,100,,
2019-06-28 09:47:47.935821878,99389,36,99325,164,99620,164,99234,164,99746,164,99202,164,99791,364,99090,100,99792,137,99051,100,99813,100,98919,100,100023,100,98891,100,100027,100,,,100034,100,,,100035,100,,
2019-06-28 09:47:50.000000000,99389,100,99325,164,99620,164,99234,164,99746,164,99202,164,99791,364,99090,164,99792,73,99051,100,99813,100,98919,100,100023,100,98891,100,100027,100,,,100034,100,,,100035,100,,
2019-06-28 09:48:00.000000000,99389,163,99325,227,99620,227,99234,227,99746,100,99202,100,99791,300,99090,100,99792,73,99051,100,99813,100,98919,100,100023,100,98891,100,100027,100,,,100034,100,,,100035,100,,
2019-06-28 09:48:10.000000000,99389,87,99325,151,99620,151,99234,151,99746,151,99202,151,99791,351,99090,151,99792,124,99051,151,99813,100,98919,100,100023,100,98891,100,100027,100,,,100034,100,,,100035,100,,
2019-06-28 09:48:20.000000000,99389,100,99325,164,99620,164,99234,164,99746,164,99202,164,99791,364,99090,164,99792,73,99051,100,99813,100,98919,100,100023,100,98891,100,100027,100,,,100034,100,,,100035,100,,
2019-06-28 09:48:21.584309391,99389,100,99325,64,99620,164,99234,164,99746,164,99202,164,99791,364,99090,164,99792,73,99051,100,99813,100,98919,100,100023,100,98891,100,100027,100,,,100034,100,,,100035,100,,
2019-06-28 09:48:22.248087376,99325,36,99234,164,99389,100,99202,164,99620,164,99090,164,99746,164,99051,100,99791,364,98919,100,99792,73,98891,100,99813,100,,,100023,100,,,100027,100,,,100034,100,,
2019-06-28 09:48:30.000000000,99325,122,99234,186,99389,120,99202,184,99620,184,99090,184,99746,100,99051,100,99791,300,98919,100,99792,73,98891,100,99813,100,,,100023,100,,,100027,100,,,100034,100,,
2019-06-28 09:48:39.657665982,99325,122,99234,186,99389,120,99202,184,99620,184,99090,184,99746,100,99051,100,99791,300,98919,100,99792,73,98909,100,99813,100,98891,100,100023,100,,,100027,100,,,100034,100,,
2019-06-28 09:48:40.000000000,99325,163,99234,227,99389,163,99202,227,99620,100,99090,100,99746,100,99051,100,99791,300,98919,100,99792,73,98909,100,99813,100,98891,100,100023,100,,,100027,100,,,100034,100,,
2019-06-28 09:48:47.496080486,99325,163,99234,227,99389,163,99202,227,99620,100,99090,100,99746,100,99051,100,99791,300,98919,100,99792,73,98909,100,99813,100,98891,100,100023,100,98844,100,100027,100,,,100034,100,,
2019-06-28 09:48:50.000000000,99325,290,99234,354,99389,36,99202,100,99620,100,99090,100,99746,100,99051,100,99791,300,98919,100,99792,73,98909,100,99813,100,98891,100,100023,100,98844,100,100027,100,,,100034,100,,
2019-06-28 09:49:00.000000000,99325,100,99234,164,99389,100,99202,164,99620,164,99090,164,99746,164,99051,164,99791,300,98919,100,99792,73,98909,100,99813,100,98891,100,100023,100,98844,100,100027,100,,,100034,100,,
2019-06-28 09:49:09.428142944,99325,100,99234,64,99389,100,99202,164,99620,164,99090,164,99746,164,99051,164,99791,300,98919,100,99792,73,98909,100,99813,100,98891,100,100023,100,98844,100,100027,100,,,100034,100,,
2019-06-28 09:49:10.000000000,99325,290,99202,354,99389,36,99090,100,99620,100,99051,100,99746,100,98919,100,99791,300,98909,100,99792,73,98891,100,99813,100,98844,100,100023,100,,,100027,100,,,100034,100,,
2019-06-28 09:49:12.457866799,99221,100,99202,354,99325,290,99090,100,99389,36,99051,100,99620,100,98919,100,99746,100,98909,100,99791,300,98891,100,99792,73,98844,100,99813,100,,,100023,100,,,100027,100,,
2019-06-28 09:49:20.000000000,99221,164,99202,164,99325,100,99090,164,99389,100,99051,164,99620,164,98919,164,99746,100,98909,100,99791,300,98891,100,99792,73,98844,100,99813,100,,,100023,100,,,100027,100,,
2019-06-28 09:49:25.431566982,99221,64,99202,164,99325,100,99090,164,99389,100,99051,164,99620,164,98919,164,99746,100,98909,100,99791,300,98891,100,99792,73,98844,100,99813,100,,,100023,100,,,100027,100,,
2019-06-28 09:49:30.000000000,99325,122,99202,186,99389,120,99090,184,99620,184,99051,184,99746,100,98919,100,99791,300,98909,100,99792,73,98891,100,99813,100,98844,100,100023,100,,,100027,100,,,100034,100,,
2019-06-28 09:49:40.000000000,99325,290,99202,354,99389,36,99090,100,99620,100,99051,100,99746,100,98919,100,99791,300,98909,100,99792,73,98891,100,99813,100,98844,100,100023,100,,,100027,100,,,100034,100,,
2019-06-28 09:49:44.037099680,99234,100,99202,354,99325,290,99090,100,99389,36,99051,100,99620,100,98919,100,99746,100,98909,100,99791,300,98891,100,99792,73,98844,100,99813,100,,,100023,100,,,100027,100,,
2019-06-28 09:49:50.000000000,99234,186,99202,186,99325,120,99090,184,99389,120,99051,184,99620,100,98919,100,99746,100,98909,100,99791,300,98891,100,99792,73,98844,100,99813,100,,,100023,100,,,100027,100,,
2019-06-28 09:49:57.128587859,99234,86,99202,186,99325,120,99090,184,99389,120,99051,184,99620,100,98919,100,99746,100,98909,100,99791,300,98891,100,99792,73,98844,100,99813,100,,,100023,100,,,100027,100,,
2019-06-28 09:50:00.000000000,99325,290,99202,354,99389,36,99090,100,99620,100,99051,100,99746,100,98919,100,99791,300,98909,100,99792,73,98891,100,99813,100,98844,100,100023,100,,,100027,100,,,100034,100,,
2019-06-28 09:50:10.000000000,99325,122,99202,186,99389,120,99090,184,99620,184,99051,184,99746,100,98919,100,99791,300,98909,100,99792,73,98891,100,99813,100,98844,100,100023,100,,,100027,100,,,100034,100,,
2019-06-28 09:50:10.225707513,99325,22,99202,186,99389,120,99090,184,99620,184,99051,184,99746,100,98919,100,99791,300,98909,100,99792,73,98891,100,99813,100,98844,100,100023,100,,,100027,100,,,100034,100,,
2019-06-28 09:50:20.000000000,99389,87,99202,151,99620,151,99090,151,99746,151,99051,151,99791,351,98919,151,99792,124,98909,151,99813,100,98891,100,100023,100,98844,100,100027,100,,,100034,100,,,100035,100,,
2019-06-28 09:50:22.703165539,99389,87,99234,100,99620,151,99202,151,99746,151,99090,151,99791,351,99051,151,99792,124,98919,151,99813,100,98909,151,100023,100,98891,100,100027,100,98844,100,100034,100,,,100035,100,,
2019-06-28 09:50:30.000000000,99389,122,99234,186,99620,184,99202,184,99746,184,99090,184,99791,300,99051,100,99792,73,98919,100,99813,100,98909,100,100023,100,98891,100,100027,100,98844,100,100034,100,,,100035,100,,
2019-06-28 09:50:38.588932994,99389,122,99234,186,99493,100,99202,184,99620,184,99090,184,99746,184,99051,100,99791,300,98919,100,99792,73,98909,100,99813,100,98891,100,100023,100,98844,100,100027,100,,,100034,100,,
2019-06-28 09:50:39.903832089,99389,122,99234,186,99493,100,99202,184,99620,184,99142,100,99746,184,99090,184,99791,300,99051,100,99792,73,98919,100,99813,100,98909,100,100023,100,98891,100,100027,100,98844,100,100034,100,,
2019-06-28 09:50:40.000000000,99389,290,99234,354,99493,100,99202,100,99620,100,99142,100,99746,100,99090,100,99791,300,99051,100,99792,73,98919,100,99813,100,98909,100,100023,100,98891,100,100027,100,98844,100,100034,100,,
2019-06-28 09:50:44.807497056,99389,190,99234,354,99493,100,99202,100,99620,100,99142,100,99746,100,99090,100,99791,300,99051,100,99792,73,98919,100,99813,100,98909,100,100023,100,98891,100,100027,100,98844,100,100034,100,,
2019-06-28 09:50:45.630458478,99389,190,99234,354,99493,100,99221,100,99620,100,99202,100,99746,100,99142,100,99791,300,99090,100,99792,73,99051,100,99813,100,98919,100,100023,100,98909,100,100027,100,98891,100,100034,100,98844,100
2019-06-28 09:50:50.000000000,99493,354,99234,354,99620,100,99221,100,99746,100,99202,100,99791,300,99142,100,99792,73,99090,100,99813,100,99051,100,100023,100,98919,100,100027,100,98909,100,100034,100,98891,100,100035,100,98844,100
2019-06-28 09:50:59.763199724,99493,354,99234,354,99620,100,99228,100,99746,100,99221,100,99791,300,99142,100,99792,73,99090,100,99813,100,99051,100,100023,100,98919,100,100027,100,98909,100,100034,100,98891,100,100035,100,98844,100
2019-06-28 09:51:00.000000000,99493,354,99234,354,99620,100,99228,100,99746,100,99221,100,99791,300,99142,100,99792,73,99090,100,99813,100,99051,100,100023,100,98919,100,100027,100,98909,100,100034,100,98891,100,100035,100,98844,100
2019-06-28 09:51:01.052462333,99493,354,99234,354,99620,100,99228,100,99746,100,99221,100,99786,100,99142,100,99791,300,99090,100,99792,73,99051,100,99813,100,98919,100,100023,100,98891,100,100027,100,98844,100,100034,100,,
2019-06-28 09:51:10.000000000,99493,186,99234,186,99620,184,99228,184,99746,184,99221,184,99786,100,99142,100,99791,300,99090,100,99792,73,99051,100,99813,100,98919,100,100023,100,98891,100,100027,100,98844,100,100034,100,,
2019-06-28 09:51:16.400257462,99493,186,99373,100,99620,184,99234,186,99746,184,99228,184,99786,100,99221,184,99791,300,99142,100,99792,73,99090,100,99813,100,99051,100,100023,100,98919,100,100027,100,98891,100,100034,100,98844,100
2019-06-28 09:51:20.000000000,99493,186,99373,186,99620,184,99234,184,99746,184,99228,184,99786,100,99221,100,99791,300,99142,100,99792,73,99090,100,99813,100,99051,100,100023,100,98919,100,100027,100,98891,100,100034,100,98844,100
2019-06-28 09:51:30.000000000,99493,151,99373,151,99620,151,99234,151,99746,151,99228,151,99786,151,99221,151,99791,351,99142,151,99792,73,99090,100,99813,100,99051,100,100023,100,98919,100,100027,100,98891,100,100034,100,98844,100
2019-06-28 09:51:32.436021383,99493,151,99373,151,99620,151,99234,151,99746,151,99228,151,99786,151,99221,151,99791,351,99154,100,99792,73,99142,151,99813,100,99090,100,100023,100,99051,100,100027,100,98919,100,100034,100,98891,100
2019-06-28 09:51:40.000000000,99493,227,99373,227,99620,227,99234,227,99746,100,99228,100,99786,100,99221,100,99791,300,99154,100,99792,73,99142,100,99813,100,99090,100,100023,100,99051,100,100027,100,98919,100,100034,100,98891,100
2019-06-28 09:51:50.000000000,99493,354,99373,354,99620,100,99234,100,99746,100,99228,100,99786,100,99221,100,99791,300,99154,100,99792,73,99142,100,99813,100,99090,100,100023,100,99051,100,100027,100,98919,100,100034,100,98891,100
2019-06-28 09:52:00.000000000,99493,354,99373,354,99620,100,99234,100,99746,100,99228,100,99786,100,99221,100,99791,300,99154,100,99792,73,99142,100,99813,100,99090,100,100023,100,99051,100,100027,100,98919,100,100034,100,98891,100
2019-06-28 09:52:10.000000000,99493,164,99373,164,99620,164,99234,164,99746,164,99228,164,99786,164,99221,164,99791,300,99154,100,99792,73,99142,100,99813,100,99090,100,100023,100,99051,100,100027,100,98919,100,100034,100,98891,100
2019-06-28 09:52:20.000000000,99493,151,99373,151,99620,151,99234,151,99746,151,99228,151,99786,151,99221,151,99791,351,99154,151,99792,73,99142,100,99813,100,99090,100,100023,100,99051,100,100027,100,98919,100,100034,100,98891,100
2019-06-28 09:52:30.000000000,99493,164,99373,164,99620,164,99234,164,99746,164,99228,164,99786,164,99221,164,99791,300,99154,100,99792,73,99142,100,99813,100,99090,100,100023,100,99051,100,100027,100,98919,100,100034,100,98891,100
2019-06-28 09:52:40.000000000,99493,186,99373,186,99620,184,99234,184,99746,184,99228,184,99786,100,99221,100,99791,300,99154,100,99792,73,99142,100,99813,100,99090,100,100023,100,99051,100,100027,100,98919,100,100034,100,98891,100
2019-06-28 09:52:46.324619830,99493,186,99373,186,99620,184,99234,184,99746,184,99228,184,99786,100,99221,100,99791,300,99154,100,99792,73,99142,100,99813,100,99090,100,100023,100,99051,100,100027,100,98919,100,100034,100,98891,100
2019-06-28 09:52:50.000000000,99493,164,99373,164,99620,164,99234,164,99746,164,99228,164,99786,164,99221,164,99791,300,99154,100,99792,73,99142,100,99813,100,99090,100,100023,100,99051,100,100027,100,98919,100,100034,100,98891,100
2019-06-28 09:52:57.834860992,99493,164,99373,164,99620,164,99325,100,99746,164,99234,164,99786,164,99228,164,99791,300,99221,164,99792,73,99154,100,99813,100,99142,100,100023,100,99090,100,100027,100,99051,100,100034,100,98919,100
2019-06-28 09:53:00.000000000,99493,151,99373,151,99620,151,99325,151,99746,151,99234,151,99786,151,99228,151,99791,351,99221,151,99792,73,99154,100,99813,100,99142,100,100023,100,99090,100,100027,100,99051,100,100034,100,98919,100
2019-06-28 09:53:00.780666229,99493,151,99373,151,99620,151,99325,251,99746,151,99234,151,99786,151,99228,151,99791,351,99221,151,99792,73,99154,100,99813,100,99142,100,100023,100,99090,100,100027,100,99051,100,100034,100,98919,100
2019-06-28 09:53:10.000000000,99493,164,99373,164,99620,164,99325,264,99746,164,99234,164,99786,164,99228,164,99791,300,99221,100,99792,73,99154,100,99813,100,99142,100,100023,100,99090,100,100027,100,99051,100,100034,100,98919,100
2019-06-28 09:53:11.678837174,99493,64,99373,164,99620,164,99325,264,99746,164,99234,164,99786,164,99228,164,99791,300,99221,100,99792,73,99154,100,99813,100,99142,100,100023,100,99090,100,100027,100,99051,100,100034,100,98919,100
2019-06-28 09:53:20.000000000,99620,186,99373,186,99746,184,99325,284,99786,184,99234,184,99791,300,99228,100,99792,73,99221,100,99813,100,99154,100,100023,100,99142,100,100027,100,99090,100,100034,100,99051,100,100035,100,98919,100
2019-06-28 09:53:30.000000000,99620,151,99373,151,99746,151,99325,251,99786,151,99234,151,99791,351,99228,151,99792,124,99221,151,99813,100,99154,100,100023,100,99142,100,100027,100,99090,100,100034,100,99051,100,100035,100,98919,100
2019-06-28 09:53:34.052147630,99620,151,99373,151,99746,151,99325,251,99786,151,99234,151,99791,351,99228,151,99792,124,99221,151,99813,100,99154,100,100023,100,99142,100,100027,100,99090,100,100034,100,99051,100,100035,100,98919,100
2019-06-28 09:53:40.000000000,99620,186,99373,186,99746,184,99325,284,99786,184,99234,184,99791,300,99228,100,99792,73,99221,100,99813,100,99154,100,100023,100,99142,100,100027,100,99090,100,100034,100,99051,100,100035,100,98919,100
2019-06-28 09:53:50.000000000,99620,164,99373,164,99746,164,99325,264,99786,164,99234,164,99791,364,99228,164,99792,73,99221,100,99813,100,99154,100,100023,100,99142,100,100027,100,99090,100,100034,100,99051,100,100035,100,98919,100
2019-06-28 09:54:00.000000000,99620,151,99373,151,99746,151,99325,251,99786,151,99234,151,99791,351,99228,151,99792,124,99221,151,99813,100,99154,100,100023,100,99142,100,100027,100,99090,100,100034,100,99051,100,100035,100,98919,100
2019-06-28 09:54:09.363274028,99620,151,99389,100,99746,151,99373,151,99786,151,99325,251,99791,351,99234,151,99792,124,99228,151,99813,100,99221,151,100023,100,99154,100,100027,100,99142,100,100034,100,99090,100,100035,100,99051,100
2019-06-28 09:54:10.000000000,99620,151,99389,151,99746,151,99373,151,99786,151,99325,251,99791,351,99234,151,99792,124,99228,151,99813,100,99221,100,100023,100,99154,100,100027,100,99142,100,100034,100,99090,100,100035,100,99051,100
2019-06-28 09:54:16.331114026,99620,151,99389,151,99746,151,99373,151,99786,51,99325,251,99791,351,99234,151,99792,124,99228,151,99813,100,99221,100,100023,100,99154,100,100027,100,99142,100,100034,100,99090,100,100035,100,99051,100
2019-06-28 09:54:20.000000000,99620,186,99389,186,99746,184,99373,184,99791,384,99325,284,99792,73,99234,100,99813,100,99228,100,100023,100,99221,100,100027,100,99154,100,100034,100,99142,100,100035,100,99090,100,100047,100,99051,100
2019-06-28 09:54:30.000000000,99620,164,99389,164,99746,164,99373,164,99791,364,99325,264,99792,137,99234,164,99813,100,99228,100,100023,100,99221,100,100027,100,99154,100,100034,100,99142,100,100035,100,99090,100,100047,100,99051,100
2019-06-28 09:54:40.000000000,99620,354,99389,354,99746,100,99373,100,99791,300,99325,200,99792,73,99234,100,99813,100,99228,100,100023,100,99221,100,100027,100,99154,100,100034,100,99142,100,100035,100,99090,100,100047,100,99051,100
2019-06-28 09:54:43.622500801,99620,354,99389,354,99746,100,99373,100,99791,300,99325,200,99792,73,99234,100,99813,100,99228,100,100023,100,99221,100,100027,100,99142,100,100034,100,99090,100,100035,100,99051,100,100047,100,98919,100
2019-06-28 09:54:50.000000000,99620,227,99389,227,99746,227,99373,227,99791,300,99325,200,99792,73,99234,100,99813,100,99228,100,100023,100,99221,100,100027,100,99142,100,100034,100,99090,100,100035,100,99051,100,100047,100,98919,100
2019-06-28 09:55:00.000000000,99620,354,99389,354,99746,100,99373,100,99791,300,99325,200,99792,73,99234,100,99813,100,99228,100,100023,100,99221,100,100027,100,99142,100,100034,100,99090,100,100035,100,99051,100,100047,100,98919,100
2019-06-28 09:55:10.000000000,99620,227,99389,227,99746,227,99373,227,99791,300,99325,200,99792,73,99234,100,99813,100,99228,100,100023,100,99221,100,100027,100,99142,100,100034,100,99090,100,100035,100,99051,100,100047,100,98919,100
2019-06-28 09:55:20.000000000,99620,164,99389,164,99746,164,99373,164,99791,364,99325,264,99792,137,99234,164,99813,100,99228,100,100023,100,99221,100,100027,100,99142,100,100034,100,99090,100,100035,100,99051,100,100047,100,98919,100
2019-06-28 09:55:26.247321582,99620,64,99389,164,99746,164,99373,164,99791,364,99325,264,99792,137,99234,164,99813,100,99228,100,100023,100,99221,100,100027,100,99142,100,100034,100,99090,100,100035,100,99051,100,100047,100,98919,100
2019-06-28 09:55:30.000000000,99746,227,99389,227,99791,427,99373,227,99792,73,99325,200,99813,100,99234,100,100023,100,99228,100,100027,100,99221,100,100034,100,99142,100,100035,100,99090,100,100047,100,99051,100,100077,100,98919,100
2019-06-28 09:55:40.000000000,99746,151,99389,151,99791,351,99373,151,99792,124,99325,251,99813,151,99234,151,100023,151,99228,151,100027,100,99221,100,100034,100,99142,100,100035,100,99090,100,100047,100,99051,100,100077,100,98919,100
2019-06-28 09:55:44.297678002,99746,151,99389,251,99791,351,99373,151,99792,124,99325,251,99813,151,99234,151,100023,151,99228,151,100027,100,99221,100,100034,100,99142,100,100035,100,99090,100,100047,100,99051,100,100077,100,98919,100
2019-06-28 09:55:47.959003139,99746,151,99389,251,99791,351,99373,151,99792,124,99325,251,99813,151,99234,151,100023,151,99228,151,100027,100,99221,100,100034,100,99142,100,100035,100,99090,100,100047,100,99051,100,100077,100,98919,100
2019-06-28 09:55:50.000000000,99746,164,99389,264,99791,364,99373,164,99792,137,99325,264,99813,164,99234,164,100023,100,99228,100,100027,100,99221,100,100034,100,99142,100,100035,100,99090,100,100047,100,99051,100,100077,100,98919,100
2019-06-28 09:56:00.000000000,99746,164,99389,264,99791,364,99373,164,99792,137,99325,264,99813,164,99234,164,100023,100,99228,100,100027,100,99221,100,100034,100,99142,100,100035,100,99090,100,100047,100,99051,100,100077,100,98919,100
2019-06-28 09:56:04.755644920,99746,164,99389,264,99791,364,99373,164,99792,137,99325,264,99813,164,99234,164,100023,100,99228,100,100027,100,99221,100,100034,100,99142,100,100035,100,99090,100,100047,100,99051,100,100077,100,98891,100
2019-06-28 09:56:10.000000000,99746,227,99389,327,99791,427,99373,227,99792,73,99325,200,99813,100,99234,100,100023,100,99228,100,100027,100,99221,100,100034,100,99142,100,100035,100,99090,100,100047,100,99051,100,100077,100,98891,100
2019-06-28 09:56:19.819514273,99746,227,99389,427,99791,427,99373,227,99792,73,99325,200,99813,100,99234,100,100023,100,99228,100,100034,100,99221,100,100035,100,99142,100,100047,100,99090,100,100077,100,99051,100,100100,100,98891,100
2019-06-28 09:56:20.000000000,99746,151,99389,351,99791,351,99373,151,99792,124,99325,251,99813,151,99234,151,100023,151,99228,151,100034,100,99221,100,100035,100,99142,100,100047,100,99090,100,100077,100,99051,100,100100,100,98891,100
2019-06-28 09:56:23.873362316,99746,51,99389,351,99791,351,99373,151,99792,124,99325,251,99813,151,99234,151,100023,151,99228,51,100034,100,99221,100,100035,100,99142,100,100047,100,99090,100,100077,100,99051,100,100100,100,98891,100
2019-06-28 09:56:29.002975021,99746,51,99389,351,99791,351,99373,151,99792,124,99325,151,99813,151,99234,151,100023,151,99228,51,100034,100,99221,100,100035,100,99142,100,100047,100,99090,100,100077,100,99051,100,100100,100,98891,100
2019-06-28 09:56:30.000000000,99791,427,99389,427,99792,200,99373,227,99813,100,99325,100,100023,100,99234,100,100034,100,99221,100,100035,100,99142,100,100047,100,99090,100,100077,100,99051,100,100100,100,98891,100,100112,100,98844,100
2019-06-28 09:56:40.000000000,99791,364,99389,364,99792,137,99373,164,99813,164,99325,164,100023,164,99234,164,100034,100,99221,100,100035,100,99142,100,100047,100,99090,100,100077,100,99051,100,100100,100,98891,100,100112,100,98844,100
2019-06-28 09:56:50.000000000,99791,386,99389,386,99792,157,99373,184,99813,184,99325,184,100023,100,99234,100,100034,100,99221,100,100035,100,99142,100,100047,100,99090,100,100077,100,99051,100,100100,100,98891,100,100112,100,98844,100
2019-06-28 09:57:00.000000000,99791,427,99389,427,99792,200,99373,227,99813,100,99325,100,100023,100,99234,100,100034,100,99221,100,100035,100,99142,100,100047,100,99090,100,100077,100,99051,100,100100,100,98891,100,100112,100,98844,100
2019-06-28 09:57:10.000000000,99791,427,99389,427,99792,200,99373,227,99813,100,99325,100,100023,100,99234,100,100034,100,99221,100,100035,100,99142,100,100047,100,99090,100,100077,100,99051,100,100100,100,98891,100,100112,100,98844,100
2019-06-28 09:57:20.000000000,99791,351,99389,351,99792,124,99373,151,99813,151,99325,151,100023,151,99234,151,100034,151,99221,151,100035,100,99142,100,100047,100,99090,100,100077,100,99051,100,100100,100,98891,100,100112,100,98844,100
2019-06-28 09:57:28.545950646,99791,351,99493,100,99792,124,99389,351,99813,151,99373,151,100023,151,99325,151,100034,151,99234,151,100035,100,99221,151,100047,100,99142,100,100077,100,99090,100,100100,100,99051,100,100112,100,98891,100
2019-06-28 09:57:30.000000000,99791,386,99493,186,99792,157,99389,384,99813,184,99373,184,100023,100,99325,100,100034,100,99234,100,100035,100,99221,100,100047,100,99142,100,100077,100,99090,100,100100,100,99051,100,100112,100,98891,100
2019-06-28 09:57:36.702338307,99791,386,99493,186,99792,157,99389,384,99813,184,99373,184,100023,100,99325,100,100034,100,99234,100,100035,100,99221,100,100047,100,99142,100,100077,100,99090,100,100100,100,99051,100,100112,100,98891,100
2019-06-28 09:57:40.000000000,99791,351,99493,151,99792,124,99389,351,99813,151,99373,151,100023,151,99325,151,100034,151,99234,151,100035,100,99221,100,100047,100,99142,100,100077,100,99090,100,100100,100,99051,100,100112,100,98891,100
2019-06-28 09:57:41.456231508,99791,351,99493,151,99792,124,99389,351,99813,151,99373,151,100023,151,99325,151,100034,51,99234,151,100035,100,99221,100,100047,100,99142,100,100077,100,99090,100,100100,100,99051,100,100112,100,98891,100
2019-06-28 09:57:50.000000000,99791,554,99493,354,99792,73,99389,300,99813,100,99373,100,100023,100,99325,100,100035,100,99234,100,100047,100,99221,100,100077,100,99142,100,100100,100,99090,100,100112,100,99051,100,100213,100,98891,100
2019-06-28 09:58:00.000000000,99791,554,99493,354,99792,73,99389,300,99813,100,99373,100,100023,100,99325,100,100035,100,99234,100,100047,100,99221,100,100077,100,99142,100,100100,100,99090,100,100112,100,99051,100,100213,100,98891,100
2019-06-28 09:58:02.651501220,99791,554,99493,354,99792,73,99389,300,99813,100,99373,100,100023,100,99325,100,100035,100,99234,100,100047,100,99221,100,100077,100,99142,100,100100,100,99090,100,100112,100,99051,100,100213,100,98891,100
2019-06-28 09:58:04.856893606,99791,454,99493,454,99792,73,99389,300,99813,100,99373,100,100023,100,99325,100,100035,100,99234,100,100047,100,99221,100,100077,100,99142,100,100100,100,99090,100,100112,100,99051,100,100213,100,98891,100
2019-06-28 09:58:10.000000000,99791,264,99493,264,99792,137,99389,364,99813,164,99373,164,100023,164,99325,164,100035,100,99234,100,100047,100,99221,100,100077,100,99142,100,100100,100,99090,100,100112,100,99051,100,100213,100,98891,100
2019-06-28 09:58:17.995431800,99791,264,99493,364,99792,137,99389,364,99813,164,99373,164,100023,164,99325,164,100035,100,99234,100,100047,100,99221,100,100077,100,99142,100,100100,100,99090,100,100112,100,99051,100,100213,100,98891,100
2019-06-28 09:58:20.000000000,99791,454,99493,554,99792,73,99389,300,99813,100,99373,100,100023,100,99325,100,100035,100,99234,100,100047,100,99221,100,100077,100,99142,100,100100,100,99090,100,100112,100,99051,100,100213,100,98891,100
2019-06-28 09:58:28.624408519,99791,454,99493,654,99792,73,99389,300,99813,100,99373,100,100023,100,99325,100,100035,100,99234,100,100047,100,99221,100,100077,100,99142,100,100100,100,99090,100,100112,100,99051,100,100213,100,98891,100
2019-06-28 09:58:30.000000000,99791,286,99493,486,99792,157,99389,384,99813,184,99373,184,100023,100,99325,100,100035,100,99234,100,100047,100,99221,100,100077,100,99142,100,100100,100,99090,100,100112,100,99051,100,100213,100,98891,100
2019-06-28 09:58:30.699411613,99791,286,99493,486,99792,157,99389,384,99813,184,99373,184,100023,100,99325,100,100035,100,99234,100,100047,100,99221,100,100077,100,99142,100,100100,100,99090,100,100112,100,99051,100,100213,100,98891,100
2019-06-28 09:58:40.000000000,99791,327,99493,527,99792,200,99389,427,99813,100,99373,100,100023,100,99325,100,100035,100,99234,100,100047,100,99221,100,100077,100,99142,100,100100,100,99090,100,100112,100,99051,100,100213,100,98891,100
2019-06-28 09:58:50.000000000,99791,286,99493,486,99792,157,99389,384,99813,184,99373,184,100023,100,99325,100,100035,100,99234,100,100047,100,99221,100,100077,100,99142,100,100100,100,99090,100,100112,100,99051,100,100213,100,98891,100
2019-06-28 09:59:00.000000000,99791,264,99493,464,99792,137,99389,364,99813,164,99373,164,100023,164,99325,164,100035,100,99234,100,100047,100,99221,100,100077,100,99142,100,100100,100,99090,100,100112,100,99051,100,100213,100,98891,100
2019-06-28 09:59:10.000000000,99791,454,99493,654,99792,73,99389,300,99813,100,99373,100,100023,100,99325,100,100035,100,99234,100,100047,100,99221,100,100077,100,99142,100,100100,100,99090,100,100112,100,99051,100,100213,100,98891,100
2019-06-28 09:59:20.000000000,99791,251,99493,451,99792,124,99389,351,99813,151,99373,151,100023,151,99325,151,100035,151,99234,151,100047,100,99221,100,100077,100,99142,100,100100,100,99090,100,100112,100,99051,100,100213,100,98891,100
2019-06-28 09:59:30.000000000,99791,286,99493,486,99792,157,99389,384,99813,184,99373,184,100023,100,99325,100,100035,100,99234,100,100047,100,99221,100,100077,100,99142,100,100100,100,99090,100,100112,100,99051,100,100213,100,98891,100
2019-06-28 09:59:33.840926440,99791,286,99493,486,99792,157,99389,384,99807,100,99373,184,99813,184,99325,100,100023,100,99234,100,100035,100,99221,100,100047,100,99142,100,100077,100,99090,100,100100,100,99051,100,100112,100,98891,100
2019-06-28 09:59:40.000000000,99791,454,99493,654,99792,73,99389,300,99807,100,99373,100,99813,100,99325,100,100023,100,99234,100,100035,100,99221,100,100047,100,99142,100,100077,100,99090,100,100100,100,99051,100,100112,100,98891,100
2019-06-28 09:59:48.921294627,99791,454,99493,654,99792,73,99389,300,99807,100,99373,100,99813,100,99325,100,99900,100,99234,100,100023,100,99221,100,100035,100,99142,100,100047,100,99090,100,100077,100,99051,100,100100,100,98891,100
2019-06-28 09:59:49.977366575,99791,454,99493,654,99792,73,99389,300,99807,100,99373,100,99813,100,99325,100,99847,100,99234,100,99900,100,99221,100,100023,100,99142,100,100035,100,99090,100,100047,100,99051,100,100077,100,98891,100
2019-06-28 09:59:50.000000000,99791,327,99493,527,99792,200,99389,427,99807,100,99373,100,99813,100,99325,100,99847,100,99234,100,99900,100,99221,100,100023,100,99142,100,100035,100,99090,100,100047,100,99051,100,100077,100,98891,100
2019-06-28 10:00:00.000000000,99791,286,99493,486,99792,157,99389,384,99807,184,99373,184,99813,100,99325,100,99847,100,99234,100,99900,100,99221,100,100023,100,99142,100,100035,100,99090,100,100047,100,99051,100,100077,100,98891,100
2019-06-28 10:00:10.000000000,99791,286,99493,486,99792,157,99389,384,99807,184,99373,184,99813,100,99325,100,99847,100,99234,100,99900,100,99221,100,100023,100,99142,100,100035,100,99090,100,100047,100,99051,100,100077,100,98891,100
2019-06-28 10:00:20.000000000,99791,327,99493,527,99792,200,99389,427,99807,100,99373,100,99813,100,99325,100,99847,100,99234,100,99900,100,99221,100,100023,100,99142,100,100035,100,99090,100,100047,100,99051,100,100077,100,98891,100
2019-06-28 10:00:30.000000000,99791,286,99493,486,99792,157,99389,384,99807,184,99373,184,99813,100,99325,100,99847,100,99234,100,99900,100,99221,100,100023,100,99142,100,100035,100,99090,100,100047,100,99051,100,100077,100,98891,100
2019-06-28 10:00:34.740856201,99745,100,99493,386,99791,286,99389,384,99792,157,99373,184,99807,184,99325,100,99813,100,99234,100,99847,100,99221,100,99900,100,99142,100,100023,100,99090,100,100035,100,99051,100,100047,100,98891,100
2019-06-28 10:00:35.788307959,99745,100,99675,100,99791,286,99493,386,99792,157,99389,384,99807,184,99373,184,99813,100,99325,100,99847,100,99234,100,99900,100,99221,100,100023,100,99142,100,100035,100,99090,100,100047,100,99051,100
2019-06-28 10:00:40.000000000,99745,164,99675,164,99791,264,99493,364,99792,137,99389,364,99807,164,99373,164,99813,100,99325,100,99847,100,99234,100,99900,100,99221,100,100023,100,99142,100,100035,100,99090,100,100047,100,99051,100
2019-06-28 10:00:50.000000000,99745,186,99675,186,99791,284,99493,384,99792,157,99389,384,99807,100,99373,100,99813,100,99325,100,99847,100,99234,100,99900,100,99221,100,100023,100,99142,100,100035,100,99090,100,100047,100,99051,100
2019-06-28 10:00:55.090537533,99745,186,99675,186,99791,284,99493,384,99792,157,99389,384,99813,100,99373,100,99815,100,99325,100,99847,100,99234,100,99900,100,99221,100,100023,100,99142,100,100035,100,99090,100,100047,100,99051,100
2019-06-28 10:00:55.648997549,99745,186,99675,186,99791,284,99493,384,99792,157,99389,384,99813,100,99373,100,99815,100,99325,100,99847,100,99234,100,99875,100,99221,100,99900,100,99142,100,100023,100,99090,100,100035,100,99051,100
2019-06-28 10:01:00.000000000,99745,354,99675,354,99791,200,99493,300,99792,73,99389,300,99813,100,99373,100,99815,100,99325,100,99847,100,99234,100,99875,100,99221,100,99900,100,99142,100,100023,100,99090,100,100035,100,99051,100
2019-06-28 10:01:10.000000000,99745,354,99675,354,99791,200,99493,300,99792,73,99389,300,99813,100,99373,100,99815,100,99325,100,99847,100,99234,100,99875,100,99221,100,99900,100,99142,100,100023,100,99090,100,100035,100,99051,100
2019-06-28 10:01:20.000000000,99745,151,99675,151,99791,251,99493,351,99792,124,99389,351,99813,151,99373,151,99815,151,99325,151,99847,100,99234,100,99875,100,99221,100,99900,100,99142,100,100023,100,99090,100,100035,100,99051,100
2019-06-28 10:01:25.402736332,99745,51,99675,151,99791,251,99493,351,99792,124,99389,351,99813,151,99373,51,99815,151,99325,151,99847,100,99234,100,99875,100,99221,100,99900,100,99142,100,100023,100,99090,100,100035,100,99051,100
2019-06-28 10:01:29.036097589,99791,251,99745,49,99792,124,99675,151,99813,151,99493,351,99815,151,99389,351,99847,100,99373,51,99875,100,99325,151,99900,100,99234,100,100023,100,99221,100,100035,100,99142,100,100047,100,99090,100
2019-06-28 10:01:30.000000000,99791,327,99745,176,99792,200,99675,227,99813,100,99493,300,99815,100,99389,300,99847,100,99325,100,99875,100,99234,100,99900,100,99221,100,100023,100,99142,100,100035,100,99090,100,100047,100,99051,100
2019-06-28 10:01:40.000000000,99791,327,99745,176,99792,200,99675,227,99813,100,99493,300,99815,100,99389,300,99847,100,99325,100,99875,100,99234,100,99900,100,99221,100,100023,100,99142,100,100035,100,99090,100,100047,100,99051,100
2019-06-28 10:01:44.320148044,99791,327,99745,176,99792,200,99675,227,99813,100,99493,300,99815,100,99389,300,99847,100,99325,100,99875,100,99234,100,99900,100,99221,100,100023,100,99142,100,100035,100,99090,100,100047,100,99051,100
2019-06-28 10:01:50.000000000,99791,264,99745,113,99792,137,99675,164,99813,164,99493,364,99815,164,99389,364,99847,100,99325,100,99875,100,99234,100,99900,100,99221,100,100023,100,99142,100,100035,100,99090,100,100047,100,99051,100
2019-06-28 10:02:00.000000000,99791,286,99745,135,99792,157,99675,184,99813,184,99493,384,99815,100,99389,300,99847,100,99325,100,99875,100,99234,100,99900,100,99221,100,100023,100,99142,100,100035,100,99090,100,100047,100,99051,100
2019-06-28 10:02:00.653481119,99791,286,99745,35,99792,157,99675,184,99813,184,99493,384,99815,100,99389,200,99847,100,99325,100,99875,100,99234,100,99900,100,99221,100,100023,100,99142,100,100035,100,99090,100,100047,100,99051,100
2019-06-28 10:02:01.758081809,99791,286,99745,35,99792,84,99675,184,99813,184,99493,384,99815,100,99389,200,99847,100,99325,100,99875,100,99234,100,99900,100,99221,100,100023,100,99142,100,100035,100,99090,100,100047,100,99051,100
2019-06-28 10:02:02.528405525,99791,286,99774,100,99792,84,99745,35,99813,184,99675,184,99815,100,99493,384,99847,100,99389,200,99875,100,99325,100,100023,100,99234,100,100035,100,99221,100,100047,100,99142,100,100077,100,99090,100
2019-06-28 10:02:07.808404056,99791,286,99745,35,99792,84,99675,184,99813,184,99493,384,99815,100,99389,200,99847,100,99325,100,99875,100,99234,100,100023,100,99221,100,100035,100,99142,100,100047,100,99090,100,100077,100,99051,100
2019-06-28 10:02:10.000000000,99791,327,99675,227,99813,227,99493,427,99815,100,99389,200,99847,100,99325,100,99875,100,99234,100,100023,100,99221,100,100035,100,99142,100,100047,100,99090,100,100077,100,99051,100,100100,100,98891,100
2019-06-28 10:02:20.000000000,99791,454,99675,354,99813,100,99493,300,99815,100,99389,200,99847,100,99325,100,99875,100,99234,100,100023,100,99221,100,100035,100,99142,100,100047,100,99090,100,100077,100,99051,100,100100,100,98891,100
2019-06-28 10:02:21.143248837,99791,454,99675,254,99813,100,99493,300,99815,100,99389,200,99847,100,99325,100,99875,100,99234,100,100023,100,99221,100,100035,100,99142,100,100047,100,99090,100,100077,100,99051,100,100100,100,98891,100
2019-06-28 10:02:30.000000000,99791,327,99493,427,99813,227,99389,327,99815,100,99325,100,99847,100,99234,100,99875,100,99221,100,100023,100,99142,100,100035,100,99090,100,100047,100,99051,100,100077,100,98891,100,100100,100,98844,100
2019-06-28 10:02:35.327068701,99558,100,99493,427,99791,327,99389,327,99813,227,99325,100,99847,100,99234,100,99875,100,99221,100,100023,100,99142,100,100035,100,99090,100,100047,100,99051,100,100077,100,98891,100,100100,100,98844,100
2019-06-28 10:02:40.000000000,99558,227,99493,427,99791,327,99389,327,99813,100,99325,100,99847,100,99234,100,99875,100,99221,100,100023,100,99142,100,100035,100,99090,100,100047,100,99051,100,100077,100,98891,100,100100,100,98844,100
2019-06-28 10:02:50.000000000,99558,164,99493,364,99791,264,99389,264,99813,164,99325,164,99847,164,99234,164,99875,100,99221,100,100023,100,99142,100,100035,100,99090,100,100047,100,99051,100,100077,100,98891,100,100100,100,98844,100
2019-06-28 10:03:00.000000000,99558,354,99493,554,99791,200,99389,200,99813,100,99325,100,99847,100,99234,100,99875,100,99221,100,100023,100,99142,100,100035,100,99090,100,100047,100,99051,100,100077,100,98891,100,100100,100,98844,100
2019-06-28 10:03:03.976232689,99558,354,99493,554,99636,100,99389,200,99791,200,99325,100,99813,100,99234,100,99847,100,99221,100,99875,100,99142,100,100023,100,99090,100,100035,100,99051,100,100077,100,98891,100,100100,100,98844,100
2019-06-28 10:03:10.000000000,99558,164,99493,364,99636,164,99389,264,99791,264,99325,164,99813,164,99234,164,99847,100,99221,100,99875,100,99142,100,100023,100,99090,100,100035,100,99051,100,100077,100,98891,100,100100,100,98844,100
2019-06-28 10:03:10.546949747,99558,64,99493,364,99636,164,99389,264,99791,264,99325,164,99813,164,99234,164,99847,100,99221,100,99875,100,99142,100,100023,100,99090,100,100077,100,99051,100,100100,100,98891,100,100112,100,98844,100
2019-06-28 10:03:20.000000000,99636,227,99493,427,99791,327,99389,327,99813,100,99325,100,99847,100,99234,100,99875,100,99221,100,100023,100,99142,100,100077,100,99090,100,100100,100,99051,100,100112,100,98891,100,100151,100,98844,100
2019-06-28 10:03:22.900696658,99636,227,99493,427,99780,100,99389,327,99791,327,99325,100,99813,100,99234,100,99847,100,99221,100,99875,100,99142,100,100023,100,99090,100,100077,100,99051,100,100100,100,98891,100,100112,100,98844,100
2019-06-28 10:03:30.000000000,99636,164,99493,364,99780,164,99389,264,99791,264,99325,164,99813,164,99234,164,99847,100,99221,100,99875,100,99142,100,100023,100,99090,100,100077,100,99051,100,100100,100,98891,100,100112,100,98844,100
2019-06-28 10:03:40.000000000,99636,151,99493,351,99780,151,99389,251,99791,251,99325,151,99813,151,99234,151,99847,151,99221,151,99875,100,99142,100,100023,100,99090,100,100077,100,99051,100,100100,100,98891,100,100112,100,98844,100
2019-06-28 10:03:46.746320878,99636,151,99493,251,99780,151,99389,251,99791,251,99325,151,99813,151,99234,151,99847,151,99221,151,99875,100,99142,100,100023,100,99090,100,100077,100,99051,100,100100,100,98891,100,100112,100,98844,100
2019-06-28 10:03:50.000000000,99636,164,99493,264,99780,164,99389,264,99791,264,99325,164,99813,164,99234,164,99847,100,99221,100,99875,100,99142,100,100023,100,99090,100,100077,100,99051,100,100100,100,98891,100,100112,100,98844,100
2019-06-28 10:03:50.069923298,99520,100,99493,264,99636,64,99389,264,99780,164,99325,164,99791,264,99234,164,99813,164,99221,100,99847,100,99142,100,99875,100,99090,100,100023,100,99051,100,100077,100,98891,100,100100,100,98844,100
2019-06-28 10:04:00.000000000,99520,151,99493,251,99780,151,99389,251,99791,251,99325,151,99813,151,99234,151,99847,151,99221,151,99875,100,99142,100,100023,100,99090,100,100077,100,99051,100,100100,100,98891,100,100112,100,98844,100
2019-06-28 10:04:10.000000000,99520,227,99493,327,99780,227,99389,327,99791,200,99325,100,99813,100,99234,100,99847,100,99221,100,99875,100,99142,100,100023,100,99090,100,100077,100,99051,100,100100,100,98891,100,100112,100,98844,100
2019-06-28 10:04:13.499462820,99520,227,99493,227,99780,227,99389,327,99791,200,99325,100,99813,100,99234,100,99847,100,99221,100,99875,100,99142,100,100023,100,99090,100,100077,100,99051,100,100100,100,98891,100,100112,100,98844,100
2019-06-28 10:04:20.000000000,99520,227,99493,227,99780,227,99389,327,99791,200,99325,100,99813,100,99234,100,99847,100,99221,100,99875,100,99142,100,100023,100,99090,100,100077,100,99051,100,100100,100,98891,100,100112,100,98844,100
2019-06-28 10:04:30.000000000,99520,354,99493,354,99780,100,99389,200,99791,200,99325,100,99813,100,99234,100,99847,100,99221,100,99875,100,99142,100,100023,100,99090,100,100077,100,99051,100,100100,100,98891,100,100112,100,98844,100
2019-06-28 10:04:33.425310473,99520,354,99493,354,99780,100,99389,200,99791,200,99325,100,99813,100,99234,100,99847,100,99221,100,99875,100,99142,100,100023,100,99051,100,100077,100,98891,100,100100,100,98844,100,100112,100,98733,100
2019-06-28 10:04:40.000000000,99520,164,99493,164,99780,164,99389,264,99791,264,99325,164,99813,164,99234,164,99847,100,99221,100,99875,100,99142,100,100023,100,99051,100,100077,100,98891,100,100100,100,98844,100,100112,100,98733,100
2019-06-28 10:04:43.988999867,99520,164,99493,164,99780,164,99389,264,99791,264,99325,164,99813,164,99234,164,99847,100,99221,100,99875,100,99142,100,100023,100,99051,100,100077,100,98988,100,100100,100,98844,100,100112,100,98733,100
2019-06-28 10:04:50.000000000,99520,164,99493,164,99780,164,99389,264,99791,264,99325,164,99813,164,99234,164,99847,100,99221,100,99875,100,99142,100,100023,100,99051,100,100077,100,98988,100,100100,100,98844,100,100112,100,98733,100
2019-06-28 10:05:00.000000000,99520,151,99493,151,99780,151,99389,251,99791,251,99325,151,99813,151,99234,151,99847,151,99221,151,99875,100,99142,100,100023,100,99051,100,100077,100,98988,100,100100,100,98844,100,100112,100,98733,100
2019-06-28 10:05:10.000000000,99520,227,99493,227,99780,227,99389,327,99791,200,99325,100,99813,100,99234,100,99847,100,99221,100,99875,100,99142,100,100023,100,99051,100,100077,100,98988,100,100100,100,98844,100,100112,100,98733,100
2019-06-28 10:05:20.000000000,99520,354,99493,354,99780,100,99389,200,99791,200,99325,100,99813,100,99234,100,99847,100,99221,100,99875,100,99142,100,100023,100,99051,100,100077,100,98988,100,100100,100,98844,100,100112,100,98733,100
2019-06-28 10:05:20.579141912,99520,354,99493,254,99780,100,99389,200,99791,200,99325,100,99813,100,99234,100,99847,100,99221,100,99875,100,99142,100,100023,100,99051,100,100100,100,98988,100,100112,100,98844,100,100151,100,98733,100
2019-06-28 10:05:30.000000000,99520,186,99389,286,99780,184,99325,184,99791,284,99234,184,99813,100,99221,100,99847,100,99142,100,99875,100,99051,100,100023,100,98988,100,100100,100,98844,100,100112,100,98733,100,100151,100,,
2019-06-28 10:05:40.000000000,99520,354,99389,454,99780,100,99325,100,99791,200,99234,100,99813,100,99221,100,99847,100,99142,100,99875,100,99051,100,100023,100,98988,100,100100,100,98844,100,100112,100,98733,100,100151,100,,
2019-06-28 10:05:50.000000000,99520,227,99389,327,99780,227,99325,227,99791,200,99234,100,99813,100,99221,100,99847,100,99142,100,99875,100,99051,100,100023,100,98988,100,100100,100,98844,100,100112,100,98733,100,100151,100,,
2019-06-28 10:05:55.714090348,99493,100,99389,327,99520,227,99325,227,99780,227,99221,100,99791,200,99142,100,99813,100,99051,100,99847,100,98988,100,99875,100,98844,100,100023,100,98733,100,100100,100,,,100112,100,,
2019-06-28 10:06:00.000000000,99493,151,99389,251,99520,151,99325,151,99780,151,99221,151,99791,251,99142,151,99813,151,99051,151,99847,100,98988,100,99875,100,98844,100,100023,100,98733,100,100100,100,,,100112,100,,
2019-06-28 10:06:10.000000000,99493,151,99389,251,99520,151,99325,151,99780,151,99221,151,99791,251,99142,151,99813,151,99051,151,99847,100,98988,100,99875,100,98844,100,100023,100,98733,100,100100,100,,,100112,100,,
2019-06-28 10:06:19.792512158,99493,151,99389,251,99495,100,99325,151,99520,151,99221,151,99780,151,99142,151,99791,251,99051,151,99813,151,98988,100,99847,100,98844,100,99875,100,98733,100,100023,100,,,100100,100,,
2019-06-28 10:06:20.000000000,99493,354,99389,454,99495,100,99325,100,99520,100,99221,100,99780,100,99142,100,99791,200,99051,100,99813,100,98988,100,99847,100,98844,100,99875,100,98733,100,100023,100,,,100100,100,,
2019-06-28 10:06:22.447437803,99493,354,99389,454,99495,100,99384,100,99520,100,99325,100,99780,100,99221,100,99791,200,99142,100,99813,100,99051,100,99847,100,98988,100,99875,100,98733,100,100023,100,,,100100,100,,
2019-06-28 10:06:30.000000000,99493,151,99389,251,99495,151,99384,151,99520,151,99325,151,99780,151,99221,151,99791,251,99142,151,99813,100,99051,100,99847,100,98988,100,99875,100,98733,100,100023,100,,,100100,100,,
2019-06-28 10:06:40.000000000,99493,164,99389,264,99495,164,99384,164,99520,164,99325,164,99780,164,99221,164,99791,200,99142,100,99813,100,99051,100,99847,100,98988,100,99875,100,98733,100,100023,100,,,100100,100,,
2019-06-28 10:06:50.000000000,99493,354,99389,454,99495,100,99384,100,99520,100,99325,100,99780,100,99221,100,99791,200,99142,100,99813,100,99051,100,99847,100,98988,100,99875,100,98733,100,100023,100,,,100100,100,,
2019-06-28 10:06:58.080018275,99493,354,99389,454,99495,100,99384,100,99520,100,99325,100,99780,100,99221,100,99791,200,99142,100,99847,100,99051,100,99875,100,98988,100,100023,100,98941,100,100100,100,98733,100,100112,100,,
2019-06-28 10:07:00.000000000,99493,227,99389,327,99495,227,99384,227,99520,100,99325,100,99780,100,99221,100,99791,200,99142,100,99847,100,99051,100,99875,100,98988,100,100023,100,98941,100,100100,100,98733,100,100112,100,,
2019-06-28 10:07:10.000000000,99493,354,99389,454,99495,100,99384,100,99520,100,99325,100,99780,100,99221,100,99791,200,99142,100,99847,100,99051,100,99875,100,98988,100,100023,100,98941,100,100100,100,98733,100,100112,100,,
2019-06-28 10:07:15.118968188,99493,354,99389,354,99495,100,99384,100,99520,100,99325,100,99780,100,99221,100,99791,200,99142,100,99847,100,99051,100,99875,100,98988,100,100023,100,98941,100,100100,100,98733,100,100112,100,,
2019-06-28 10:07:20.000000000,99493,164,99389,164,99495,164,99384,164,99520,164,99325,164,99780,164,99221,164,99791,200,99142,100,99847,100,99051,100,99875,100,98988,100,100023,100,98941,100,100100,100,98733,100,100112,100,,
2019-06-28 10:07:29.419854861,99493,164,99389,164,99495,164,99384,164,99520,164,99325,164,99780,164,99221,164,99791,200,99150,100,99847,100,99142,100,99875,100,99051,100,100023,100,98988,100,100100,100,98941,100,100112,100,98733,100
2019-06-28 10:07:30.000000000,99493,164,99389,164,99495,164,99384,164,99520,164,99325,164,99780,164,99221,164,99791,200,99150,100,99847,100,99142,100,99875,100,99051,100,100023,100,98988,100,100100,100,98941,100,100112,100,98733,100
2019-06-28 10:07:40.000000000,99493,354,99389,354,99495,100,99384,100,99520,100,99325,100,99780,100,99221,100,99791,200,99150,100,99847,100,99142,100,99875,100,99051,100,100023,100,98988,100,100100,100,98941,100,100112,100,98733,100
2019-06-28 10:07:50.000000000,99493,186,99389,186,99495,184,99384,184,99520,184,99325,184,99780,100,99221,100,99791,200,99150,100,99847,100,99142,100,99875,100,99051,100,100023,100,98988,100,100100,100,98941,100,100112,100,98733,100
2019-06-28 10:07:52.159457940,99493,186,99389,86,99495,184,99384,184,99520,184,99325,184,99780,100,99221,100,99791,200,99150,100,99847,100,99142,100,99875,100,99051,100,100023,100,98988,100,100100,100,98941,100,100112,100,,
2019-06-28 10:08:00.000000000,99493,164,99384,164,99495,164,99325,164,99520,164,99221,164,99780,164,99150,164,99791,200,99142,100,99847,100,99051,100,99875,100,98988,100,100023,100,98941,100,100100,100,,,100112,100,,
2019-06-28 10:08:10.000000000,99493,151,99384,151,99495,151,99325,151,99520,151,99221,151,99780,151,99150,151,99791,251,99142,151,99847,100,99051,100,99875,100,98988,100,100023,100,98941,100,100100,100,,,100112,100,,
2019-06-28 10:08:15.181079175,99493,151,99384,51,99495,151,99325,151,99520,151,99221,151,99780,151,99150,151,99791,251,99142,151,99847,100,99051,100,100023,100,98988,100,100100,100,98941,100,100112,100,,,100151,100,,
2019-06-28 10:08:20.000000000,99493,354,99325,354,99495,100,99221,100,99520,100,99150,100,99780,100,99142,100,99791,200,99051,100,99847,100,98988,100,100023,100,98941,100,100100,100,,,100112,100,,,100151,100,,
2019-06-28 10:08:23.431580323,99493,354,99325,354,99495,100,99221,100,99520,100,99150,100,99780,100,99142,100,99791,200,99051,100,99847,100,98988,100,100023,100,98941,100,100100,100,98785,100,100112,100,,,100151,100,,
2019-06-28 10:08:25.086726219,99493,354,99325,254,99495,100,99221,100,99520,100,99150,100,99780,100,99142,100,99791,200,99051,100,100023,100,98988,100,100100,100,98941,100,100112,100,98785,100,100151,100,,,100213,100,,
2019-06-28 10:08:30.000000000,99493,354,99221,354,99495,100,99150,100,99520,100,99142,100,99780,100,99051,100,99791,200,98988,100,100023,100,98941,100,100100,100,98785,100,100112,100,,,100151,100,,,100213,100,,
2019-06-28 10:08:40.000000000,99493,354,99221,354,99495,100,99150,100,99520,100,99142,100,99780,100,99051,100,99791,200,98988,100,100023,100,98941,100,100100,100,98785,100,100112,100,,,100151,100,,,100213,100,,
2019-06-28 10:08:42.711358445,99493,354,99221,354,99495,100,99150,100,99520,100,99142,100,99780,100,99051,100,99791,100,98988,100,100023,100,98941,100,100100,100,98785,100,100112,100,,,100151,100,,,100213,100,,
2019-06-28 10:08:50.000000000,99493,354,99221,354,99495,100,99150,100,99520,100,99142,100,99780,100,99051,100,99791,100,98988,100,100023,100,98941,100,100100,100,98785,100,100112,100,,,100151,100,,,100213,100,,
2019-06-28 10:08:50.200626154,99493,354,99221,254,99495,100,99150,100,99520,100,99142,100,99780,100,99051,100,99791,100,98988,100,100023,100,98941,100,100100,100,,,100112,100,,,100151,100,,,100213,100,,
2019-06-28 10:08:50.557117348,99325,100,99221,254,99493,354,99150,100,99495,100,99142,100,99520,100,99051,100,99780,100,98988,100,99791,100,98941,100,100023,100,,,100100,100,,,100112,100,,,100151,100,,
2019-06-28 10:08:57.984997567,99325,100,99221,254,99493,354,99150,100,99495,100,99142,100,99520,100,99051,100,99780,100,98988,100,99791,100,98941,100,100023,100,98896,100,100100,100,,,100112,100,,,100151,100,,
2019-06-28 10:08:58.947551249,99325,100,99221,154,99493,354,99150,100,99520,100,99142,100,99780,100,99051,100,99791,100,98988,100,100023,100,98941,100,100100,100,98896,100,100112,100,,,100151,100,,,100213,100,,
2019-06-28 10:09:00.000000000,99325,151,99150,151,99493,151,99142,151,99520,151,99051,151,99780,151,98988,151,99791,151,98941,151,100023,100,98896,100,100100,100,,,100112,100,,,100151,100,,,100213,100,,
2019-06-28 10:09:10.000000000,99325,227,99150,227,99493,227,99142,227,99520,100,99051,100,99780,100,98988,100,99791,100,98941,100,100023,100,98896,100,100100,100,,,100112,100,,,100151,100,,,100213,100,,
2019-06-28 10:09:20.000000000,99325,186,99150,186,99493,184,99142,184,99520,184,99051,184,99780,100,98988,100,99791,100,98941,100,100023,100,98896,100,100100,100,,,100112,100,,,100151,100,,,100213,100,,
2019-06-28 10:09:30.000000000,99325,164,99150,164,99493,164,99142,164,99520,164,99051,164,99780,164,98988,164,99791,100,98941,100,100023,100,98896,100,100100,100,,,100112,100,,,100151,100,,,100213,100,,
2019-06-28 10:09:32.443777054,99221,100,99150,164,99325,164,99142,164,99493,164,99051,164,99520,164,98988,164,99780,164,98941,100,99791,100,98896,100,100023,100,,,100100,100,,,100112,100,,,100151,100,,
2019-06-28 10:09:36.652058970,99221,100,99150,164,99325,164,99142,164,99493,164,99051,164,99520,64,98995,100,99780,164,98988,164,99791,100,98941,100,100023,100,98896,100,100100,100,,,100112,100,,,100151,100,,
2019-06-28 10:09:40.000000000,99221,164,99150,164,99325,164,99142,164,99493,164,99051,164,99780,164,98995,164,99791,100,98988,100,100023,100,98941,100,100100,100,98896,100,100112,100,,,100151,100,,,100213,100,,
