,ask_price_1,ask_size_1,bid_price_1,bid_size_1,ask_price_2,ask_size_2,bid_price_2,bid_size_2,ask_price_3,ask_size_3,bid_price_3,bid_size_3,ask_price_4,ask_size_4,bid_price_4,bid_size_4,ask_price_5,ask_size_5,bid_price_5,bid_size_5,ask_price_6,ask_size_6,bid_price_6,bid_size_6,ask_price_7,ask_size_7,bid_price_7,bid_size_7,ask_price_8,ask_size_8,bid_price_8,bid_size_8,ask_price_9,ask_size_9,bid_price_9,bid_size_9,ask_price_10,ask_size_10,bid_price_10,bid_size_10
2019-06-28 09:30:00.000000004,,,99941,100,,,,,,,,,,,,,,,,,,,,,,,,,,,,,,,,,,,,
2019-06-28 09:30:00.000000005,100058,100,99941,100,100213,100,,,,,,,,,,,,,,,,,,,,,,,,,,,,,,,,,,
2019-06-28 09:30:00.000000006,100054,100,99941,100,100058,100,99939,100,100213,100,99905,100,,,99886,100,,,,,,,,,,,,,,,,,,,,,,,,
2019-06-28 09:30:00.000000009,99956,100,99941,100,100054,100,99939,100,100058,100,99905,100,100213,100,99886,100,,,,,,,,,,,,,,,,,,,,,,,,
2019-06-28 09:30:00.000000013,99956,100,99941,100,100054,100,99939,100,100058,100,99920,100,100213,100,99905,100,,,99886,100,,,,,,,,,,,,,,,,,,,,
2019-06-28 09:30:00.000000015,99956,100,99945,100,100054,100,99941,100,100058,100,99939,100,100213,100,99921,100,,,99920,100,,,99905,100,,,99886,100,,,,,,,,,,,,
2019-06-28 09:30:00.000000016,99956,100,99941,100,100054,100,99939,100,100058,100,99921,100,100213,100,99920,100,,,99905,100,,,99886,100,,,99777,100,,,,,,,,,,,,
2019-06-28 09:30:00.000000017,99956,100,99941,100,100054,100,99939,100,100058,100,99921,100,100213,100,99920,100,100215,100,99916,100,,,99905,100,,,99886,100,,,99777,100,,,,,,,,
2019-06-28 09:30:00.000000020,99956,100,99941,100,100054,100,99939,100,100058,100,99933,100,100213,100,99921,100,100215,100,99920,100,,,99916,100,,,99905,100,,,99886,100,,,99777,100,,,,
2019-06-28 09:30:00.000000022,100034,100,99941,100,100041,100,99939,100,100054,100,99933,100,100058,100,99921,100,100213,100,99920,100,100215,100,99916,100,,,99905,100,,,99886,100,,,99777,100,,,,
2019-06-28 09:30:00.000000026,99956,100,99941,100,100034,100,99939,100,100041,100,99933,100,100054,100,99921,100,100058,100,99920,100,100213,100,99916,100,100215,100,99905,100,,,99886,100,,,99777,100,,,,
2019-06-28 09:30:00.000000027,99956,100,99945,100,100034,100,99941,100,100041,100,99939,100,100054,100,99933,100,100058,100,99921,100,100213,100,99920,100,100215,100,99916,100,,,99905,100,,,99886,100,,,99777,100
2019-06-28 09:30:00.000000029,99956,100,99945,200,100034,100,99941,100,100041,100,99939,100,100054,100,99933,100,100058,100,99921,100,100213,100,99920,100,100215,100,99916,100,,,99905,100,,,99886,100,,,99777,100
2019-06-28 09:30:00.000000033,99956,100,99947,100,100034,100,99945,200,100041,100,99941,100,100054,100,99939,100,100058,100,99933,100,100163,100,99921,100,100213,100,99920,100,100215,100,99916,100,,,99905,100,,,99886,100
2019-06-28 09:30:00.000000034,99956,100,99947,100,100034,100,99945,200,100041,100,99941,100,100054,100,99939,100,100058,100,99933,100,100163,100,99921,100,100201,100,99920,100,100213,100,99916,100,100215,100,99905,100,,,99886,100
2019-06-28 09:30:00.000000035,99956,100,99947,100,100034,100,99945,300,100041,100,99941,100,100054,100,99939,100,100058,100,99933,100,100163,100,99921,100,100201,100,99920,100,100213,100,99916,100,100215,100,99905,100,,,99886,100
2019-06-28 09:30:00.000000036,99956,100,99947,100,100034,100,99945,300,100041,100,99941,100,100054,100,99939,100,100058,100,99933,100,100077,100,99921,100,100163,100,99920,100,100201,100,99916,100,100213,100,99905,100,100215,100,99886,100
2019-06-28 09:30:00.000000038,100034,100,99947,100,100041,100,99945,300,100054,100,99941,100,100058,100,99939,100,100077,100,99933,100,100163,100,99921,100,100201,100,99920,100,100213,100,99916,100,100215,100,99905,100,,,99886,100
2019-06-28 09:30:00.000000040,100034,100,99947,100,100041,100,99945,300,100054,100,99941,100,100058,100,99939,100,100077,100,99933,100,100163,100,99921,100,100201,100,99920,100,100213,100,99916,100,100215,100,99905,100,,,99898,100
2019-06-28 09:30:00.000000043,100034,100,99947,100,100041,100,99945,300,100054,100,99941,100,100058,100,99939,100,100077,100,99933,100,100111,100,99921,100,100163,100,99920,100,100201,100,99916,100,100213,100,99905,100,100215,100,99898,100
2019-06-28 09:30:00.000000044,100034,100,99991,100,100041,100,99947,100,100054,100,99945,300,100058,100,99941,100,100077,100,99939,100,100111,100,99933,100,100163,100,99921,100,100201,100,99920,100,100213,100,99916,100,100215,100,99905,100
2019-06-28 09:30:00.000000049,100034,100,99991,100,100041,100,99947,100,100043,100,99945,300,100054,100,99941,100,100058,100,99939,100,100077,100,99933,100,100111,100,99921,100,100163,100,99920,100,100201,100,99916,100,100213,100,99905,100
2019-06-28 09:30:00.000000051,100034,100,99991,100,100041,100,99947,100,100043,100,99945,300,100054,100,99941,100,100058,100,99939,100,100063,100,99933,100,100077,100,99921,100,100111,100,99920,100,100163,100,99916,100,100201,100,99905,100
2019-06-28 09:30:00.000000053,100034,100,99991,100,100041,100,99947,100,100043,100,99945,300,100044,100,99941,100,100054,100,99939,100,100058,100,99933,100,100063,100,99921,100,100077,100,99920,100,100111,100,99916,100,100163,100,99905,100
2019-06-28 09:30:00.000000054,100034,100,99947,100,100041,100,99945,300,100043,100,99941,100,100044,100,99939,100,100054,100,99933,100,100058,100,99921,100,100063,100,99920,100,100077,100,99916,100,100111,100,99905,100,100163,100,99898,100
2019-06-28 09:30:00.000000059,99991,100,99947,100,100034,100,99945,300,100041,100,99941,100,100043,100,99939,100,100044,100,99933,100,100054,100,99921,100,100058,100,99920,100,100063,100,99916,100,100077,100,99905,100,100111,100,99898,100
2019-06-28 09:30:00.000000060,99991,100,99947,100,100034,100,99945,300,100041,100,99941,100,100043,100,99939,100,100044,100,99933,100,100054,100,99921,100,100058,100,99920,100,100063,100,99916,100,100077,100,99905,100,100086,100,99898,100
2019-06-28 09:30:00.000000061,99991,100,99947,100,100034,100,99945,300,100041,100,99941,100,100043,100,99939,100,100044,100,99933,100,100054,100,99929,100,100058,100,99921,100,100063,100,99920,100,100077,100,99916,100,100086,100,99905,100
2019-06-28 09:30:00.000000065,99991,100,99947,100,100025,100,99945,300,100034,100,99941,100,100041,100,99939,100,100043,100,99933,100,100044,100,99929,100,100054,100,99921,100,100058,100,99920,100,100063,100,99916,100,100077,100,99905,100
2019-06-28 09:30:00.000000067,99991,100,99947,100,100025,100,99945,300,100034,100,99941,100,100040,100,99939,100,100041,100,99933,100,100043,100,99929,100,100044,100,99921,100,100054,100,99920,100,100058,100,99916,100,100063,100,99905,100
2019-06-28 09:30:00.000000071,99991,200,99947,100,100025,100,99945,300,100034,100,99941,100,100040,100,99939,100,100041,100,99933,100,100043,100,99929,100,100044,100,99921,100,100054,100,99920,100,100058,100,99916,100,100063,100,99905,100
2019-06-28 09:30:00.000000072,99991,200,99947,100,100025,100,99945,300,100034,100,99941,100,100040,100,99939,100,100041,100,99933,100,100043,100,99929,100,100044,100,99921,100,100054,100,99920,100,100055,100,99916,100,100058,100,99905,100
2019-06-28 09:30:00.000000073,99991,100,99982,100,100025,100,99947,100,100034,100,99945,300,100040,100,99941,100,100041,100,99939,100,100043,100,99933,100,100044,100,99929,100,100054,100,99921,100,100055,100,99920,100,100058,100,99916,100
2019-06-28 09:30:00.000000075,99991,100,99982,100,100025,100,99981,100,100034,100,99947,100,100040,100,99945,300,100041,100,99941,100,100043,100,99939,100,100044,100,99933,100,100054,100,99929,100,100055,100,99921,100,100058,100,99920,100
2019-06-28 09:30:00.000000076,99990,100,99981,100,99991,100,99947,100,100025,100,99945,300,100034,100,99941,100,100040,100,99939,100,100041,100,99933,100,100043,100,99929,100,100044,100,99921,100,100054,100,99920,100,100055,100,99916,100
2019-06-28 09:30:00.000000079,99990,100,99981,100,99991,100,99947,100,100025,100,99945,300,100034,100,99941,100,100040,100,99939,100,100041,100,99933,100,100043,100,99929,100,100044,100,99921,100,100054,100,99920,100,100055,100,99916,100
2019-06-28 09:30:00.000000081,99991,100,99982,100,100025,100,99981,100,100034,100,99947,100,100040,100,99945,300,100041,100,99941,100,100043,100,99939,100,100044,100,99933,100,100054,100,99929,100,100055,100,99921,100,100058,100,99920,100
2019-06-28 09:30:00.000000082,99991,100,99982,100,100025,100,99981,100,100034,100,99947,100,100040,100,99945,300,100041,100,99941,100,100043,100,99939,100,100044,100,99933,200,100054,100,99929,100,100055,100,99921,100,100058,100,99920,100
2019-06-28 09:30:00.000000083,99991,100,99982,100,100025,100,99981,100,100034,100,99947,100,100040,100,99945,300,100041,100,99941,100,100043,100,99939,100,100044,100,99933,200,100054,100,99929,100,100055,100,99921,100,100058,100,99920,100
2019-06-28 09:30:00.000000085,99991,100,99982,100,100025,100,99981,100,100034,100,99947,100,100040,100,99945,300,100041,100,99941,100,100043,100,99939,100,100044,100,99933,200,100054,100,99929,100,100055,100,99921,100,100058,100,99920,100
2019-06-28 09:30:00.000000088,99991,100,99982,100,100025,100,99981,100,100034,100,99947,100,100040,100,99945,300,100041,100,99941,100,100043,100,99939,100,100044,100,99933,200,100054,100,99929,100,100055,100,99921,100,100058,100,99920,100
2019-06-28 09:30:00.000000094,99991,100,99982,100,100025,100,99981,100,100034,100,99947,100,100040,100,99945,300,100041,100,99941,100,100043,100,99939,100,100044,100,99933,200,100054,100,99929,100,100055,100,99921,100,100058,100,99920,100
2019-06-28 09:30:00.000000096,99991,100,99982,200,100002,100,99981,100,100025,100,99947,100,100034,100,99945,300,100040,100,99941,100,100041,100,99939,100,100043,100,99933,200,100044,100,99929,100,100054,100,99921,100,100055,100,99920,100
2019-06-28 09:30:06.479912402,99991,100,99982,200,100002,100,99981,100,100025,100,99969,100,100034,100,99947,100,100040,100,99945,300,100041,100,99941,100,100043,100,99939,100,100044,100,99933,200,100054,100,99929,100,100055,100,99921,100
2019-06-28 09:30:10.000000000,99991,173,99982,273,100002,173,99981,173,100025,173,99969,173,100034,173,99947,173,100040,173,99945,373,100041,100,99941,100,100043,100,99939,100,100044,100,99933,200,100054,100,99929,100,100055,100,99921,100
2019-06-28 09:30:20.000000000,99991,173,99982,273,100002,173,99981,173,100025,173,99969,173,100034,173,99947,173,100040,173,99945,373,100041,100,99941,100,100043,100,99939,100,100044,100,99933,200,100054,100,99929,100,100055,100,99921,100
2019-06-28 09:30:30.000000000,99991,191,99982,291,100002,191,99981,191,100025,191,99969,191,100034,191,99947,191,100040,100,99945,300,100041,100,99941,100,100043,100,99939,100,100044,100,99933,200,100054,100,99929,100,100055,100,99921,100
2019-06-28 09:30:40.000000000,99991,173,99982,273,100002,173,99981,173,100025,173,99969,173,100034,173,99947,173,100040,173,99945,373,100041,100,99941,100,100043,100,99939,100,100044,100,99933,200,100054,100,99929,100,100055,100,99921,100
2019-06-28 09:30:49.780990515,99991,173,99982,273,100002,173,99981,173,100025,173,99969,173,100034,173,99947,173,100040,173,99945,373,100041,100,99941,100,100043,100,99939,100,100044,100,99933,200,100054,100,99929,100,100055,100,99921,100
2019-06-28 09:30:50.000000000,99991,173,99982,273,100002,173,99981,173,100025,173,99969,173,100034,173,99947,173,100040,173,99945,373,100041,100,99941,100,100043,100,99939,100,100044,100,99933,200,100054,100,99929,100,100055,100,99921,100
2019-06-28 09:30:50.274424664,99990,100,99982,173,99991,173,99981,173,100002,173,99969,173,100025,173,99947,173,100034,173,99945,373,100040,173,99941,100,100041,100,99939,100,100043,100,99933,200,100044,100,99929,100,100054,100,99921,100
2019-06-28 09:30:53.078365265,99990,100,99982,73,99991,173,99981,173,100002,173,99969,173,100025,173,99947,173,100034,173,99945,373,100040,173,99941,100,100041,100,99939,100,100043,100,99933,200,100044,100,99929,100,100054,100,99921,100
2019-06-28 09:31:00.000000000,99990,173,99981,173,99991,173,99969,173,100002,173,99947,173,100025,173,99945,373,100034,173,99941,173,100040,100,99939,100,100041,100,99933,200,100043,100,99929,100,100044,100,99921,100,100054,100,99920,100
2019-06-28 09:31:10.000000000,99990,191,99981,191,99991,191,99969,191,100002,191,99947,191,100025,191,99945,391,100034,100,99941,100,100040,100,99939,100,100041,100,99933,200,100043,100,99929,100,100044,100,99921,100,100054,100,99920,100
2019-06-28 09:31:10.707290850,99989,100,99981,191,99990,191,99969,191,99991,191,99947,191,100002,191,99945,291,100025,191,99941,100,100034,100,99939,100,100040,100,99933,200,100041,100,99929,100,100043,100,99921,100,100044,100,99920,100
2019-06-28 09:31:17.876361346,99989,200,99981,191,99990,191,99969,191,99991,191,99947,191,100002,191,99945,291,100025,191,99941,100,100034,100,99939,100,100040,100,99933,200,100041,100,99929,100,100043,100,99921,100,100044,100,99920,100
2019-06-28 09:31:20.000000000,99989,382,99981,282,99990,282,99969,282,99991,100,99947,100,100002,100,99945,200,100025,100,99941,100,100034,100,99939,100,100040,100,99933,200,100041,100,99929,100,100043,100,99921,100,100044,100,99920,100
2019-06-28 09:31:26.864261023,99989,382,99981,282,99990,282,99969,282,99991,100,99947,100,100002,100,99945,200,100034,100,99941,100,100040,100,99939,100,100041,100,99933,200,100043,100,99929,100,100044,100,99921,100,100054,100,99920,100
2019-06-28 09:31:30.000000000,99989,324,99981,224,99990,220,99969,220,99991,220,99947,220,100002,100,99945,200,100034,100,99941,100,100040,100,99939,100,100041,100,99933,200,100043,100,99929,100,100044,100,99921,100,100054,100,99920,100
2019-06-28 09:31:35.386910053,99989,324,99981,124,99990,220,99969,220,99991,220,99947,220,100002,100,99945,200,100034,100,99941,100,100040,100,99939,100,100041,100,99933,200,100043,100,99921,100,100044,100,99920,100,100054,100,99916,100
2019-06-28 09:31:40.000000000,99989,324,99969,224,99990,220,99947,220,99991,220,99945,320,100002,100,99941,100,100034,100,99939,100,100040,100,99933,200,100041,100,99921,100,100043,100,99920,100,100044,100,99916,100,100054,100,99905,100
2019-06-28 09:31:40.125474044,99989,324,99969,224,99990,220,99947,220,99991,220,99945,320,100002,100,99941,100,100034,100,99939,100,100040,100,99933,200,100041,100,99921,100,100043,100,99920,100,100044,100,99916,100,100054,100,99905,100
2019-06-28 09:31:49.778681772,99989,324,99969,124,99990,220,99947,220,99991,220,99945,320,100002,100,99941,100,100034,100,99939,100,100040,100,99933,200,100041,100,99921,100,100043,100,99920,100,100044,100,99916,100,100054,100,99905,100
2019-06-28 09:31:50.000000000,99989,273,99947,173,99990,173,99945,273,99991,173,99941,173,100002,173,99939,173,100034,173,99933,273,100040,100,99921,100,100041,100,99920,100,100043,100,99916,100,100044,100,99905,100,100054,100,99898,200
2019-06-28 09:32:00.000000000,99989,291,99947,191,99990,191,99945,291,99991,191,99941,191,100002,191,99939,191,100034,100,99933,200,100040,100,99921,100,100041,100,99920,100,100043,100,99916,100,100044,100,99905,100,100054,100,99898,200
2019-06-28 09:32:10.000000000,99989,382,99947,282,99990,282,99945,382,99991,100,99941,100,100002,100,99939,100,100034,100,99933,200,100040,100,99921,100,100041,100,99920,100,100043,100,99916,100,100044,100,99905,100,100054,100,99898,200
2019-06-28 09:32:16.680322045,99989,382,99947,182,99990,282,99945,382,99991,100,99941,100,100002,100,99939,100,100034,100,99933,200,100040,100,99921,100,100041,100,99920,100,100043,100,99916,100,100044,100,99905,100,100054,100,99898,200
2019-06-28 09:32:20.000000000,99989,564,99945,564,99990,100,99941,100,99991,100,99939,100,100002,100,99933,200,100034,100,99921,100,100040,100,99920,100,100041,100,99916,100,100043,100,99905,100,100044,100,99898,200,100054,100,99886,100
2019-06-28 09:32:30.000000000,99989,273,99945,273,99990,173,99941,173,99991,173,99939,173,100002,173,99933,273,100034,173,99921,173,100040,100,99920,100,100041,100,99916,100,100043,100,99905,100,100044,100,99898,200,100054,100,99886,100
2019-06-28 09:32:40.000000000,99989,564,99945,564,99990,100,99941,100,99991,100,99939,100,100002,100,99933,200,100034,100,99921,100,100040,100,99920,100,100041,100,99916,100,100043,100,99905,100,100044,100,99898,200,100054,100,99886,100
2019-06-28 09:32:43.438333250,99989,564,99945,564,99991,100,99941,100,100002,100,99939,100,100034,100,99933,200,100040,100,99921,100,100041,100,99920,100,100043,100,99916,100,100044,100,99905,100,100054,100,99898,200,100055,100,99886,100
2019-06-28 09:32:44.207482721,99989,564,99945,564,99991,100,99941,100,100002,100,99939,100,100034,100,99933,200,100040,100,99921,100,100041,100,99920,100,100043,100,99916,100,100044,100,99905,100,100054,100,99898,100,100055,100,99886,100
2019-06-28 09:32:50.000000000,99989,324,99945,324,99991,220,99941,220,100002,220,99939,220,100034,100,99933,200,100040,100,99921,100,100041,100,99920,100,100043,100,99916,100,100044,100,99905,100,100054,100,99898,100,100055,100,99886,100
2019-06-28 09:33:00.000000000,99989,273,99945,273,99991,173,99941,173,100002,173,99939,173,100034,173,99933,273,100040,173,99921,173,100041,100,99920,100,100043,100,99916,100,100044,100,99905,100,100054,100,99898,100,100055,100,99886,100
2019-06-28 09:33:10.000000000,99989,291,99945,291,99991,191,99941,191,100002,191,99939,191,100034,191,99933,291,100040,100,99921,100,100041,100,99920,100,100043,100,99916,100,100044,100,99905,100,100054,100,99898,100,100055,100,99886,100
2019-06-28 09:33:20.000000000,99989,291,99945,291,99991,191,99941,191,100002,191,99939,191,100034,191,99933,291,100040,100,99921,100,100041,100,99920,100,100043,100,99916,100,100044,100,99905,100,100054,100,99898,100,100055,100,99886,100
2019-06-28 09:33:30.000000000,99989,382,99945,382,99991,282,99941,282,100002,100,99939,100,100034,100,99933,200,100040,100,99921,100,100041,100,99920,100,100043,100,99916,100,100044,100,99905,100,100054,100,99898,100,100055,100,99886,100
2019-06-28 09:33:40.000000000,99989,564,99945,564,99991,100,99941,100,100002,100,99939,100,100034,100,99933,200,100040,100,99921,100,100041,100,99920,100,100043,100,99916,100,100044,100,99905,100,100054,100,99898,100,100055,100,99886,100
2019-06-28 09:33:50.000000000,99989,382,99945,382,99991,282,99941,282,100002,100,99939,100,100034,100,99933,200,100040,100,99921,100,100041,100,99920,100,100043,100,99916,100,100044,100,99905,100,100054,100,99898,100,100055,100,99886,100
2019-06-28 09:34:00.000000000,99989,291,99945,291,99991,191,99941,191,100002,191,99939,191,100034,191,99933,291,100040,100,99921,100,100041,100,99920,100,100043,100,99916,100,100044,100,99905,100,100054,100,99898,100,100055,100,99886,100
2019-06-28 09:34:00.312320277,99989,291,99945,291,99991,191,99941,191,100002,191,99939,191,100034,191,99933,291,100040,100,99921,100,100041,100,99920,100,100043,100,99916,100,100044,100,99905,100,100054,100,99898,100,100055,100,99886,100
2019-06-28 09:34:10.000000000,99989,324,99945,324,99991,220,99941,220,100002,220,99939,220,100034,100,99933,200,100040,100,99921,100,100041,100,99920,100,100043,100,99916,100,100044,100,99905,100,100054,100,99898,100,100055,100,99886,100
2019-06-28 09:34:14.481318042,99989,324,99945,324,99991,220,99941,220,100002,220,99939,120,100034,100,99933,200,100040,100,99921,100,100041,100,99920,100,100043,100,99916,100,100044,100,99905,100,100054,100,99898,100,100055,100,99886,100
2019-06-28 09:34:20.000000000,99989,273,99945,273,99991,173,99941,173,100002,173,99933,273,100034,173,99921,173,100040,173,99920,173,100041,100,99916,100,100043,100,99905,100,100044,100,99898,100,100054,100,99886,100,100055,100,99874,100
2019-06-28 09:34:29.708588331,99989,273,99945,173,99991,173,99941,173,100002,173,99933,273,100034,173,99921,173,100040,173,99920,173,100041,100,99916,100,100043,100,99905,100,100044,100,99898,100,100054,100,99886,100,100055,100,99874,100
2019-06-28 09:34:30.000000000,99989,273,99945,173,99991,173,99941,173,100002,173,99933,273,100034,173,99921,173,100040,173,99920,173,100041,100,99916,100,100043,100,99905,100,100044,100,99898,100,100054,100,99886,100,100055,100,99874,100
2019-06-28 09:34:34.160937485,99989,273,99945,173,99991,173,99941,173,100002,173,99933,273,100034,173,99921,173,100040,173,99920,173,100041,100,99916,100,100043,100,99905,100,100044,100,99898,100,100054,100,99886,100,100055,100,99874,100
2019-06-28 09:34:40.000000000,99989,291,99945,191,99991,191,99941,191,100002,191,99933,291,100034,191,99921,191,100040,100,99920,100,100041,100,99916,100,100043,100,99905,100,100044,100,99898,100,100054,100,99886,100,100055,100,99874,100
2019-06-28 09:34:40.532187541,99989,291,99945,191,99991,191,99941,191,100002,191,99933,291,100034,191,99921,191,100040,100,99920,100,100041,100,99916,100,100043,100,99905,100,100044,100,99898,100,100054,100,99886,100,100055,100,99874,100
2019-06-28 09:34:47.640663887,99989,291,99945,191,99991,191,99941,91,100002,191,99933,291,100034,191,99921,191,100040,100,99920,100,100041,100,99916,100,100043,100,99905,100,100044,100,99898,100,100054,100,99886,100,100055,100,99874,100
2019-06-28 09:34:50.000000000,99989,324,99945,224,99991,220,99933,320,100002,220,99921,220,100034,100,99920,100,100040,100,99916,100,100041,100,99905,100,100043,100,99898,100,100044,100,99886,100,100054,100,99874,100,100055,100,99864,100
2019-06-28 09:34:51.589146233,99989,324,99945,224,99991,220,99933,320,100002,220,99921,220,100034,100,99920,100,100040,100,99916,100,100041,100,99905,100,100043,100,99898,100,100044,100,99886,100,100054,100,99874,100,100055,100,99864,100
2019-06-28 09:34:53.832633014,99989,324,99945,224,99991,220,99933,320,100002,220,99921,120,100034,100,99920,100,100040,100,99916,100,100041,100,99905,100,100043,100,99898,100,100044,100,99886,100,100054,100,99874,100,100055,100,99864,100
2019-06-28 09:35:00.000000000,99989,273,99945,173,99991,173,99933,273,100002,173,99920,173,100034,173,99916,173,100040,173,99905,173,100041,100,99898,100,100043,100,99886,100,100044,100,99874,100,100054,100,99864,100,100055,100,99854,100
2019-06-28 09:35:09.651458839,99989,273,99945,73,99991,173,99933,273,100002,173,99920,173,100034,173,99916,173,100040,73,99905,173,100041,100,99898,100,100043,100,99886,100,100044,100,99874,100,100054,100,99864,100,100055,100,99854,100
2019-06-28 09:35:10.000000000,99989,564,99933,564,99991,100,99920,100,100002,100,99916,100,100034,100,99905,100,100041,100,99898,100,100043,100,99886,100,100044,100,99874,100,100054,100,99864,100,100055,100,99854,100,100058,100,99851,100
2019-06-28 09:35:20.000000000,99989,273,99933,273,99991,173,99920,173,100002,173,99916,173,100034,173,99905,173,100041,173,99898,173,100043,100,99886,100,100044,100,99874,100,100054,100,99864,100,100055,100,99854,100,100058,100,99851,100
2019-06-28 09:35:25.839236975,99989,273,99933,273,99991,173,99920,173,100002,173,99916,173,100034,173,99905,173,100041,173,99898,173,100043,100,99886,100,100044,100,99874,100,100054,100,99864,100,100055,100,99854,100,100058,100,99851,100
2019-06-28 09:35:27.800866650,99989,273,99933,173,99991,173,99920,173,100002,173,99916,173,100034,173,99905,173,100041,173,99898,173,100043,100,99886,100,100044,100,99874,100,100054,100,99864,100,100055,100,99854,100,100058,100,99851,100
2019-06-28 09:35:30.000000000,99989,564,99933,464,99991,100,99920,100,100002,100,99916,100,100034,100,99905,100,100041,100,99898,100,100043,100,99886,100,100044,100,99874,100,100054,100,99864,100,100055,100,99854,100,100058,100,99851,100
2019-06-28 09:35:40.000000000,99989,273,99933,173,99991,173,99920,173,100002,173,99916,173,100034,173,99905,173,100041,173,99898,173,100043,100,99886,100,100044,100,99874,100,100054,100,99864,100,100055,100,99854,100,100058,100,99851,100
2019-06-28 09:35:50.000000000,99989,564,99933,464,99991,100,99920,100,100002,100,99916,100,100034,100,99905,100,100041,100,99898,100,100043,100,99886,100,100044,100,99874,100,100054,100,99864,100,100055,100,99854,100,100058,100,99851,100
2019-06-28 09:35:51.403945117,99989,564,99933,464,99991,100,99916,100,100002,100,99905,100,100034,100,99898,100,100041,100,99886,100,100043,100,99874,100,100044,100,99864,100,100054,100,99854,100,100055,100,99851,100,100058,100,99314,100
2019-06-28 09:35:59.339561586,99989,564,99933,464,99991,100,99916,100,100002,100,99905,100,100034,100,99898,100,100041,100,99886,100,100043,100,99874,100,100044,100,99864,100,100054,100,99854,100,100055,100,99851,100,100058,100,99314,100
2019-06-28 09:36:00.000000000,99989,273,99933,173,99991,173,99916,173,100002,173,99905,173,100034,173,99898,173,100041,173,99886,173,100043,100,99874,100,100044,100,99864,100,100054,100,99854,100,100055,100,99851,100,100058,100,99314,100
2019-06-28 09:36:10.000000000,99989,273,99933,173,99991,173,99916,173,100002,173,99905,173,100034,173,99898,173,100041,173,99886,173,100043,100,99874,100,100044,100,99864,100,100054,100,99854,100,100055,100,99851,100,100058,100,99314,100
2019-06-28 09:36:12.802024016,99989,273,99933,73,99991,173,99916,173,100002,173,99905,173,100034,173,99898,173,100041,173,99886,173,100043,100,99874,100,100044,100,99864,100,100054,100,99854,100,100055,100,99851,100,100058,100,99314,100
2019-06-28 09:36:20.000000000,99989,291,99916,191,99991,191,99905,191,100002,191,99898,191,100034,191,99886,191,100041,100,99874,100,100043,100,99864,100,100044,100,99854,100,100054,100,99851,100,100055,100,99314,100,100058,100,99172,100
2019-06-28 09:36:30.000000000,99989,273,99916,173,99991,173,99905,173,100002,173,99898,173,100034,173,99886,173,100041,173,99874,173,100043,100,99864,100,100044,100,99854,100,100054,100,99851,100,100055,100,99314,100,100058,100,99172,100
2019-06-28 09:36:36.771271090,99989,273,99916,173,99991,173,99905,173,100002,173,99898,173,100034,173,99886,173,100041,173,99874,173,100043,100,99864,100,100044,100,99854,100,100054,100,99851,100,100055,100,99314,100,100058,100,99276,100
2019-06-28 09:36:38.307010269,99989,273,99916,73,99991,173,99905,173,100002,173,99898,173,100034,173,99886,173,100041,173,99874,173,100043,100,99864,100,100044,100,99854,100,100054,100,99851,100,100055,100,99314,100,100058,100,99276,100
2019-06-28 09:36:40.000000000,99989,273,99905,173,99991,173,99898,173,100002,173,99886,173,100034,173,99874,173,100041,173,99864,173,100043,100,99854,100,100044,100,99851,100,100054,100,99314,100,100055,100,99276,100,100058,100,99172,100
2019-06-28 09:36:50.000000000,99989,382,99905,282,99991,282,99898,282,100002,100,99886,100,100034,100,99874,100,100041,100,99864,100,100043,100,99854,100,100044,100,99851,100,100054,100,99314,100,100055,100,99276,100,100058,100,99172,100
2019-06-28 09:36:51.071033587,99933,100,99905,282,99989,282,99898,282,99991,282,99886,100,100002,100,99874,100,100034,100,99864,100,100041,100,99854,100,100043,100,99851,100,100044,100,99314,100,100054,100,99276,100,100055,100,99172,100
2019-06-28 09:37:00.000000000,99933,282,99905,282,99989,282,99898,282,99991,100,99886,100,100002,100,99874,100,100034,100,99864,100,100041,100,99854,100,100043,100,99851,100,100044,100,99314,100,100054,100,99276,100,100055,100,99172,100
2019-06-28 09:37:10.000000000,99933,191,99905,191,99989,191,99898,191,99991,191,99886,191,100002,191,99874,191,100034,100,99864,100,100041,100,99854,100,100043,100,99851,100,100044,100,99314,100,100054,100,99276,100,100055,100,99172,100
2019-06-28 09:37:20.000000000,99933,464,99905,464,99989,100,99898,100,99991,100,99886,100,100002,100,99874,100,100034,100,99864,100,100041,100,99854,100,100043,100,99851,100,100044,100,99314,100,100054,100,99276,100,100055,100,99172,100
2019-06-28 09:37:20.601389724,99933,364,99905,464,99989,100,99898,100,99991,100,99886,100,100002,100,99874,100,100034,100,99864,100,100041,100,99854,100,100043,100,99851,100,100044,100,99314,100,100054,100,99276,100,100055,100,99172,100
2019-06-28 09:37:30.000000000,99989,282,99905,282,99991,282,99898,282,100002,100,99886,100,100034,100,99874,100,100041,100,99864,100,100043,100,99854,100,100044,100,99851,100,100054,100,99314,100,100055,100,99276,100,100058,100,99172,100
2019-06-28 09:37:40.000000000,99989,224,99905,224,99991,220,99898,220,100002,220,99886,220,100034,100,99874,100,100041,100,99864,100,100043,100,99854,100,100044,100,99851,100,100054,100,99314,100,100055,100,99276,100,100058,100,99172,100
2019-06-28 09:37:46.597262666,99915,100,99905,224,99989,224,99898,220,99991,220,99886,220,100002,220,99874,100,100034,100,99864,100,100041,100,99854,100,100043,100,99851,100,100044,100,99314,100,100054,100,99276,100,100055,100,99172,100
2019-06-28 09:37:50.000000000,99915,191,99905,191,99989,191,99898,191,99991,191,99886,191,100002,191,99874,191,100034,100,99864,100,100041,100,99854,100,100043,100,99851,100,100044,100,99314,100,100054,100,99276,100,100055,100,99172,100
2019-06-28 09:37:53.909572234,99915,191,99905,191,99989,191,99898,191,99991,191,99886,191,100002,191,99874,191,100034,100,99864,100,100041,100,99854,100,100043,100,99851,100,100044,100,99659,100,100054,100,99314,100,100055,100,99276,100
2019-06-28 09:37:59.475781942,99915,191,99905,191,99989,191,99898,191,99991,191,99886,191,100002,191,99874,191,100015,100,99864,100,100034,100,99854,100,100041,100,99851,100,100043,100,99659,100,100044,100,99314,100,100054,100,99276,100
2019-06-28 09:38:00.000000000,99915,282,99905,282,99989,282,99898,282,99991,100,99886,100,100002,100,99874,100,100015,100,99864,100,100034,100,99854,100,100041,100,99851,100,100043,100,99659,100,100044,100,99314,100,100054,100,99276,100
2019-06-28 09:38:10.000000000,99915,191,99905,191,99989,191,99898,191,99991,191,99886,191,100002,191,99874,191,100015,100,99864,100,100034,100,99854,100,100041,100,99851,100,100043,100,99659,100,100044,100,99314,100,100054,100,99276,100
2019-06-28 09:38:10.821153217,99915,191,99905,191,99932,100,99898,191,99989,191,99886,191,99991,191,99874,191,100002,191,99864,100,100015,100,99854,100,100034,100,99851,100,100041,100,99659,100,100043,100,99314,100,100044,100,99276,100
2019-06-28 09:38:20.000000000,99915,173,99905,173,99932,173,99898,173,99989,173,99886,173,99991,173,99874,173,100002,173,99864,173,100015,100,99854,100,100034,100,99851,100,100041,100,99659,100,100043,100,99314,100,100044,100,99276,100
2019-06-28 09:38:28.721945775,99906,100,99905,173,99915,173,99898,173,99932,173,99886,173,99989,173,99874,173,99991,173,99864,173,100002,173,99854,100,100015,100,99851,100,100034,100,99659,100,100041,100,99314,100,100043,100,99276,100
2019-06-28 09:38:30.000000000,99906,282,99905,282,99915,282,99898,282,99932,100,99886,100,99989,100,99874,100,99991,100,99864,100,100002,100,99854,100,100015,100,99851,100,100034,100,99659,100,100041,100,99314,100,100043,100,99276,100
2019-06-28 09:38:30.879548995,99906,282,99905,182,99915,282,99898,282,99932,100,99886,100,99989,100,99874,100,99991,100,99864,100,100002,100,99854,100,100015,100,99851,100,100034,100,99659,100,100041,100,99314,100,100043,100,99276,100
2019-06-28 09:38:40.000000000,99906,282,99898,282,99915,282,99886,282,99932,100,99874,100,99989,100,99864,100,99991,100,99854,100,100002,100,99851,100,100015,100,99659,100,100034,100,99314,100,100041,100,99276,100,100043,100,99172,100
2019-06-28 09:38:50.000000000,99906,464,99898,464,99915,100,99886,100,99932,100,99874,100,99989,100,99864,100,99991,100,99854,100,100002,100,99851,100,100015,100,99659,100,100034,100,99314,100,100041,100,99276,100,100043,100,99172,100
2019-06-28 09:39:00.000000000,99906,282,99898,282,99915,282,99886,282,99932,100,99874,100,99989,100,99864,100,99991,100,99854,100,100002,100,99851,100,100015,100,99659,100,100034,100,99314,100,100041,100,99276,100,100043,100,99172,100
2019-06-28 09:39:06.230028909,99905,100,99898,282,99906,282,99886,282,99915,282,99874,100,99932,100,99864,100,99989,100,99854,100,99991,100,99851,100,100002,100,99659,100,100015,100,99314,100,100034,100,99276,100,100041,100,99172,100
2019-06-28 09:39:10.000000000,99905,173,99898,173,99906,173,99886,173,99915,173,99874,173,99932,173,99864,173,99989,173,99854,173,99991,100,99851,100,100002,100,99659,100,100015,100,99314,100,100034,100,99276,100,100041,100,99172,100
2019-06-28 09:39:18.318065130,99905,273,99898,173,99906,173,99886,173,99915,173,99874,173,99932,173,99864,173,99989,173,99854,173,99991,100,99851,100,100002,100,99659,100,100015,100,99314,100,100034,100,99276,100,100041,100,99172,100
2019-06-28 09:39:20.000000000,99905,564,99898,464,99906,100,99886,100,99915,100,99874,100,99932,100,99864,100,99989,100,99854,100,99991,100,99851,100,100002,100,99659,100,100015,100,99314,100,100034,100,99276,100,100041,100,99172,100
2019-06-28 09:39:27.751269525,99905,564,99898,364,99906,100,99886,100,99915,100,99874,100,99932,100,99864,100,99989,100,99854,100,99991,100,99851,100,100002,100,99659,100,100015,100,99314,100,100041,100,99276,100,100043,100,99172,100
2019-06-28 09:39:30.000000000,99905,564,99886,464,99906,100,99874,100,99915,100,99864,100,99932,100,99854,100,99989,100,99851,100,99991,100,99659,100,100002,100,99314,100,100015,100,99276,100,100041,100,99172,100,100043,100,99078,100
2019-06-28 09:39:40.000000000,99905,273,99886,173,99906,173,99874,173,99915,173,99864,173,99932,173,99854,173,99989,173,99851,173,99991,100,99659,100,100002,100,99314,100,100015,100,99276,100,100041,100,99172,100,100043,100,99078,100
2019-06-28 09:39:50.000000000,99905,291,99886,191,99906,191,99874,191,99915,191,99864,191,99932,191,99854,191,99989,100,99851,100,99991,100,99659,100,100002,100,99314,100,100015,100,99276,100,100041,100,99172,100,100043,100,99078,100
2019-06-28 09:39:55.245641210,99905,291,99886,191,99906,191,99874,191,99915,191,99864,191,99932,191,99854,191,99989,100,99851,100,99991,100,99659,100,100002,100,99314,100,100015,100,99276,100,100041,100,99172,100,100043,100,99078,100
2019-06-28 09:40:00.000000000,99905,564,99886,464,99906,100,99874,100,99915,100,99864,100,99932,100,99854,100,99989,100,99851,100,99991,100,99659,100,100002,100,99314,100,100015,100,99276,100,100041,100,99172,100,100043,100,99078,100
2019-06-28 09:40:10.000000000,99905,291,99886,191,99906,191,99874,191,99915,191,99864,191,99932,191,99854,191,99989,100,99851,100,99991,100,99659,100,100002,100,99314,100,100015,100,99276,100,100041,100,99172,100,100043,100,99078,100
2019-06-28 09:40:20.000000000,99905,324,99886,224,99906,220,99874,220,99915,220,99864,220,99932,100,99854,100,99989,100,99851,100,99991,100,99659,100,100002,100,99314,100,100015,100,99276,100,100041,100,99172,100,100043,100,99078,100
2019-06-28 09:40:30.000000000,99905,324,99886,224,99906,220,99874,220,99915,220,99864,220,99932,100,99854,100,99989,100,99851,100,99991,100,99659,100,100002,100,99314,100,100015,100,99276,100,100041,100,99172,100,100043,100,99078,100
2019-06-28 09:40:38.809332470,99905,324,99886,124,99906,220,99874,120,99915,220,99864,220,99932,100,99854,100,99989,100,99851,100,99991,100,99659,100,100002,100,99314,100,100015,100,99276,100,100041,100,99172,100,100043,100,99078,100
2019-06-28 09:40:40.000000000,99905,273,99864,173,99906,173,99854,173,99915,173,99851,173,99932,173,99659,173,99989,173,99314,173,99991,100,99276,100,100002,100,99172,100,100015,100,99078,100,100041,100,99007,100,100043,100,98903,100
2019-06-28 09:40:50.000000000,99905,564,99864,464,99906,100,99854,100,99915,100,99851,100,99932,100,99659,100,99989,100,99314,100,99991,100,99276,100,100002,100,99172,100,100015,100,99078,100,100041,100,99007,100,100043,100,98903,100
2019-06-28 09:40:56.423028044,99905,564,99864,464,99906,100,99854,100,99915,100,99851,100,99932,100,99659,100,99989,100,99314,100,99991,100,99276,100,100002,100,99172,100,100015,100,99078,100,100041,100,99073,100,100043,100,99007,100
2019-06-28 09:41:00.000000000,99905,324,99864,224,99906,220,99854,220,99915,220,99851,220,99932,100,99659,100,99989,100,99314,100,99991,100,99276,100,100002,100,99172,100,100015,100,99078,100,100041,100,99073,100,100043,100,99007,100
2019-06-28 09:41:10.000000000,99905,273,99864,173,99906,173,99854,173,99915,173,99851,173,99932,173,99659,173,99989,173,99314,173,99991,100,99276,100,100002,100,99172,100,100015,100,99078,100,100041,100,99073,100,100043,100,99007,100
2019-06-28 09:41:20.000000000,99905,382,99864,282,99906,282,99854,282,99915,100,99851,100,99932,100,99659,100,99989,100,99314,100,99991,100,99276,100,100002,100,99172,100,100015,100,99078,100,100041,100,99073,100,100043,100,99007,100
2019-06-28 09:41:21.422850110,99905,382,99864,182,99906,282,99854,282,99915,100,99851,100,99932,100,99659,100,99989,100,99314,100,99991,100,99276,100,100002,100,99172,100,100015,100,99078,100,100041,100,99073,100,100043,100,99007,100
2019-06-28 09:41:27.473139385,99905,382,99864,82,99906,282,99854,282,99915,100,99851,100,99932,100,99659,100,99989,100,99314,100,99991,100,99276,100,100002,100,99172,100,100015,100,99078,100,100043,100,99073,100,100044,100,99007,100
2019-06-28 09:41:30.000000000,99905,564,99854,464,99906,100,99851,100,99915,100,99659,100,99932,100,99314,100,99989,100,99276,100,99991,100,99172,100,100002,100,99078,100,100015,100,99073,100,100043,100,99007,100,100044,100,98903,100
2019-06-28 09:41:40.000000000,99905,324,99854,224,99906,220,99851,220,99915,220,99659,220,99932,100,99314,100,99989,100,99276,100,99991,100,99172,100,100002,100,99078,100,100015,100,99073,100,100043,100,99007,100,100044,100,98903,100
2019-06-28 09:41:41.463409530,99905,324,99854,224,99906,220,99851,220,99915,220,99659,220,99932,100,99314,100,99989,100,99276,100,99991,100,99172,100,100002,100,99078,100,100015,100,99073,100,100043,100,99007,100,100044,100,98903,100
2019-06-28 09:41:50.000000000,99905,324,99854,224,99906,220,99851,220,99915,220,99659,220,99932,100,99314,100,99989,100,99276,100,99991,100,99172,100,100002,100,99078,100,100015,100,99073,100,100043,100,99007,100,100044,100,98903,100
2019-06-28 09:42:00.000000000,99905,382,99854,282,99906,282,99851,282,99915,100,99659,100,99932,100,99314,100,99989,100,99276,100,99991,100,99172,100,100002,100,99078,100,100015,100,99073,100,100043,100,99007,100,100044,100,98903,100
2019-06-28 09:42:06.801019450,99905,382,99854,182,99906,282,99851,282,99915,100,99659,100,99932,100,99314,100,99989,100,99276,100,99991,100,99172,100,100015,100,99078,100,100043,100,99073,100,100044,100,99007,100,100054,100,98903,100
2019-06-28 09:42:10.000000000,99905,564,99851,464,99906,100,99659,100,99915,100,99314,100,99932,100,99276,100,99989,100,99172,100,99991,100,99078,100,100015,100,99073,100,100043,100,99007,100,100044,100,98903,100,100054,100,98819,100
2019-06-28 09:42:10.717785409,99905,564,99851,364,99906,100,99659,100,99915,100,99314,100,99932,100,99276,100,99989,100,99172,100,99991,100,99078,100,100015,100,99073,100,100043,100,99007,100,100044,100,98903,100,100054,100,98819,100
2019-06-28 09:42:20.000000000,99905,291,99659,191,99906,191,99314,191,99915,191,99276,191,99932,191,99172,191,99989,100,99078,100,99991,100,99073,100,100015,100,99007,100,100043,100,98903,100,100044,100,98819,100,100054,100,98728,100
2019-06-28 09:42:26.090298000,99905,291,99659,91,99906,191,99314,191,99915,191,99276,191,99932,191,99172,191,99989,100,99078,100,99991,100,99073,100,100015,100,99007,100,100043,100,98903,100,100044,100,98819,100,100054,100,98728,100
2019-06-28 09:42:26.315416236,99905,291,99659,91,99906,191,99314,191,99915,191,99276,191,99932,191,99172,191,99989,100,99078,100,100015,100,99073,100,100043,100,99007,100,100044,100,98903,100,100054,100,98819,100,100058,100,98728,100
2019-06-28 09:42:30.000000000,99905,564,99314,464,99906,100,99276,100,99915,100,99172,100,99932,100,99078,100,99989,100,99073,100,100015,100,99007,100,100043,100,98903,100,100044,100,98819,100,100054,100,98728,100,100058,100,98661,100
2019-06-28 09:42:33.201168965,99905,564,99314,364,99906,100,99276,100,99915,100,99172,100,99932,100,99078,100,99989,100,99073,100,100015,100,99007,100,100043,100,98903,100,100044,100,98819,100,100054,100,98728,100,100058,100,98661,100
2019-06-28 09:42:40.000000000,99905,382,99276,282,99906,282,99172,282,99915,100,99078,100,99932,100,99073,100,99989,100,99007,100,100015,100,98903,100,100043,100,98819,100,100044,100,98728,100,100054,100,98661,100,100058,100,98628,100
2019-06-28 09:42:41.325432274,99659,100,99276,282,99905,382,99172,282,99906,282,99078,100,99915,100,99073,100,99932,100,99007,100,99989,100,98903,100,100015,100,98819,100,100043,100,98728,100,100044,100,98661,100,100054,100,98628,100
2019-06-28 09:42:50.000000000,99659,224,99276,224,99905,320,99172,220,99906,220,99078,220,99915,100,99073,100,99932,100,99007,100,99989,100,98903,100,100015,100,98819,100,100043,100,98728,100,100044,100,98661,100,100054,100,98628,100
2019-06-28 09:42:55.354692733,99659,224,99276,124,99905,320,99172,220,99906,220,99078,220,99915,100,99073,100,99932,100,99007,100,99989,100,98903,100,100015,100,98819,100,100043,100,98728,100,100044,100,98661,100,100054,100,98628,100
2019-06-28 09:43:00.000000000,99659,173,99172,173,99905,273,99078,173,99906,173,99073,173,99915,173,99007,173,99932,173,98903,173,99989,100,98819,100,100015,100,98728,100,100043,100,98661,100,100044,100,98628,100,100054,100,98544,100
2019-06-28 09:43:09.487183139,99314,100,99172,173,99659,173,99078,173,99905,273,99073,173,99906,173,99007,173,99915,173,98903,173,99932,173,98819,100,99989,100,98728,100,100015,100,98661,100,100043,100,98628,100,100044,100,98544,100
2019-06-28 09:43:10.000000000,99314,282,99172,282,99659,282,99078,282,99905,200,99073,100,99906,100,99007,100,99915,100,98903,100,99932,100,98819,100,99989,100,98728,100,100015,100,98661,100,100043,100,98628,100,100044,100,98544,100
2019-06-28 09:43:20.000000000,99314,191,99172,191,99659,191,99078,191,99905,291,99073,191,99906,191,99007,191,99915,100,98903,100,99932,100,98819,100,99989,100,98728,100,100015,100,98661,100,100043,100,98628,100,100044,100,98544,100
2019-06-28 09:43:26.715055296,99314,191,99172,91,99659,191,99078,191,99905,291,99073,191,99906,191,99007,191,99915,100,98903,100,99932,100,98819,100,99989,100,98728,100,100015,100,98661,100,100043,100,98628,100,100044,100,98544,100
2019-06-28 09:43:30.000000000,99314,173,99078,173,99659,173,99073,173,99905,273,99007,173,99906,173,98903,173,99915,173,98819,173,99932,100,98728,100,99989,100,98661,100,100015,100,98628,100,100043,100,98544,100,100044,100,,
2019-06-28 09:43:40.000000000,99314,464,99078,464,99659,100,99073,100,99905,200,99007,100,99906,100,98903,100,99915,100,98819,100,99932,100,98728,100,99989,100,98661,100,100015,100,98628,100,100043,100,98544,100,100044,100,,
2019-06-28 09:43:50.000000000,99314,173,99078,173,99659,173,99073,173,99905,273,99007,173,99906,173,98903,173,99915,173,98819,173,99932,100,98728,100,99989,100,98661,100,100015,100,98628,100,100043,100,98544,100,100044,100,,
2019-06-28 09:44:00.000000000,99314,464,99078,464,99659,100,99073,100,99905,200,99007,100,99906,100,98903,100,99915,100,98819,100,99932,100,98728,100,99989,100,98661,100,100015,100,98628,100,100043,100,98544,100,100044,100,,
2019-06-28 09:44:02.040971253,99292,100,99078,464,99314,464,99073,100,99659,100,99007,100,99905,200,98903,100,99906,100,98819,100,99915,100,98728,100,99932,100,98661,100,99989,100,98628,100,100015,100,98544,100,100043,100,,
2019-06-28 09:44:02.467179201,99292,100,99078,464,99314,464,99073,100,99415,100,99007,100,99659,100,98903,100,99905,200,98819,100,99906,100,98728,100,99915,100,98661,100,99932,100,98628,100,99989,100,98544,100,100015,100,,
2019-06-28 09:44:10.000000000,99292,173,99078,173,99314,173,99073,173,99415,173,99007,173,99659,173,98903,173,99905,273,98819,173,99906,100,98728,100,99915,100,98661,100,99932,100,98628,100,99989,100,98544,100,100015,100,,
2019-06-28 09:44:15.350830360,99292,173,99078,173,99314,173,99073,173,99415,173,99007,73,99568,100,98903,173,99659,173,98819,173,99905,273,98728,100,99906,100,98661,100,99915,100,98628,100,99932,100,98544,100,99989,100,,
2019-06-28 09:44:20.000000000,99292,224,99078,224,99314,220,99073,220,99415,220,98903,220,99568,100,98819,100,99659,100,98728,100,99905,200,98661,100,99906,100,98628,100,99915,100,98544,100,99932,100,,,99989,100,,
2019-06-28 09:44:30.000000000,99292,191,99078,191,99314,191,99073,191,99415,191,98903,191,99568,191,98819,191,99659,100,98728,100,99905,200,98661,100,99906,100,98628,100,99915,100,98544,100,99932,100,,,99989,100,,
2019-06-28 09:44:40.000000000,99292,282,99078,282,99314,282,99073,282,99415,100,98903,100,99568,100,98819,100,99659,100,98728,100,99905,200,98661,100,99906,100,98628,100,99915,100,98544,100,99932,100,,,99989,100,,
2019-06-28 09:44:50.000000000,99292,224,99078,224,99314,220,99073,220,99415,220,98903,220,99568,100,98819,100,99659,100,98728,100,99905,200,98661,100,99906,100,98628,100,99915,100,98544,100,99932,100,,,99989,100,,
2019-06-28 09:44:59.042574903,99292,224,99173,100,99314,220,99078,224,99415,220,99073,220,99568,100,98903,220,99659,100,98819,100,99905,200,98728,100,99906,100,98661,100,99915,100,98628,100,99932,100,98544,100,99989,100,,
2019-06-28 09:45:00.000000000,99292,282,99173,282,99314,282,99078,282,99415,100,99073,100,99568,100,98903,100,99659,100,98819,100,99905,200,98728,100,99906,100,98661,100,99915,100,98628,100,99932,100,98544,100,99989,100,,
2019-06-28 09:45:10.000000000,99292,224,99173,224,99314,220,99078,220,99415,220,99073,220,99568,100,98903,100,99659,100,98819,100,99905,200,98728,100,99906,100,98661,100,99915,100,98628,100,99932,100,98544,100,99989,100,,
2019-06-28 09:45:20.000000000,99292,191,99173,191,99314,191,99078,191,99415,191,99073,191,99568,191,98903,191,99659,100,98819,100,99905,200,98728,100,99906,100,98661,100,99915,100,98628,100,99932,100,98544,100,99989,100,,
2019-06-28 09:45:26.402984803,99292,91,99173,191,99314,191,99078,191,99415,191,99073,191,99568,191,98903,191,99659,100,98819,100,99905,200,98728,100,99906,100,98661,100,99915,100,98628,100,99932,100,98544,100,99989,100,,
2019-06-28 09:45:30.000000000,99314,224,99173,224,99415,220,99078,220,99568,220,99073,220,99659,100,98903,100,99905,200,98819,100,99906,100,98728,100,99915,100,98661,100,99932,100,98628,100,99989,100,98544,100,100015,100,,
2019-06-28 09:45:40.000000000,99314,224,99173,224,99415,220,99078,220,99568,220,99073,220,99659,100,98903,100,99905,200,98819,100,99906,100,98728,100,99915,100,98661,100,99932,100,98628,100,99989,100,98544,100,100015,100,,
2019-06-28 09:45:47.951801632,99314,224,99173,224,99415,220,99078,220,99568,220,99073,220,99659,100,98903,100,99905,200,98819,100,99906,100,98728,100,99915,100,98661,100,99932,100,98628,100,100015,100,98544,100,100043,100,,
2019-06-28 09:45:48.712046431,99314,224,99173,124,99415,220,99078,220,99568,220,99073,220,99659,100,98903,100,99905,200,98819,100,99906,100,98728,100,99915,100,98661,100,99932,100,98628,100,100015,100,98544,100,100043,100,,
2019-06-28 09:45:50.000000000,99314,191,99078,191,99415,191,99073,191,99568,191,98903,191,99659,191,98819,191,99905,200,98728,100,99906,100,98661,100,99915,100,98628,100,99932,100,98544,100,100015,100,,,100043,100,,
2019-06-28 09:46:00.000000000,99314,191,99078,191,99415,191,99073,191,99568,191,98903,191,99659,191,98819,191,99905,200,98728,100,99906,100,98661,100,99915,100,98628,100,99932,100,98544,100,100015,100,,,100043,100,,
2019-06-28 09:46:10.000000000,99314,282,99078,282,99415,282,99073,282,99568,100,98903,100,99659,100,98819,100,99905,200,98728,100,99906,100,98661,100,99915,100,98628,100,99932,100,98544,100,100015,100,,,100043,100,,
2019-06-28 09:46:20.000000000,99314,464,99078,464,99415,100,99073,100,99568,100,98903,100,99659,100,98819,100,99905,200,98728,100,99906,100,98661,100,99915,100,98628,100,99932,100,98544,100,100015,100,,,100043,100,,
2019-06-28 09:46:30.000000000,99314,224,99078,224,99415,220,99073,220,99568,220,98903,220,99659,100,98819,100,99905,200,98728,100,99906,100,98661,100,99915,100,98628,100,99932,100,98544,100,100015,100,,,100043,100,,
2019-06-28 09:46:40.000000000,99314,173,99078,173,99415,173,99073,173,99568,173,98903,173,99659,173,98819,173,99905,273,98728,173,99906,100,98661,100,99915,100,98628,100,99932,100,98544,100,100015,100,,,100043,100,,
2019-06-28 09:46:50.000000000,99314,224,99078,224,99415,220,99073,220,99568,220,98903,220,99659,100,98819,100,99905,200,98728,100,99906,100,98661,100,99915,100,98628,100,99932,100,98544,100,100015,100,,,100043,100,,
2019-06-28 09:47:00.000000000,99314,464,99078,464,99415,100,99073,100,99568,100,98903,100,99659,100,98819,100,99905,200,98728,100,99906,100,98661,100,99915,100,98628,100,99932,100,98544,100,100015,100,,,100043,100,,
2019-06-28 09:47:03.232629491,99309,100,99078,464,99314,464,99073,100,99415,100,98903,100,99568,100,98819,100,99659,100,98728,100,99905,200,98661,100,99906,100,98628,100,99915,100,98544,100,99932,100,,,100015,100,,
2019-06-28 09:47:10.000000000,99309,464,99078,464,99314,100,99073,100,99415,100,98903,100,99568,100,98819,100,99659,100,98728,100,99905,200,98661,100,99906,100,98628,100,99915,100,98544,100,99932,100,,,100015,100,,
2019-06-28 09:47:17.337619891,99309,464,99256,100,99314,100,99078,464,99415,100,99073,100,99568,100,98903,100,99659,100,98819,100,99905,200,98728,100,99906,100,98661,100,99915,100,98628,100,99932,100,98544,100,100015,100,,
2019-06-28 09:47:20.000000000,99309,173,99256,173,99314,173,99078,173,99415,173,99073,173,99568,173,98903,173,99659,173,98819,173,99905,200,98728,100,99906,100,98661,100,99915,100,98628,100,99932,100,98544,100,100015,100,,
2019-06-28 09:47:30.000000000,99309,464,99256,464,99314,100,99078,100,99415,100,99073,100,99568,100,98903,100,99659,100,98819,100,99905,200,98728,100,99906,100,98661,100,99915,100,98628,100,99932,100,98544,100,100015,100,,
2019-06-28 09:47:40.000000000,99309,282,99256,282,99314,282,99078,282,99415,100,99073,100,99568,100,98903,100,99659,100,98819,100,99905,200,98728,100,99906,100,98661,100,99915,100,98628,100,99932,100,98544,100,100015,100,,
2019-06-28 09:47:50.000000000,99309,464,99256,464,99314,100,99078,100,99415,100,99073,100,99568,100,98903,100,99659,100,98819,100,99905,200,98728,100,99906,100,98661,100,99915,100,98628,100,99932,100,98544,100,100015,100,,
2019-06-28 09:47:58.221996673,99309,464,99256,464,99314,100,99078,100,99415,100,99073,100,99568,100,98903,100,99659,100,98819,100,99662,100,98728,100,99905,200,98661,100,99906,100,98628,100,99915,100,,,99932,100,,
2019-06-28 09:48:00.000000000,99309,464,99256,464,99314,100,99078,100,99415,100,99073,100,99568,100,98903,100,99659,100,98819,100,99662,100,98728,100,99905,200,98661,100,99906,100,98628,100,99915,100,,,99932,100,,
2019-06-28 09:48:06.911140515,99309,464,99256,464,99314,100,99078,100,99415,100,99073,100,99568,100,98903,100,99659,100,98819,100,99662,100,98728,100,99687,100,98661,100,99905,200,98628,100,99906,100,,,99915,100,,
2019-06-28 09:48:10.000000000,99309,173,99256,173,99314,173,99078,173,99415,173,99073,173,99568,173,98903,173,99659,173,98819,173,99662,100,98728,100,99687,100,98661,100,99905,200,98628,100,99906,100,,,99915,100,,
2019-06-28 09:48:18.632162687,99309,73,99256,173,99314,173,99078,173,99415,173,99073,173,99568,173,98903,173,99659,173,98819,173,99662,100,98728,100,99687,100,98661,100,99905,200,98628,100,99906,100,,,99915,100,,
2019-06-28 09:48:20.000000000,99314,464,99256,464,99415,100,99078,100,99568,100,99073,100,99659,100,98903,100,99662,100,98819,100,99687,100,98728,100,99905,200,98661,100,99906,100,98628,100,99915,100,,,99932,100,,
2019-06-28 09:48:30.000000000,99314,191,99256,191,99415,191,99078,191,99568,191,99073,191,99659,191,98903,191,99662,100,98819,100,99687,100,98728,100,99905,200,98661,100,99906,100,98628,100,99915,100,,,99932,100,,
2019-06-28 09:48:30.918501955,99314,91,99256,191,99415,191,99078,191,99568,191,99073,191,99659,191,98903,191,99662,100,98819,100,99687,100,98728,100,99905,200,98661,100,99906,100,98628,100,99915,100,,,99932,100,,
2019-06-28 09:48:34.636715770,99314,91,99256,191,99415,191,99078,191,99568,191,99073,191,99659,191,98903,191,99662,100,98819,100,99687,100,98728,100,99688,100,98661,100,99905,200,,,99906,100,,,99915,100,,
2019-06-28 09:48:40.000000000,99415,282,99256,282,99568,282,99078,282,99659,100,99073,100,99662,100,98903,100,99687,100,98819,100,99688,100,98728,100,99905,200,98661,100,99906,100,,,99915,100,,,99932,100,,
2019-06-28 09:48:43.290001167,99415,282,99309,100,99568,282,99256,282,99659,100,99078,282,99662,100,99073,100,99687,100,98903,100,99688,100,98819,100,99905,100,98728,100,99906,100,98661,100,99915,100,,,99932,100,,
2019-06-28 09:48:50.000000000,99415,191,99309,191,99568,191,99256,191,99659,191,99078,191,99662,191,99073,191,99687,100,98903,100,99688,100,98819,100,99905,100,98728,100,99906,100,98661,100,99915,100,,,99932,100,,
2019-06-28 09:48:57.327641734,99415,191,99309,191,99568,191,99256,191,99659,191,99078,191,99662,191,99073,191,99687,100,98903,100,99688,100,98819,100,99759,100,98728,100,99905,100,98661,100,99906,100,,,99915,100,,
2019-06-28 09:48:58.415533540,99415,191,99309,191,99568,191,99256,191,99659,191,99078,191,99662,191,99073,191,99687,100,98903,100,99688,100,98819,100,99725,100,98661,100,99759,100,,,99905,100,,,99906,100,,
2019-06-28 09:49:00.000000000,99415,282,99309,282,99568,282,99256,282,99659,100,99078,100,99662,100,99073,100,99687,100,98903,100,99688,100,98819,100,99725,100,98661,100,99759,100,,,99905,100,,,99906,100,,
2019-06-28 09:49:10.000000000,99415,173,99309,173,99568,173,99256,173,99659,173,99078,173,99662,173,99073,173,99687,173,98903,173,99688,100,98819,100,99725,100,98661,100,99759,100,,,99905,100,,,99906,100,,
2019-06-28 09:49:20.000000000,99415,224,99309,224,99568,220,99256,220,99659,220,99078,220,99662,100,99073,100,99687,100,98903,100,99688,100,98819,100,99725,100,98661,100,99759,100,,,99905,100,,,99906,100,,
2019-06-28 09:49:30.000000000,99415,282,99309,282,99568,282,99256,282,99659,100,99078,100,99662,100,99073,100,99687,100,98903,100,99688,100,98819,100,99725,100,98661,100,99759,100,,,99905,100,,,99906,100,,
2019-06-28 09:49:40.000000000,99415,191,99309,191,99568,191,99256,191,99659,191,99078,191,99662,191,99073,191,99687,100,98903,100,99688,100,98819,100,99725,100,98661,100,99759,100,,,99905,100,,,99906,100,,
2019-06-28 09:49:49.504243672,99415,91,99309,191,99568,191,99256,191,99659,191,99078,191,99662,191,99073,191,99687,100,98903,100,99688,100,98819,100,99725,100,98661,100,99759,100,,,99905,100,,,99906,100,,
2019-06-28 09:49:50.000000000,99568,173,99309,173,99659,173,99256,173,99662,173,99078,173,99687,173,99073,173,99688,173,98903,173,99725,100,98819,100,99759,100,98661,100,99905,100,,,99906,100,,,99915,100,,
2019-06-28 09:49:57.342705506,99659,173,99568,27,99662,173,99309,173,99687,173,99256,173,99688,173,99078,173,99725,100,99073,173,99759,100,98903,173,99905,100,98819,100,99906,100,98661,100,99915,100,,,99932,100,,
2019-06-28 09:50:00.000000000,99659,282,99568,209,99662,282,99309,282,99687,100,99256,100,99688,100,99078,100,99725,100,99073,100,99759,100,98903,100,99905,100,98819,100,99906,100,98661,100,99915,100,,,99932,100,,
2019-06-28 09:50:08.331577808,99659,182,99568,209,99662,282,99309,282,99687,100,99256,100,99688,100,99078,100,99725,100,99073,100,99759,100,98903,100,99905,100,98819,100,99915,100,98661,100,99932,100,,,100015,100,,
2019-06-28 09:50:10.000000000,99662,464,99568,391,99687,100,99309,100,99688,100,99256,100,99725,100,99078,100,99759,100,99073,100,99905,100,98903,100,99915,100,98819,100,99932,100,98661,100,100015,100,,,100032,100,,
2019-06-28 09:50:20.000000000,99662,191,99568,118,99687,191,99309,191,99688,191,99256,191,99725,191,99078,191,99759,100,99073,100,99905,100,98903,100,99915,100,98819,100,99932,100,98661,100,100015,100,,,100032,100,,
2019-06-28 09:50:25.622344961,99662,191,99568,118,99687,191,99415,100,99688,191,99309,191,99725,191,99256,191,99759,100,99078,191,99905,100,99073,100,99915,100,98903,100,99932,100,98819,100,100015,100,98661,100,100032,100,,
2019-06-28 09:50:30.000000000,99662,282,99568,209,99687,282,99415,282,99688,100,99309,100,99725,100,99256,100,99759,100,99078,100,99905,100,99073,100,99915,100,98903,100,99932,100,98819,100,100015,100,98661,100,100032,100,,
2019-06-28 09:50:31.791551023,99662,282,99568,209,99687,282,99415,382,99688,100,99309,100,99725,100,99256,100,99759,100,99078,100,99905,100,99073,100,99915,100,98903,100,99932,100,98819,100,100015,100,98661,100,100032,100,,
2019-06-28 09:50:33.688994917,99662,282,99568,209,99687,282,99415,382,99688,100,99256,100,99725,100,99078,100,99759,100,99073,100,99905,100,98903,100,99915,100,98819,100,99932,100,98661,100,100015,100,,,100032,100,,
2019-06-28 09:50:40.000000000,99662,173,99568,100,99687,173,99415,273,99688,173,99256,173,99725,173,99078,173,99759,173,99073,173,99905,100,98903,100,99915,100,98819,100,99932,100,98661,100,100015,100,,,100032,100,,
2019-06-28 09:50:41.433349382,99662,173,99568,100,99687,173,99415,273,99688,173,99256,173,99725,173,99078,173,99759,173,99073,173,99905,100,98903,100,99915,100,98819,100,99926,100,98661,100,99932,100,,,100015,100,,
2019-06-28 09:50:49.451406688,99662,173,99568,100,99687,173,99415,273,99688,173,99256,173,99725,173,99078,173,99759,173,99073,173,99905,100,98903,100,99915,100,98819,100,99926,100,98661,100,99927,100,,,99932,100,,
2019-06-28 09:50:50.000000000,99662,464,99568,391,99687,100,99415,200,99688,100,99256,100,99725,100,99078,100,99759,100,99073,100,99905,100,98903,100,99915,100,98819,100,99926,100,98661,100,99927,100,,,99932,100,,
2019-06-28 09:51:00.000000000,99662,191,99568,118,99687,191,99415,291,99688,191,99256,191,99725,191,99078,191,99759,100,99073,100,99905,100,98903,100,99915,100,98819,100,99926,100,98661,100,99927,100,,,99932,100,,
2019-06-28 09:51:05.464453359,99662,191,99568,118,99687,191,99415,291,99688,191,99256,191,99725,191,99078,191,99759,100,99073,100,99905,100,98903,100,99915,100,98819,100,99926,100,98661,100,99927,100,,,99932,100,,
2019-06-28 09:51:05.768754730,99662,91,99568,118,99687,191,99415,291,99688,191,99256,191,99725,191,99078,191,99759,100,99073,100,99905,100,98903,100,99915,100,98819,100,99926,100,98661,100,99927,100,,,99932,100,,
2019-06-28 09:51:07.553203658,99662,91,99659,100,99687,191,99568,118,99688,191,99415,291,99725,191,99256,191,99759,100,99078,191,99905,100,99073,100,99915,100,98903,100,99926,100,98819,100,99927,100,98661,100,99932,100,,
2019-06-28 09:51:10.000000000,99687,173,99659,173,99688,173,99568,100,99725,173,99415,273,99759,173,99256,173,99905,173,99078,173,99915,100,99073,100,99926,100,98903,100,99927,100,98819,100,99932,100,98661,100,100015,100,,
2019-06-28 09:51:20.000000000,99687,464,99659,464,99688,100,99568,27,99725,100,99415,200,99759,100,99256,100,99905,100,99078,100,99915,100,99073,100,99926,100,98903,100,99927,100,98819,100,99932,100,98661,100,100015,100,,
2019-06-28 09:51:23.741940884,99687,464,99659,464,99688,100,99568,27,99725,100,99415,200,99759,100,99256,100,99905,100,99078,100,99915,100,99073,100,99926,100,98903,100,99927,100,98819,100,99932,100,98661,100,100015,100,,
2019-06-28 09:51:26.718504686,99687,364,99659,464,99688,100,99568,27,99725,100,99415,200,99759,100,99256,100,99905,100,99078,100,99915,100,99073,100,99926,100,98903,100,99927,100,98819,100,99932,100,98661,100,100015,100,,
2019-06-28 09:51:30.000000000,99688,173,99659,173,99725,173,99568,100,99759,173,99415,273,99905,173,99256,173,99915,173,99078,173,99926,100,99073,100,99927,100,98903,100,99932,100,98819,100,100015,100,98661,100,100032,100,,
2019-06-28 09:51:40.000000000,99688,224,99659,224,99725,220,99568,147,99759,220,99415,320,99905,100,99256,100,99915,100,99078,100,99926,100,99073,100,99927,100,98903,100,99932,100,98819,100,100015,100,98661,100,100032,100,,
2019-06-28 09:51:50.000000000,99688,464,99659,464,99725,100,99568,27,99759,100,99415,200,99905,100,99256,100,99915,100,99078,100,99926,100,99073,100,99927,100,98903,100,99932,100,98819,100,100015,100,98661,100,100032,100,,
2019-06-28 09:51:50.930404300,99688,364,99659,464,99725,100,99568,27,99759,100,99415,200,99905,100,99256,100,99915,100,99078,100,99926,100,99073,100,99927,100,98903,100,99932,100,98819,100,100015,100,98661,100,100032,100,,
2019-06-28 09:51:58.442596248,99688,364,99687,100,99725,100,99659,464,99759,100,99568,27,99905,100,99415,200,99915,100,99256,100,99926,100,99078,100,99927,100,99073,100,99932,100,98903,100,100015,100,98819,100,100032,100,98661,100
2019-06-28 09:52:00.000000000,99725,282,99687,282,99759,282,99659,282,99905,100,99568,27,99915,100,99415,200,99926,100,99256,100,99927,100,99078,100,99932,100,99073,100,100015,100,98903,100,100032,100,98819,100,100043,100,98661,100
2019-06-28 09:52:10.000000000,99725,224,99687,224,99759,220,99659,220,99905,220,99568,147,99915,100,99415,200,99926,100,99256,100,99927,100,99078,100,99932,100,99073,100,100015,100,98903,100,100032,100,98819,100,100043,100,98661,100
2019-06-28 09:52:10.532148459,99725,224,99687,224,99759,220,99659,220,99905,220,99568,147,99915,100,99415,100,99926,100,99256,100,99927,100,99078,100,99932,100,99073,100,100015,100,98903,100,100032,100,98819,100,100043,100,98661,100
2019-06-28 09:52:20.000000000,99725,282,99687,282,99759,282,99659,282,99905,100,99568,27,99915,100,99415,100,99926,100,99256,100,99927,100,99078,100,99932,100,99073,100,100015,100,98903,100,100032,100,98819,100,100043,100,98661,100
2019-06-28 09:52:23.782766263,99725,182,99687,282,99759,282,99659,282,99905,100,99568,27,99915,100,99415,100,99926,100,99256,100,99927,100,99078,100,99932,100,99073,100,100015,100,98903,100,100032,100,98819,100,100043,100,98661,100
2019-06-28 09:52:25.383943477,99725,182,99687,282,99759,282,99659,282,99905,100,99568,27,99915,100,99415,100,99926,100,99256,100,99927,100,99078,100,99932,100,99073,100,100015,100,98903,100,100032,100,98819,100,100043,100,98661,100
2019-06-28 09:52:30.000000000,99759,282,99687,282,99905,282,99659,282,99915,100,99568,27,99926,100,99415,100,99927,100,99256,100,99932,100,99078,100,100015,100,99073,100,100032,100,98903,100,100043,100,98819,100,100044,100,98661,100
2019-06-28 09:52:40.000000000,99759,224,99687,224,99905,220,99659,220,99915,220,99568,147,99926,100,99415,100,99927,100,99256,100,99932,100,99078,100,100015,100,99073,100,100032,100,98903,100,100043,100,98819,100,100044,100,98661,100
2019-06-28 09:52:50.000000000,99759,191,99687,191,99905,191,99659,191,99915,191,99568,118,99926,191,99415,191,99927,100,99256,100,99932,100,99078,100,100015,100,99073,100,100032,100,98903,100,100043,100,98819,100,100044,100,98661,100
2019-06-28 09:52:57.238778195,99759,91,99687,191,99905,191,99659,191,99915,191,99568,118,99926,191,99415,191,99927,100,99256,100,99932,100,99078,100,100015,100,99073,100,100032,100,98903,100,100043,100,98819,100,100044,100,98661,100
2019-06-28 09:53:00.000000000,99905,191,99687,191,99915,191,99659,191,99926,191,99568,118,99927,191,99415,191,99932,100,99256,100,100015,100,99078,100,100032,100,99073,100,100043,100,98903,100,100044,100,98819,100,100054,100,98661,100
2019-06-28 09:53:09.891774856,99905,191,99687,191,99915,191,99659,191,99926,191,99568,91,99927,191,99415,191,99932,100,99256,100,100015,100,99078,100,100032,100,99073,100,100043,100,98903,100,100044,100,98819,100,100054,100,98661,100
2019-06-28 09:53:10.000000000,99905,224,99687,224,99915,220,99659,220,99926,220,99415,220,99927,100,99256,100,99932,100,99078,100,100015,100,99073,100,100032,100,98903,100,100043,100,98819,100,100044,100,98661,100,100054,100,,
2019-06-28 09:53:14.296830992,99905,124,99687,224,99915,220,99659,220,99926,220,99415,220,99927,100,99256,100,99932,100,99078,100,100015,100,99073,100,100032,100,98903,100,100043,100,98819,100,100044,100,98661,100,100054,100,,
2019-06-28 09:53:16.102164826,99905,124,99687,224,99915,220,99659,220,99926,220,99415,220,99927,100,99256,100,99932,100,99078,100,100015,100,99073,100,100032,100,98903,100,100043,100,98819,100,100044,100,98661,100,100054,100,,
2019-06-28 09:53:20.000000000,99915,224,99687,224,99926,220,99659,220,99927,220,99415,220,99932,100,99256,100,100015,100,99078,100,100032,100,99073,100,100043,100,98903,100,100044,100,98819,100,100054,100,98661,100,100058,100,,
2019-06-28 09:53:30.000000000,99915,282,99687,282,99926,282,99659,282,99927,100,99415,100,99932,100,99256,100,100015,100,99078,100,100032,100,99073,100,100043,100,98903,100,100044,100,98819,100,100054,100,98661,100,100058,100,,
2019-06-28 09:53:31.008791459,99915,282,99687,282,99926,282,99659,282,99927,100,99415,100,99932,100,99256,100,100015,100,99078,100,100032,100,98903,100,100043,100,98819,100,100044,100,98661,100,100054,100,,,100058,100,,
2019-06-28 09:53:33.896901208,99915,182,99687,282,99926,282,99659,282,99927,100,99415,100,99932,100,99256,100,100015,100,99078,100,100032,100,98903,100,100043,100,98819,100,100044,100,98661,100,100054,100,,,100058,100,,
2019-06-28 09:53:40.000000000,99926,173,99687,173,99927,173,99659,173,99932,173,99415,173,100015,173,99256,173,100032,173,99078,173,100043,100,98903,100,100044,100,98819,100,100054,100,98661,100,100058,100,,,100086,100,,
2019-06-28 09:53:50.000000000,99926,224,99687,224,99927,220,99659,220,99932,220,99415,220,100015,100,99256,100,100032,100,99078,100,100043,100,98903,100,100044,100,98819,100,100054,100,98661,100,100058,100,,,100086,100,,
2019-06-28 09:53:56.242326931,99926,224,99687,224,99927,220,99659,220,99932,220,99415,220,100015,100,99256,100,100032,100,99078,100,100043,100,98903,100,100044,100,98819,100,100054,100,98661,100,100058,100,,,100086,100,,
2019-06-28 09:53:57.427636064,99926,224,99687,224,99927,220,99659,220,99932,220,99415,220,100015,100,99256,100,100032,100,99078,100,100043,100,98903,100,100044,100,98819,100,100054,100,98661,100,100058,100,,,100086,100,,
2019-06-28 09:54:00.000000000,99926,173,99687,173,99927,173,99659,173,99932,173,99415,173,100015,173,99256,173,100032,173,99078,173,100043,100,98903,100,100044,100,98819,100,100054,100,98661,100,100058,100,,,100086,100,,
2019-06-28 09:54:09.778962586,99926,173,99687,173,99927,173,99659,173,99932,173,99415,73,100015,173,99256,173,100032,173,99078,173,100043,100,98903,100,100044,100,98819,100,100054,100,98661,100,100058,100,,,100086,100,,
2019-06-28 09:54:10.000000000,99926,464,99687,464,99927,100,99659,100,99932,100,99256,100,100015,100,99078,100,100032,100,98903,100,100043,100,98819,100,100044,100,98661,100,100054,100,,,100058,100,,,100086,100,,
2019-06-28 09:54:20.000000000,99926,173,99687,173,99927,173,99659,173,99932,173,99256,173,100015,173,99078,173,100032,173,98903,173,100043,100,98819,100,100044,100,98661,100,100054,100,,,100058,100,,,100086,100,,
2019-06-28 09:54:30.000000000,99926,224,99687,224,99927,220,99659,220,99932,220,99256,220,100015,100,99078,100,100032,100,98903,100,100043,100,98819,100,100044,100,98661,100,100054,100,,,100058,100,,,100086,100,,
2019-06-28 09:54:40.000000000,99926,173,99687,173,99927,173,99659,173,99932,173,99256,173,100015,173,99078,173,100032,173,98903,173,100043,100,98819,100,100044,100,98661,100,100054,100,,,100058,100,,,100086,100,,
2019-06-28 09:54:50.000000000,99926,191,99687,191,99927,191,99659,191,99932,191,99256,191,100015,191,99078,191,100032,100,98903,100,100043,100,98819,100,100044,100,98661,100,100054,100,,,100058,100,,,100086,100,,
2019-06-28 09:54:58.235153095,99926,91,99687,191,99927,191,99659,191,99932,191,99256,191,100015,191,99078,191,100032,100,98903,100,100043,100,98819,100,100044,100,98661,100,100054,100,,,100058,100,,,100086,100,,
2019-06-28 09:55:00.000000000,99927,173,99687,173,99932,173,99659,173,100015,173,99256,173,100032,173,99078,173,100043,173,98903,173,100044,100,98819,100,100054,100,98661,100,100058,100,,,100086,100,,,100087,100,,
2019-06-28 09:55:10.000000000,99927,173,99687,173,99932,173,99659,173,100015,173,99256,173,100032,173,99078,173,100043,173,98903,173,100044,100,98819,100,100054,100,98661,100,100058,100,,,100086,100,,,100087,100,,
2019-06-28 09:55:20.000000000,99927,224,99687,224,99932,220,99659,220,100015,220,99256,220,100032,100,99078,100,100043,100,98903,100,100044,100,98819,100,100054,100,98661,100,100058,100,,,100086,100,,,100087,100,,
2019-06-28 09:55:22.050916518,99927,224,99915,100,99932,220,99687,224,100015,220,99659,220,100032,100,99256,220,100043,100,99078,100,100044,100,98903,100,100054,100,98819,100,100058,100,98661,100,100086,100,,,100087,100,,
2019-06-28 09:55:30.000000000,99927,191,99915,191,99932,191,99687,191,100015,191,99659,191,100032,191,99256,191,100043,100,99078,100,100044,100,98903,100,100054,100,98819,100,100058,100,98661,100,100086,100,,,100087,100,,
2019-06-28 09:55:40.000000000,99927,282,99915,282,99932,282,99687,282,100015,100,99659,100,100032,100,99256,100,100043,100,99078,100,100044,100,98903,100,100054,100,98819,100,100058,100,98661,100,100086,100,,,100087,100,,
2019-06-28 09:55:50.000000000,99927,191,99915,191,99932,191,99687,191,100015,191,99659,191,100032,191,99256,191,100043,100,99078,100,100044,100,98903,100,100054,100,98819,100,100058,100,98661,100,100086,100,,,100087,100,,
2019-06-28 09:56:00.000000000,99927,191,99915,191,99932,191,99687,191,100015,191,99659,191,100032,191,99256,191,100043,100,99078,100,100044,100,98903,100,100054,100,98819,100,100058,100,98661,100,100086,100,,,100087,100,,
2019-06-28 09:56:01.078034396,99927,191,99915,191,99932,191,99687,191,100015,191,99659,191,100032,191,99609,100,100043,100,99256,191,100044,100,99078,100,100054,100,98903,100,100058,100,98819,100,100086,100,98661,100,100087,100,,
2019-06-28 09:56:01.737402884,99927,191,99915,191,99932,191,99850,100,100015,191,99687,191,100032,191,99659,191,100043,100,99609,100,100044,100,99256,191,100054,100,99078,100,100058,100,98903,100,100086,100,98819,100,100087,100,98661,100
2019-06-28 09:56:10.000000000,99927,173,99915,173,99932,173,99850,173,100015,173,99687,173,100032,173,99659,173,100043,173,99609,173,100044,100,99256,100,100054,100,99078,100,100058,100,98903,100,100086,100,98819,100,100087,100,98661,100
2019-06-28 09:56:20.000000000,99927,224,99915,224,99932,220,99850,220,100015,220,99687,220,100032,100,99659,100,100043,100,99609,100,100044,100,99256,100,100054,100,99078,100,100058,100,98903,100,100086,100,98819,100,100087,100,98661,100
2019-06-28 09:56:30.000000000,99927,224,99915,224,99932,220,99850,220,100015,220,99687,220,100032,100,99659,100,100043,100,99609,100,100044,100,99256,100,100054,100,99078,100,100058,100,98903,100,100086,100,98819,100,100087,100,98661,100
2019-06-28 09:56:30.630891960,99927,224,99915,224,99932,220,99850,220,100015,220,99687,220,100032,100,99659,100,100043,100,99609,100,100044,100,99347,100,100054,100,99256,100,100058,100,99078,100,100086,100,98903,100,100087,100,98819,100
2019-06-28 09:56:40.000000000,99927,191,99915,191,99932,191,99850,191,100015,191,99687,191,100032,191,99659,191,100043,100,99609,100,100044,100,99347,100,100054,100,99256,100,100058,100,99078,100,100086,100,98903,100,100087,100,98819,100
2019-06-28 09:56:50.000000000,99927,173,99915,173,99932,173,99850,173,100015,173,99687,173,100032,173,99659,173,100043,173,99609,173,100044,100,99347,100,100054,100,99256,100,100058,100,99078,100,100086,100,98903,100,100087,100,98819,100
2019-06-28 09:56:59.124848854,99927,173,99915,173,99932,173,99850,173,100015,173,99687,173,100032,173,99659,173,100043,173,99611,100,100044,100,99609,173,100054,100,99347,100,100058,100,99256,100,100086,100,99078,100,100087,100,98903,100
2019-06-28 09:57:00.000000000,99927,191,99915,191,99932,191,99850,191,100015,191,99687,191,100032,191,99659,191,100043,100,99611,100,100044,100,99609,100,100054,100,99347,100,100058,100,99256,100,100086,100,99078,100,100087,100,98903,100
2019-06-28 09:57:06.538718584,99927,191,99915,91,99932,191,99850,191,100015,191,99687,191,100032,191,99659,191,100043,100,99611,100,100044,100,99609,100,100054,100,99347,100,100058,100,99256,100,100086,100,99078,100,100087,100,98903,100
2019-06-28 09:57:10.000000000,99927,173,99850,173,99932,173,99687,173,100015,173,99659,173,100032,173,99611,173,100043,173,99609,173,100044,100,99347,100,100054,100,99256,100,100058,100,99078,100,100086,100,98903,100,100087,100,98819,100
2019-06-28 09:57:20.000000000,99927,464,99850,464,99932,100,99687,100,100015,100,99659,100,100032,100,99611,100,100043,100,99609,100,100044,100,99347,100,100054,100,99256,100,100058,100,99078,100,100086,100,98903,100,100087,100,98819,100
2019-06-28 09:57:30.000000000,99927,191,99850,191,99932,191,99687,191,100015,191,99659,191,100032,191,99611,191,100043,100,99609,100,100044,100,99347,100,100054,100,99256,100,100058,100,99078,100,100086,100,98903,100,100087,100,98819,100
2019-06-28 09:57:36.241280732,99927,191,99850,191,99932,191,99687,191,100015,191,99659,191,100032,191,99611,191,100043,100,99609,100,100044,100,99347,100,100054,100,99256,100,100058,100,99078,100,100086,100,99054,100,100087,100,98903,100
2019-06-28 09:57:40.000000000,99927,224,99850,224,99932,220,99687,220,100015,220,99659,220,100032,100,99611,100,100043,100,99609,100,100044,100,99347,100,100054,100,99256,100,100058,100,99078,100,100086,100,99054,100,100087,100,98903,100
2019-06-28 09:57:50.000000000,99927,282,99850,282,99932,282,99687,282,100015,100,99659,100,100032,100,99611,100,100043,100,99609,100,100044,100,99347,100,100054,100,99256,100,100058,100,99078,100,100086,100,99054,100,100087,100,98903,100
2019-06-28 09:58:00.000000000,99927,173,99850,173,99932,173,99687,173,100015,173,99659,173,100032,173,99611,173,100043,173,99609,173,100044,100,99347,100,100054,100,99256,100,100058,100,99078,100,100086,100,99054,100,100087,100,98903,100
2019-06-28 09:58:05.144873132,99927,173,99850,173,99932,173,99687,173,100015,173,99659,173,100032,173,99611,173,100043,173,99609,173,100044,100,99347,100,100054,100,99256,100,100086,100,99078,100,100087,100,99054,100,100117,100,98903,100
2019-06-28 09:58:10.000000000,99927,191,99850,191,99932,191,99687,191,100015,191,99659,191,100032,191,99611,191,100043,100,99609,100,100044,100,99347,100,100054,100,99256,100,100086,100,99078,100,100087,100,99054,100,100117,100,98903,100
2019-06-28 09:58:16.397298450,99927,191,99850,91,99932,191,99687,191,100015,191,99659,191,100032,191,99611,191,100043,100,99609,100,100044,100,99347,100,100054,100,99256,100,100086,100,99078,100,100087,100,98903,100,100117,100,98819,100
2019-06-28 09:58:20.000000000,99927,282,99687,282,99932,282,99659,282,100015,100,99611,100,100032,100,99609,100,100043,100,99347,100,100044,100,99256,100,100054,100,99078,100,100086,100,98903,100,100087,100,98819,100,100117,100,98661,100
2019-06-28 09:58:20.387826683,99927,282,99687,182,99932,282,99659,282,100015,100,99611,100,100032,100,99347,100,100043,100,99256,100,100044,100,99078,100,100054,100,98903,100,100086,100,98819,100,100087,100,98661,100,100117,100,,
2019-06-28 09:58:26.606566791,99927,282,99687,82,99932,282,99659,282,100015,100,99611,100,100032,100,99347,100,100043,100,99256,100,100044,100,99078,100,100054,100,98903,100,100086,100,98819,100,100087,100,98661,100,100117,100,,
2019-06-28 09:58:27.948480886,99927,282,99687,82,99932,282,99659,282,100015,100,99611,100,100032,100,99347,100,100043,100,99256,100,100044,100,99078,100,100054,100,98911,100,100086,100,98903,100,100087,100,98819,100,100117,100,98661,100
2019-06-28 09:58:30.000000000,99927,191,99659,191,99932,191,99611,191,100015,191,99347,191,100032,191,99256,191,100043,100,99078,100,100044,100,98911,100,100054,100,98903,100,100086,100,98819,100,100087,100,98661,100,100117,100,,
2019-06-28 09:58:40.000000000,99927,282,99659,282,99932,282,99611,282,100015,100,99347,100,100032,100,99256,100,100043,100,99078,100,100044,100,98911,100,100054,100,98903,100,100086,100,98819,100,100087,100,98661,100,100117,100,,
2019-06-28 09:58:43.412188839,99687,100,99659,282,99927,282,99611,282,99932,282,99347,100,100015,100,99256,100,100032,100,99078,100,100043,100,98911,100,100044,100,98903,100,100054,100,98819,100,100086,100,98661,100,100087,100,,
2019-06-28 09:58:44.070686305,99687,200,99659,282,99927,282,99611,282,99932,282,99347,100,100015,100,99256,100,100032,100,99078,100,100043,100,98911,100,100044,100,98903,100,100054,100,98819,100,100086,100,98661,100,100087,100,,
2019-06-28 09:58:50.000000000,99687,273,99659,173,99927,173,99611,173,99932,173,99347,173,100015,173,99256,173,100032,173,99078,173,100043,100,98911,100,100044,100,98903,100,100054,100,98819,100,100086,100,98661,100,100087,100,,
2019-06-28 09:58:53.398921835,99687,273,99659,173,99927,173,99611,173,99932,173,99347,173,100015,173,99256,173,100032,173,99078,173,100043,100,99019,100,100044,100,98911,100,100054,100,98903,100,100086,100,98819,100,100087,100,98661,100
2019-06-28 09:59:00.000000000,99687,291,99659,191,99927,191,99611,191,99932,191,99347,191,100015,191,99256,191,100032,100,99078,100,100043,100,99019,100,100044,100,98911,100,100054,100,98903,100,100086,100,98819,100,100087,100,98661,100
2019-06-28 09:59:10.000000000,99687,564,99659,464,99927,100,99611,100,99932,100,99347,100,100015,100,99256,100,100032,100,99078,100,100043,100,99019,100,100044,100,98911,100,100054,100,98903,100,100086,100,98819,100,100087,100,98661,100
2019-06-28 09:59:20.000000000,99687,273,99659,173,99927,173,99611,173,99932,173,99347,173,100015,173,99256,173,100032,173,99078,173,100043,100,99019,100,100044,100,98911,100,100054,100,98903,100,100086,100,98819,100,100087,100,98661,100
2019-06-28 09:59:30.000000000,99687,564,99659,464,99927,100,99611,100,99932,100,99347,100,100015,100,99256,100,100032,100,99078,100,100043,100,99019,100,100044,100,98911,100,100054,100,98903,100,100086,100,98819,100,100087,100,98661,100
2019-06-28 09:59:40.000000000,99687,273,99659,173,99927,173,99611,173,99932,173,99347,173,100015,173,99256,173,100032,173,99078,173,100043,100,99019,100,100044,100,98911,100,100054,100,98903,100,100086,100,98819,100,100087,100,98661,100
2019-06-28 09:59:50.000000000,99687,273,99659,173,99927,173,99611,173,99932,173,99347,173,100015,173,99256,173,100032,173,99078,173,100043,100,99019,100,100044,100,98911,100,100054,100,98903,100,100086,100,98819,100,100087,100,98661,100
2019-06-28 10:00:00.000000000,99687,382,99659,282,99927,282,99611,282,99932,100,99347,100,100015,100,99256,100,100032,100,99078,100,100043,100,99019,100,100044,100,98911,100,100054,100,98903,100,100086,100,98819,100,100087,100,98661,100
2019-06-28 10:00:09.696704041,99687,182,99659,282,99927,282,99611,282,99932,100,99347,100,100015,100,99256,100,100032,100,99078,100,100043,100,99019,100,100044,100,98911,100,100054,100,98903,100,100086,100,98819,100,100087,100,98661,100
2019-06-28 10:00:10.000000000,99927,282,99659,282,99932,282,99611,282,100015,100,99347,100,100032,100,99256,100,100043,100,99078,100,100044,100,99019,100,100054,100,98911,100,100086,100,98903,100,100087,100,98819,100,100117,100,98661,100
2019-06-28 10:00:20.000000000,99927,191,99659,191,99932,191,99611,191,100015,191,99347,191,100032,191,99256,191,100043,100,99078,100,100044,100,99019,100,100054,100,98911,100,100086,100,98903,100,100087,100,98819,100,100117,100,98661,100
2019-06-28 10:00:30.000000000,99927,173,99659,173,99932,173,99611,173,100015,173,99347,173,100032,173,99256,173,100043,173,99078,173,100044,100,99019,100,100054,100,98911,100,100086,100,98903,100,100087,100,98819,100,100117,100,98661,100
2019-06-28 10:00:40.000000000,99927,464,99659,464,99932,100,99611,100,100015,100,99347,100,100032,100,99256,100,100043,100,99078,100,100044,100,99019,100,100054,100,98911,100,100086,100,98903,100,100087,100,98819,100,100117,100,98661,100
2019-06-28 10:00:45.426180573,99927,364,99659,464,99932,100,99611,100,100015,100,99347,100,100032,100,99256,100,100043,100,99078,100,100044,100,99019,100,100054,100,98911,100,100086,100,98903,100,100087,100,98819,100,100117,100,98661,100
2019-06-28 10:00:50.000000000,99932,224,99659,224,100015,220,99611,220,100032,220,99347,220,100043,100,99256,100,100044,100,99078,100,100054,100,99019,100,100086,100,98911,100,100087,100,98903,100,100117,100,98819,100,100152,100,98661,100
2019-06-28 10:00:57.071087066,99932,224,99687,100,100015,220,99659,224,100032,220,99611,220,100043,100,99347,220,100044,100,99256,100,100054,100,99078,100,100086,100,99019,100,100087,100,98911,100,100117,100,98903,100,100152,100,98819,100
2019-06-28 10:01:00.000000000,99932,173,99687,173,100015,173,99659,173,100032,173,99611,173,100043,173,99347,173,100044,173,99256,173,100054,100,99078,100,100086,100,99019,100,100087,100,98911,100,100117,100,98903,100,100152,100,98819,100
2019-06-28 10:01:10.000000000,99932,173,99687,173,100015,173,99659,173,100032,173,99611,173,100043,173,99347,173,100044,173,99256,173,100054,100,99078,100,100086,100,99019,100,100087,100,98911,100,100117,100,98903,100,100152,100,98819,100
2019-06-28 10:01:16.046741112,99932,173,99687,273,100015,173,99659,173,100032,173,99611,173,100043,173,99347,173,100044,173,99256,173,100054,100,99078,100,100086,100,99019,100,100087,100,98911,100,100117,100,98903,100,100152,100,98819,100
2019-06-28 10:01:20.000000000,99932,464,99687,564,100015,100,99659,100,100032,100,99611,100,100043,100,99347,100,100044,100,99256,100,100054,100,99078,100,100086,100,99019,100,100087,100,98911,100,100117,100,98903,100,100152,100,98819,100
2019-06-28 10:01:30.000000000,99932,282,99687,382,100015,282,99659,282,100032,100,99611,100,100043,100,99347,100,100044,100,99256,100,100054,100,99078,100,100086,100,99019,100,100087,100,98911,100,100117,100,98903,100,100152,100,98819,100
2019-06-28 10:01:38.734837855,99932,282,99687,382,99978,100,99659,282,100015,282,99611,100,100032,100,99347,100,100043,100,99256,100,100044,100,99078,100,100054,100,99019,100,100086,100,98911,100,100087,100,98903,100,100117,100,98819,100
2019-06-28 10:01:40.000000000,99932,464,99687,564,99978,100,99659,100,100015,100,99611,100,100032,100,99347,100,100043,100,99256,100,100044,100,99078,100,100054,100,99019,100,100086,100,98911,100,100087,100,98903,100,100117,100,98819,100
2019-06-28 10:01:50.000000000,99932,191,99687,291,99978,191,99659,191,100015,191,99611,191,100032,191,99347,191,100043,100,99256,100,100044,100,99078,100,100054,100,99019,100,100086,100,98911,100,100087,100,98903,100,100117,100,98819,100
2019-06-28 10:02:00.000000000,99932,173,99687,273,99978,173,99659,173,100015,173,99611,173,100032,173,99347,173,100043,173,99256,173,100044,100,99078,100,100054,100,99019,100,100086,100,98911,100,100087,100,98903,100,100117,100,98819,100
2019-06-28 10:02:10.000000000,99932,191,99687,291,99978,191,99659,191,100015,191,99611,191,100032,191,99347,191,100043,100,99256,100,100044,100,99078,100,100054,100,99019,100,100086,100,98911,100,100087,100,98903,100,100117,100,98819,100
2019-06-28 10:02:20.000000000,99932,173,99687,273,99978,173,99659,173,100015,173,99611,173,100032,173,99347,173,100043,173,99256,173,100044,100,99078,100,100054,100,99019,100,100086,100,98911,100,100087,100,98903,100,100117,100,98819,100
2019-06-28 10:02:23.882465519,99932,173,99811,100,99978,173,99687,273,100015,173,99659,173,100032,173,99611,173,100043,173,99347,173,100044,100,99256,173,100054,100,99078,100,100086,100,99019,100,100087,100,98911,100,100117,100,98903,100
2019-06-28 10:02:30.000000000,99932,173,99811,173,99978,173,99687,273,100015,173,99659,173,100032,173,99611,173,100043,173,99347,173,100044,100,99256,100,100054,100,99078,100,100086,100,99019,100,100087,100,98911,100,100117,100,98903,100
2019-06-28 10:02:40.000000000,99932,464,99811,464,99978,100,99687,200,100015,100,99659,100,100032,100,99611,100,100043,100,99347,100,100044,100,99256,100,100054,100,99078,100,100086,100,99019,100,100087,100,98911,100,100117,100,98903,100
2019-06-28 10:02:47.435939622,99932,464,99930,100,99978,100,99811,464,100015,100,99687,200,100032,100,99659,100,100043,100,99611,100,100044,100,99347,100,100054,100,99256,100,100086,100,99078,100,100087,100,99019,100,100117,100,98911,100
2019-06-28 10:02:50.000000000,99932,282,99930,282,99978,282,99811,282,100015,100,99687,200,100032,100,99659,100,100043,100,99611,100,100044,100,99347,100,100054,100,99256,100,100086,100,99078,100,100087,100,99019,100,100117,100,98911,100
2019-06-28 10:03:00.000000000,99932,464,99930,464,99978,100,99811,100,100015,100,99687,200,100032,100,99659,100,100043,100,99611,100,100044,100,99347,100,100054,100,99256,100,100086,100,99078,100,100087,100,99019,100,100117,100,98911,100
2019-06-28 10:03:10.000000000,99932,173,99930,173,99978,173,99811,173,100015,173,99687,273,100032,173,99659,173,100043,173,99611,173,100044,100,99347,100,100054,100,99256,100,100086,100,99078,100,100087,100,99019,100,100117,100,98911,100
2019-06-28 10:03:20.000000000,99932,191,99930,191,99978,191,99811,191,100015,191,99687,291,100032,191,99659,191,100043,100,99611,100,100044,100,99347,100,100054,100,99256,100,100086,100,99078,100,100087,100,99019,100,100117,100,98911,100
2019-06-28 10:03:30.000000000,99932,224,99930,224,99978,220,99811,220,100015,220,99687,320,100032,100,99659,100,100043,100,99611,100,100044,100,99347,100,100054,100,99256,100,100086,100,99078,100,100087,100,99019,100,100117,100,98911,100
2019-06-28 10:03:36.266199570,99932,124,99930,224,99978,220,99811,220,100015,220,99687,420,100032,100,99659,100,100043,100,99611,100,100044,100,99347,100,100054,100,99256,100,100086,100,99078,100,100087,100,99019,100,100117,100,98911,100
2019-06-28 10:03:40.000000000,99978,282,99930,282,100015,282,99811,282,100032,100,99687,300,100043,100,99659,100,100044,100,99611,100,100054,100,99347,100,100086,100,99256,100,100087,100,99078,100,100117,100,99019,100,100152,100,98911,100
2019-06-28 10:03:50.000000000,99978,464,99930,464,100015,100,99811,100,100032,100,99687,300,100043,100,99659,100,100044,100,99611,100,100054,100,99347,100,100086,100,99256,100,100087,100,99078,100,100117,100,99019,100,100152,100,98911,100
2019-06-28 10:04:00.000000000,99978,173,99930,173,100015,173,99811,173,100032,173,99687,373,100043,173,99659,173,100044,173,99611,173,100054,100,99347,100,100086,100,99256,100,100087,100,99078,100,100117,100,99019,100,100152,100,98911,100
2019-06-28 10:04:10.000000000,99978,224,99930,224,100015,220,99811,220,100032,220,99687,420,100043,100,99659,100,100044,100,99611,100,100054,100,99347,100,100086,100,99256,100,100087,100,99078,100,100117,100,99019,100,100152,100,98911,100
2019-06-28 10:04:20.000000000,99978,224,99930,224,100015,220,99811,220,100032,220,99687,420,100043,100,99659,100,100044,100,99611,100,100054,100,99347,100,100086,100,99256,100,100087,100,99078,100,100117,100,99019,100,100152,100,98911,100
2019-06-28 10:04:25.668766420,99978,224,99930,224,100015,220,99811,220,100032,220,99687,420,100043,100,99659,100,100044,100,99611,100,100054,100,99347,100,100086,100,99256,100,100087,100,99078,100,100117,100,99019,100,100152,100,98911,100
2019-06-28 10:04:30.000000000,99978,224,99930,224,100015,220,99811,220,100032,220,99687,420,100043,100,99659,100,100044,100,99611,100,100054,100,99347,100,100086,100,99256,100,100087,100,99078,100,100117,100,99019,100,100152,100,98911,100
2019-06-28 10:04:40.000000000,99978,191,99930,191,100015,191,99811,191,100032,191,99687,391,100043,191,99659,191,100044,100,99611,100,100054,100,99347,100,100086,100,99256,100,100087,100,99078,100,100117,100,99019,100,100152,100,98911,100
2019-06-28 10:04:50.000000000,99978,173,99930,173,100015,173,99811,173,100032,173,99687,373,100043,173,99659,173,100044,173,99611,173,100054,100,99347,100,100086,100,99256,100,100087,100,99078,100,100117,100,99019,100,100152,100,98911,100
2019-06-28 10:04:58.898111649,99978,173,99930,173,100015,173,99811,173,100032,173,99687,373,100043,173,99659,173,100044,173,99611,173,100054,100,99347,100,100086,100,99256,100,100087,100,99078,100,100117,100,99019,100,100152,100,98911,100
2019-06-28 10:05:00.000000000,99978,464,99930,464,100015,100,99811,100,100032,100,99687,300,100043,100,99659,100,100044,100,99611,100,100054,100,99347,100,100086,100,99256,100,100087,100,99078,100,100117,100,99019,100,100152,100,98911,100
2019-06-28 10:05:06.754863665,99978,464,99930,464,100015,100,99811,100,100032,100,99687,300,100043,100,99659,100,100044,100,99611,100,100054,100,99347,100,100086,100,99256,100,100087,100,99019,100,100117,100,98911,100,100152,100,98903,100
2019-06-28 10:05:10.000000000,99978,191,99930,191,100015,191,99811,191,100032,191,99687,391,100043,191,99659,191,100044,100,99611,100,100054,100,99347,100,100086,100,99256,100,100087,100,99019,100,100117,100,98911,100,100152,100,98903,100
2019-06-28 10:05:12.608757850,99978,91,99930,191,100015,191,99811,191,100032,191,99687,391,100043,191,99659,191,100044,100,99611,100,100054,100,99347,100,100086,100,99256,100,100087,100,99019,100,100117,100,98911,100,100152,100,98903,100
2019-06-28 10:05:12.799485204,99978,91,99930,191,100015,191,99811,191,100032,191,99687,391,100043,191,99659,191,100044,100,99611,100,100054,100,99347,100,100086,100,99256,100,100117,100,99019,100,100152,100,98911,100,100185,100,98903,100
2019-06-28 10:05:20.000000000,100015,173,99930,173,100032,173,99811,173,100043,173,99687,373,100044,173,99659,173,100054,173,99611,173,100086,100,99347,100,100117,100,99256,100,100152,100,99019,100,100185,100,98911,100,100194,100,98903,100
2019-06-28 10:05:30.000000000,100015,224,99930,224,100032,220,99811,220,100043,220,99687,420,100044,100,99659,100,100054,100,99611,100,100086,100,99347,100,100117,100,99256,100,100152,100,99019,100,100185,100,98911,100,100194,100,98903,100
2019-06-28 10:05:40.000000000,100015,224,99930,224,100032,220,99811,220,100043,220,99687,420,100044,100,99659,100,100054,100,99611,100,100086,100,99347,100,100117,100,99256,100,100152,100,99019,100,100185,100,98911,100,100194,100,98903,100
2019-06-28 10:05:48.685697242,100015,224,99931,100,100032,220,99930,224,100043,220,99811,220,100044,100,99687,420,100054,100,99659,100,100086,100,99611,100,100117,100,99347,100,100152,100,99256,100,100185,100,99019,100,100194,100,98911,100
2019-06-28 10:05:49.995133455,100015,124,99931,100,100032,220,99930,224,100043,220,99811,220,100044,100,99687,420,100054,100,99659,100,100086,100,99611,100,100117,100,99347,100,100152,100,99256,100,100185,100,99019,100,100194,100,98911,100
2019-06-28 10:05:50.000000000,100032,464,99931,464,100043,100,99930,100,100044,100,99811,100,100054,100,99687,300,100086,100,99659,100,100117,100,99611,100,100152,100,99347,100,100185,100,99256,100,100194,100,99019,100,100215,100,98911,100
2019-06-28 10:05:50.436909199,100032,264,99931,464,100043,100,99930,100,100044,100,99811,100,100054,100,99687,300,100086,100,99659,100,100117,100,99611,100,100152,100,99347,100,100185,100,99256,100,100194,100,99019,100,100215,100,98911,100
2019-06-28 10:06:00.000000000,100043,224,99931,224,100044,220,99930,220,100054,220,99811,220,100086,100,99687,300,100117,100,99659,100,100152,100,99611,100,100185,100,99347,100,100194,100,99256,100,100215,100,99019,100,100627,100,98911,100
2019-06-28 10:06:10.000000000,100043,191,99931,191,100044,191,99930,191,100054,191,99811,191,100086,191,99687,391,100117,100,99659,100,100152,100,99611,100,100185,100,99347,100,100194,100,99256,100,100215,100,99019,100,100627,100,98911,100
2019-06-28 10:06:20.000000000,100043,191,99931,191,100044,191,99930,191,100054,191,99811,191,100086,191,99687,391,100117,100,99659,100,100152,100,99611,100,100185,100,99347,100,100194,100,99256,100,100215,100,99019,100,100627,100,98911,100
2019-06-28 10:06:30.000000000,100043,282,99931,282,100044,282,99930,282,100054,100,99811,100,100086,100,99687,300,100117,100,99659,100,100152,100,99611,100,100185,100,99347,100,100194,100,99256,100,100215,100,99019,100,100627,100,98911,100
2019-06-28 10:06:33.520707696,100043,282,100015,100,100044,282,99931,282,100054,100,99930,282,100086,100,99811,100,100117,100,99687,200,100152,100,99659,100,100185,100,99611,100,100194,100,99347,100,100215,100,99256,100,100627,100,99019,100
2019-06-28 10:06:36.210247414,100043,282,100015,100,100044,282,99931,282,100054,100,99930,282,100086,100,99811,100,100117,100,99687,200,100152,100,99659,100,100185,100,99611,100,100194,100,99347,100,100215,100,99256,100,100627,100,99019,100
2019-06-28 10:06:37.361364905,100043,282,100015,100,100044,282,99931,282,100054,100,99930,282,100086,100,99811,100,100117,100,99687,200,100152,100,99659,100,100185,100,99611,100,100194,100,99347,100,100215,100,99256,100,100556,100,99019,100
2019-06-28 10:06:40.000000000,100043,464,100015,464,100044,100,99931,100,100054,100,99930,100,100086,100,99811,100,100117,100,99687,200,100152,100,99659,100,100185,100,99611,100,100194,100,99347,100,100215,100,99256,100,100556,100,99019,100
2019-06-28 10:06:48.570095738,100043,364,100015,464,100044,100,99931,100,100054,100,99930,100,100086,100,99687,200,100117,100,99659,100,100152,100,99611,100,100185,100,99347,100,100194,100,99256,100,100215,100,99019,100,100556,100,98911,100
2019-06-28 10:06:50.000000000,100044,282,100015,282,100054,282,99931,282,100086,100,99930,100,100117,100,99687,200,100152,100,99659,100,100185,100,99611,100,100194,100,99347,100,100215,100,99256,100,100556,100,99019,100,100627,100,98911,100
2019-06-28 10:06:58.738299145,100044,282,100015,282,100054,282,99931,282,100086,100,99930,100,100117,100,99687,200,100152,100,99659,100,100185,100,99611,100,100194,100,99347,100,100215,100,99256,100,100556,100,99019,100,100627,100,98911,100
2019-06-28 10:07:00.000000000,100044,173,100015,173,100054,173,99931,173,100086,173,99930,173,100117,173,99687,273,100152,173,99659,173,100185,100,99611,100,100194,100,99347,100,100215,100,99256,100,100556,100,99019,100,100627,100,98911,100
2019-06-28 10:07:00.166857922,100044,173,100015,173,100054,173,99931,173,100086,173,99930,173,100117,173,99687,273,100152,173,99659,173,100185,100,99611,100,100194,100,99347,100,100215,100,99256,100,100556,100,99019,100,100627,100,98911,100
2019-06-28 10:07:10.000000000,100044,282,100015,282,100054,282,99931,282,100086,100,99930,100,100117,100,99687,200,100152,100,99659,100,100185,100,99611,100,100194,100,99347,100,100215,100,99256,100,100556,100,99019,100,100627,100,98911,100
2019-06-28 10:07:20.000000000,100044,464,100015,464,100054,100,99931,100,100086,100,99930,100,100117,100,99687,200,100152,100,99659,100,100185,100,99611,100,100194,100,99347,100,100215,100,99256,100,100556,100,99019,100,100627,100,98911,100
2019-06-28 10:07:30.000000000,100044,464,100015,464,100054,100,99931,100,100086,100,99930,100,100117,100,99687,200,100152,100,99659,100,100185,100,99611,100,100194,100,99347,100,100215,100,99256,100,100556,100,99019,100,100627,100,98911,100
2019-06-28 10:07:40.000000000,100044,173,100015,173,100054,173,99931,173,100086,173,99930,173,100117,173,99687,273,100152,173,99659,173,100185,100,99611,100,100194,100,99347,100,100215,100,99256,100,100556,100,99019,100,100627,100,98911,100
2019-06-28 10:07:43.949403330,100044,73,100015,173,100054,173,99931,173,100086,173,99930,173,100117,173,99687,273,100152,173,99659,173,100185,100,99611,100,100194,100,99347,100,100215,100,99256,100,100556,100,99019,100,100627,100,98911,100
2019-06-28 10:07:50.000000000,100054,173,100015,173,100086,173,99931,173,100117,173,99930,173,100152,173,99687,273,100185,173,99659,173,100194,100,99611,100,100215,100,99347,100,100556,100,99256,100,100627,100,99019,100,100779,100,98911,100
2019-06-28 10:08:00.000000000,100054,173,100015,173,100086,173,99931,173,100117,173,99930,173,100152,173,99687,273,100185,173,99659,173,100194,100,99611,100,100215,100,99347,100,100556,100,99256,100,100627,100,99019,100,100779,100,98911,100
2019-06-28 10:08:07.247001649,100054,173,100043,100,100086,173,100015,173,100117,173,99931,73,100152,173,99930,173,100185,173,99687,273,100194,100,99659,173,100215,100,99611,100,100556,100,99347,100,100627,100,99256,100,100779,100,99019,100
2019-06-28 10:08:10.000000000,100054,173,100043,173,100086,173,100015,173,100117,173,99930,173,100152,173,99687,273,100185,173,99659,173,100194,100,99611,100,100215,100,99347,100,100556,100,99256,100,100627,100,99019,100,100779,100,98911,100
2019-06-28 10:08:20.000000000,100054,173,100043,173,100086,173,100015,173,100117,173,99930,173,100152,173,99687,273,100185,173,99659,173,100194,100,99611,100,100215,100,99347,100,100556,100,99256,100,100627,100,99019,100,100779,100,98911,100
2019-06-28 10:08:27.827016879,100054,173,100043,273,100086,173,100015,173,100117,173,99930,173,100152,173,99687,273,100185,173,99659,173,100194,100,99611,100,100215,100,99347,100,100556,100,99256,100,100627,100,99019,100,100779,100,98911,100
2019-06-28 10:08:30.000000000,100054,282,100043,382,100086,282,100015,282,100117,100,99930,100,100152,100,99687,200,100185,100,99659,100,100194,100,99611,100,100215,100,99347,100,100556,100,99256,100,100627,100,99019,100,100779,100,98911,100
2019-06-28 10:08:40.000000000,100054,173,100043,273,100086,173,100015,173,100117,173,99930,173,100152,173,99687,273,100185,173,99659,173,100194,100,99611,100,100215,100,99347,100,100556,100,99256,100,100627,100,99019,100,100779,100,98911,100
2019-06-28 10:08:45.867656176,100054,173,100043,173,100086,173,100015,173,100117,173,99930,173,100152,173,99687,273,100185,173,99659,173,100194,100,99611,100,100215,100,99347,100,100556,100,99256,100,100627,100,99019,100,100779,100,98911,100
2019-06-28 10:08:50.000000000,100054,191,100043,191,100086,191,100015,191,100117,191,99930,191,100152,191,99687,291,100185,100,99659,100,100194,100,99611,100,100215,100,99347,100,100556,100,99256,100,100627,100,99019,100,100779,100,98911,100
2019-06-28 10:08:51.104690521,100054,191,100043,91,100086,191,100015,191,100117,191,99930,191,100152,191,99687,291,100185,100,99659,100,100194,100,99611,100,100215,100,99347,100,100556,100,99256,100,100627,100,99019,100,100779,100,98911,100
2019-06-28 10:08:55.586308614,100054,191,100043,91,100086,191,100015,191,100117,191,99930,191,100152,191,99687,291,100185,100,99659,100,100194,100,99611,100,100215,100,99347,100,100556,100,99338,100,100627,100,99256,100,100779,100,99019,100
2019-06-28 10:09:00.000000000,100054,224,100015,224,100086,220,99930,220,100117,220,99687,320,100152,100,99659,100,100185,100,99611,100,100194,100,99347,100,100215,100,99338,100,100556,100,99256,100,100627,100,99019,100,100779,100,98911,100
2019-06-28 10:09:10.000000000,100054,173,100015,173,100086,173,99930,173,100117,173,99687,273,100152,173,99659,173,100185,173,99611,173,100194,100,99347,100,100215,100,99338,100,100556,100,99256,100,100627,100,99019,100,100779,100,98911,100
2019-06-28 10:09:19.863562713,100054,173,100015,73,100086,173,99930,173,100117,173,99687,273,100152,173,99659,173,100185,173,99611,173,100194,100,99347,100,100215,100,99338,100,100556,100,99256,100,100627,100,99019,100,100779,100,98911,100
2019-06-28 10:09:20.000000000,100054,464,99930,464,100086,100,99687,200,100117,100,99659,100,100152,100,99611,100,100185,100,99347,100,100194,100,99338,100,100215,100,99256,100,100556,100,99019,100,100627,100,98911,100,100779,100,98903,100
2019-06-28 10:09:22.951776371,100054,464,99930,464,100086,100,99687,200,100117,100,99659,100,100185,100,99611,100,100194,100,99347,100,100215,100,99338,100,100556,100,99256,100,100627,100,99019,100,100779,100,98911,100,100914,100,98903,100
2019-06-28 10:09:30.000000000,100054,191,99930,191,100086,191,99687,291,100117,191,99659,191,100185,191,99611,191,100194,100,99347,100,100215,100,99338,100,100556,100,99256,100,100627,100,99019,100,100779,100,98911,100,100914,100,98903,100
2019-06-28 10:09:40.000000000,100054,191,99930,191,100086,191,99687,291,100117,191,99659,191,100185,191,99611,191,100194,100,99347,100,100215,100,99338,100,100556,100,99256,100,100627,100,99019,100,100779,100,98911,100,100914,100,98903,100
2019-06-28 10:09:48.230887248,100054,191,99930,91,100086,191,99687,291,100117,191,99659,191,100185,191,99611,191,100194,100,99347,100,100215,100,99338,100,100556,100,99256,100,100627,100,99019,100,100779,100,98911,100,101016,100,98903,100
2019-06-28 10:09:50.000000000,100054,464,99687,564,100086,100,99659,100,100117,100,99611,100,100185,100,99347,100,100194,100,99338,100,100215,100,99256,100,100556,100,99019,100,100627,100,98911,100,100779,100,98903,100,101016,100,98898,100
2019-06-28 10:09:51.079800469,100054,464,99687,564,100086,100,99659,100,100117,100,99611,100,100185,100,99347,100,100194,100,99338,100,100215,100,99277,100,100556,100,99256,100,100627,100,99019,100,100779,100,98911,100,101016,100,98903,100
2019-06-28 10:10:00.000000000,100054,191,99687,291,100086,191,99659,191,100117,191,99611,191,100185,191,99347,191,100194,100,99338,100,100215,100,99277,100,100556,100,99256,100,100627,100,99019,100,100779,100,98911,100,101016,100,98903,100
2019-06-28 10:10:10.000000000,100054,173,99687,273,100086,173,99659,173,100117,173,99611,173,100185,173,99347,173,100194,173,99338,173,100215,100,99277,100,100556,100,99256,100,100627,100,99019,100,100779,100,98911,100,101016,100,98903,100
2019-06-28 10:10:11.672019972,100054,173,99687,173,100086,173,99659,173,100117,173,99611,173,100185,173,99347,173,100194,173,99338,173,100215,100,99277,100,100556,100,99256,100,100627,100,99019,100,100779,100,98911,100,101016,100,98903,100
