,ask_price_1,ask_size_1,bid_price_1,bid_size_1,ask_price_2,ask_size_2,bid_price_2,bid_size_2,ask_price_3,ask_size_3,bid_price_3,bid_size_3,ask_price_4,ask_size_4,bid_price_4,bid_size_4,ask_price_5,ask_size_5,bid_price_5,bid_size_5,ask_price_6,ask_size_6,bid_price_6,bid_size_6,ask_price_7,ask_size_7,bid_price_7,bid_size_7,ask_price_8,ask_size_8,bid_price_8,bid_size_8,ask_price_9,ask_size_9,bid_price_9,bid_size_9,ask_price_10,ask_size_10,bid_price_10,bid_size_10
2019-06-28 09:30:00.000000001,,,100008,100,,,,,,,,,,,,,,,,,,,,,,,,,,,,,,,,,,,,
2019-06-28 09:30:00.000000003,,,,,,,,,,,,,,,,,,,,,,,,,,,,,,,,,,,,,,,,
2019-06-28 09:30:00.000000005,100168,100,,,,,,,,,,,,,,,,,,,,,,,,,,,,,,,,,,,,,,
2019-06-28 09:30:00.000000006,100168,100,99921,100,,,,,,,,,,,,,,,,,,,,,,,,,,,,,,,,,,,,
2019-06-28 09:30:00.000000009,100168,100,99921,100,,,99805,100,,,,,,,,,,,,,,,,,,,,,,,,,,,,,,,,
2019-06-28 09:30:00.000000011,99952,100,99921,100,100168,100,99805,100,,,,,,,,,,,,,,,,,,,,,,,,,,,,,,,,
2019-06-28 09:30:00.000000012,100168,100,99921,100,,,99805,100,,,,,,,,,,,,,,,,,,,,,,,,,,,,,,,,
2019-06-28 09:30:00.000000014,100008,200,99921,100,100168,100,99805,100,,,,,,,,,,,,,,,,,,,,,,,,,,,,,,,,
2019-06-28 09:30:00.000000016,100008,200,99952,100,100168,100,99921,100,,,99805,100,,,,,,,,,,,,,,,,,,,,,,,,,,,,
2019-06-28 09:30:00.000000021,100008,300,99952,100,100168,100,99921,100,,,99805,100,,,,,,,,,,,,,,,,,,,,,,,,,,,,
2019-06-28 09:30:00.000000024,100008,400,99952,100,100168,100,99921,100,,,99805,100,,,,,,,,,,,,,,,,,,,,,,,,,,,,
2019-06-28 09:30:00.000000029,100008,400,99952,200,100046,100,99921,100,100098,100,99805,100,100168,100,,,,,,,,,,,,,,,,,,,,,,,,,,
2019-06-28 09:30:00.000000030,100008,400,99952,300,100046,100,99921,100,100098,100,99805,100,100168,100,,,,,,,,,,,,,,,,,,,,,,,,,,
2019-06-28 09:30:00.000000031,100008,400,99952,400,100046,100,99921,100,100098,100,99805,100,100168,100,,,,,,,,,,,,,,,,,,,,,,,,,,
2019-06-28 09:30:00.000000032,100008,400,99952,400,100046,100,99921,100,100098,100,99805,100,100118,100,,,100168,100,,,,,,,,,,,,,,,,,,,,,,
2019-06-28 09:30:00.000000033,100008,400,99952,400,100046,100,99932,100,100098,100,99921,100,100118,100,99805,100,100168,100,,,,,,,,,,,,,,,,,,,,,,
2019-06-28 09:30:00.000000034,100008,300,99952,400,100046,100,99932,100,100098,100,99921,100,100118,100,99805,100,100168,100,,,,,,,,,,,,,,,,,,,,,,
2019-06-28 09:30:00.000000035,100007,100,99952,400,100008,300,99932,100,100046,100,99921,100,100098,100,99805,100,100118,100,,,100168,100,,,,,,,,,,,,,,,,,,
2019-06-28 09:30:00.000000038,100007,100,99952,400,100008,300,99932,100,100046,100,99921,100,100074,100,99805,100,100098,100,,,100118,100,,,100168,100,,,,,,,,,,,,,,
2019-06-28 09:30:00.000000049,100007,100,99952,400,100008,300,99932,100,100045,100,99921,100,100046,100,99805,100,100074,100,,,100098,100,,,100118,100,,,100168,100,,,,,,,,,,
2019-06-28 09:30:00.000000051,100007,100,99952,400,100008,300,99932,100,100045,100,99921,100,100046,100,99868,100,100074,100,99805,100,100098,100,,,100118,100,,,100168,100,,,,,,,,,,
2019-06-28 09:30:00.000000054,100007,100,100002,100,100008,300,99952,400,100045,100,99932,100,100046,100,99921,100,100074,100,99868,100,100098,100,99805,100,100118,100,,,100168,100,,,,,,,,,,
2019-06-28 09:30:00.000000056,100008,300,100002,100,100045,100,99952,400,100046,100,99932,100,100074,100,99921,100,100098,100,99868,100,100118,100,99805,100,100168,100,,,,,,,,,,,,,,
2019-06-28 09:30:00.000000057,100008,300,100002,100,100042,100,99952,400,100045,100,99932,100,100046,100,99921,100,100074,100,99868,100,100098,100,99805,100,100118,100,,,100168,100,,,,,,,,,,
2019-06-28 09:30:00.000000058,100008,300,100002,100,100042,100,99952,400,100045,100,99935,100,100046,100,99932,100,100074,100,99921,100,100098,100,99868,100,100118,100,99805,100,100168,100,,,,,,,,,,
2019-06-28 09:30:00.000000059,100008,300,100002,100,100036,100,99952,400,100042,100,99935,100,100045,100,99932,100,100046,100,99921,100,100074,100,99868,100,100098,100,99805,100,100118,100,,,100168,100,,,,,,
2019-06-28 09:30:00.000000060,100008,300,99970,100,100036,100,99952,400,100042,100,99935,100,100045,100,99932,100,100046,100,99921,100,100074,100,99868,100,100098,100,99805,100,100118,100,,,100151,100,,,100168,100,,
2019-06-28 09:30:00.000000061,100007,200,99970,100,100008,300,99957,100,100036,100,99952,400,100042,100,99935,100,100045,100,99932,100,100046,100,99921,100,100074,100,99868,100,100098,100,99805,100,100118,100,,,100151,100,,
2019-06-28 09:30:00.000000062,100007,300,99970,100,100008,300,99957,100,100036,100,99952,400,100042,100,99935,100,100045,100,99932,100,100046,100,99921,100,100074,100,99868,100,100098,100,99805,100,100118,100,,,100151,100,,
2019-06-28 09:30:00.000000066,100007,400,99970,100,100008,300,99957,100,100036,100,99952,400,100042,100,99949,100,100045,100,99935,100,100046,100,99932,100,100074,100,99921,100,100098,100,99868,100,100111,100,99805,100,100118,100,,
2019-06-28 09:30:00.000000068,100007,400,99970,100,100008,300,99957,100,100036,100,99952,400,100042,100,99949,100,100045,100,99935,100,100046,100,99932,100,100074,100,99923,100,100098,100,99921,100,100111,100,99906,100,100118,100,99868,100
2019-06-28 09:30:00.000000071,100007,400,99970,100,100008,300,99957,100,100036,100,99952,400,100042,100,99949,100,100045,100,99935,100,100046,100,99932,100,100074,100,99923,100,100098,200,99921,100,100111,100,99906,100,100118,100,99879,100
2019-06-28 09:30:00.000000072,100007,400,99957,100,100008,300,99952,400,100036,100,99949,100,100042,100,99935,100,100045,100,99932,100,100046,100,99923,100,100074,100,99921,100,100098,200,99906,100,100111,100,99879,100,100118,100,99868,100
2019-06-28 09:30:00.000000076,99991,100,99957,100,100007,400,99952,400,100008,300,99949,100,100036,100,99935,100,100042,100,99932,100,100045,100,99923,100,100046,100,99921,100,100074,100,99906,100,100093,100,99899,100,100098,200,99879,100
2019-06-28 09:30:00.000000080,99991,100,99957,100,100007,400,99952,400,100008,300,99949,100,100036,100,99943,100,100042,100,99935,100,100045,100,99932,100,100046,100,99923,100,100074,100,99921,100,100093,100,99906,100,100098,200,99899,100
2019-06-28 09:30:00.000000081,99991,100,99957,100,100007,400,99952,400,100008,300,99949,100,100036,100,99943,100,100042,100,99935,100,100045,100,99932,100,100046,100,99923,100,100074,100,99921,100,100075,100,99906,100,100093,100,99899,100
2019-06-28 09:30:00.000000082,99991,100,99952,400,100007,400,99949,100,100008,300,99943,100,100036,100,99935,100,100042,100,99932,100,100045,100,99923,100,100046,100,99921,100,100074,100,99906,100,100075,100,99902,100,100093,100,99899,100
2019-06-28 09:30:00.000000083,99991,100,99957,100,100007,400,99952,400,100008,300,99949,100,100036,100,99943,100,100042,100,99935,100,100045,100,99932,100,100046,100,99923,100,100074,100,99921,100,100075,100,99906,100,100093,100,99902,100
2019-06-28 09:30:00.000000084,100001,100,99957,100,100007,400,99952,400,100008,300,99949,100,100036,100,99943,100,100042,100,99935,100,100045,100,99932,100,100046,100,99923,100,100074,100,99921,100,100075,100,99906,100,100093,100,99902,100
2019-06-28 09:30:00.000000085,100001,100,99957,100,100007,400,99952,400,100008,300,99949,100,100036,100,99943,100,100042,100,99935,100,100045,100,99932,100,100046,100,99923,100,100074,100,99921,100,100075,100,99906,100,100093,100,99902,100
2019-06-28 09:30:00.000000086,100001,100,99957,100,100007,400,99952,400,100008,300,99949,100,100036,100,99943,100,100042,100,99935,100,100045,100,99932,100,100046,100,99923,100,100074,100,99921,100,100075,100,99906,100,100093,100,99902,100
2019-06-28 09:30:00.000000087,100001,100,99957,100,100007,400,99952,400,100008,300,99949,100,100036,100,99943,100,100042,100,99935,100,100045,100,99932,100,100046,100,99923,100,100068,100,99921,100,100074,100,99906,100,100075,100,99902,100
2019-06-28 09:30:00.000000088,100001,100,99957,100,100007,400,99952,400,100008,300,99949,100,100036,100,99943,100,100042,100,99935,100,100045,100,99932,100,100046,100,99923,100,100068,100,99921,100,100074,100,99906,100,100075,100,99902,100
2019-06-28 09:30:00.000000091,100001,100,99957,100,100007,400,99952,400,100008,300,99949,100,100036,100,99943,100,100042,100,99935,100,100045,100,99932,100,100046,100,99923,100,100068,100,99921,100,100074,100,99906,100,100075,100,99902,100
2019-06-28 09:30:00.000000092,100001,100,99957,100,100007,400,99952,400,100008,300,99949,100,100036,100,99943,100,100042,100,99935,100,100045,100,99932,100,100046,100,99923,100,100068,100,99921,100,100074,100,99906,100,100075,100,99902,100
2019-06-28 09:30:00.000000094,100001,100,99958,100,100007,400,99957,100,100008,300,99952,400,100036,100,99949,100,100042,100,99943,100,100045,100,99935,100,100046,100,99932,100,100068,100,99923,100,100074,100,99921,100,100075,100,99906,100
2019-06-28 09:30:00.000000095,100001,100,100000,100,100007,400,99958,100,100008,300,99957,100,100036,100,99952,400,100042,100,99949,100,100045,100,99943,100,100046,100,99935,100,100068,100,99932,100,100074,100,99923,100,100075,100,99921,100
2019-06-28 09:30:00.000000096,100001,100,100000,100,100007,400,99958,100,100008,300,99957,100,100036,100,99952,400,100042,100,99949,100,100045,100,99943,100,100046,100,99935,100,100068,100,99932,100,100074,100,99923,100,100075,100,99921,100
2019-06-28 09:30:00.000000098,100001,100,100000,100,100007,400,99958,200,100008,300,99957,100,100036,100,99952,400,100042,100,99949,100,100045,100,99943,100,100046,100,99935,100,100068,100,99932,100,100074,100,99923,100,100075,100,99921,100
2019-06-28 09:30:00.000000099,100007,400,100000,100,100008,300,99958,200,100036,100,99957,100,100042,100,99952,400,100045,100,99949,100,100046,100,99943,100,100068,100,99935,100,100074,100,99932,100,100075,100,99923,100,100079,100,99921,100
2019-06-28 09:30:10.000000000,100007,864,100000,564,100008,300,99958,200,100036,100,99957,100,100042,100,99952,400,100045,100,99949,100,100046,100,99943,100,100068,100,99935,100,100074,100,99932,100,100075,100,99923,100,100079,100,99921,100
2019-06-28 09:30:15.959711252,100007,864,100000,564,100008,300,99958,200,100036,100,99957,100,100042,100,99952,400,100045,100,99943,100,100046,100,99935,100,100068,100,99932,100,100074,100,99923,100,100075,100,99921,100,100079,100,99906,100
2019-06-28 09:30:20.000000000,100007,632,100000,332,100008,532,99958,432,100036,100,99957,100,100042,100,99952,400,100045,100,99943,100,100046,100,99935,100,100068,100,99932,100,100074,100,99923,100,100075,100,99921,100,100079,100,99906,100
2019-06-28 09:30:26.113009839,100007,632,100000,332,100008,532,99958,432,100036,100,99957,100,100042,100,99952,400,100045,100,99943,100,100046,100,99935,100,100068,100,99932,100,100074,100,99923,100,100075,100,99921,100,100079,100,99906,100
2019-06-28 09:30:30.000000000,100007,632,100000,332,100008,532,99958,432,100036,100,99957,100,100042,100,99952,400,100045,100,99943,100,100046,100,99935,100,100068,100,99932,100,100074,100,99923,100,100075,100,99921,100,100079,100,99906,100
2019-06-28 09:30:40.000000000,100007,516,100000,216,100008,416,99958,316,100036,216,99957,216,100042,216,99952,516,100045,100,99943,100,100046,100,99935,100,100068,100,99932,100,100074,100,99923,100,100075,100,99921,100,100079,100,99906,100
2019-06-28 09:30:50.000000000,100007,493,100000,193,100008,393,99958,293,100036,193,99957,193,100042,193,99952,493,100045,193,99943,193,100046,100,99935,100,100068,100,99932,100,100074,100,99923,100,100075,100,99921,100,100079,100,99906,100
2019-06-28 09:30:58.971529650,100007,493,100000,93,100008,393,99958,293,100036,193,99957,193,100042,193,99952,493,100045,193,99943,193,100046,100,99935,100,100068,100,99932,100,100074,100,99923,100,100075,100,99921,100,100093,100,99906,100
2019-06-28 09:31:00.000000000,100007,558,99958,358,100008,453,99957,253,100036,253,99952,553,100042,100,99943,100,100045,100,99935,100,100046,100,99932,100,100068,100,99923,100,100074,100,99921,100,100075,100,99906,100,100093,100,99902,100
2019-06-28 09:31:10.000000000,100007,493,99958,293,100008,393,99957,193,100036,193,99952,493,100042,193,99943,193,100045,193,99935,193,100046,100,99932,100,100068,100,99923,100,100074,100,99921,100,100075,100,99906,100,100093,100,99902,100
2019-06-28 09:31:18.764447524,100001,100,99958,293,100007,393,99957,193,100008,393,99952,493,100036,193,99943,193,100042,193,99935,193,100045,193,99932,100,100046,100,99923,100,100068,100,99921,100,100074,100,99906,100,100075,100,99902,100
2019-06-28 09:31:20.000000000,100001,332,99958,432,100007,532,99957,332,100008,300,99952,400,100036,100,99943,100,100042,100,99935,100,100045,100,99932,100,100046,100,99923,100,100068,100,99921,100,100074,100,99906,100,100075,100,99902,100
2019-06-28 09:31:30.000000000,100001,332,99958,432,100007,532,99957,332,100008,300,99952,400,100036,100,99943,100,100042,100,99935,100,100045,100,99932,100,100046,100,99923,100,100068,100,99921,100,100074,100,99906,100,100075,100,99902,100
2019-06-28 09:31:32.498838868,100001,332,99958,332,100007,532,99957,332,100008,300,99952,400,100036,100,99943,100,100042,100,99935,100,100045,100,99932,100,100046,100,99923,100,100068,100,99921,100,100074,100,99906,100,100075,100,99902,100
2019-06-28 09:31:36.221367519,100001,332,99958,332,100007,532,99957,332,100008,200,99952,400,100036,100,99943,100,100042,100,99935,100,100045,100,99932,100,100046,100,99923,100,100068,100,99921,100,100074,100,99906,100,100075,100,99902,100
2019-06-28 09:31:36.356838824,100001,332,99958,332,100007,532,99957,332,100008,200,99952,400,100036,100,99943,100,100042,100,99935,100,100045,100,99932,100,100046,100,99923,100,100068,100,99921,100,100074,100,99906,100,100075,100,99902,100
2019-06-28 09:31:40.000000000,100001,216,99958,216,100007,416,99957,216,100008,316,99952,516,100036,216,99943,216,100042,100,99935,100,100045,100,99932,100,100046,100,99923,100,100068,100,99921,100,100074,100,99906,100,100075,100,99902,100
2019-06-28 09:31:50.000000000,100001,564,99958,564,100007,300,99957,100,100008,200,99952,400,100036,100,99943,100,100042,100,99935,100,100045,100,99932,100,100046,100,99923,100,100068,100,99921,100,100074,100,99906,100,100075,100,99902,100
2019-06-28 09:32:00.000000000,100001,193,99958,193,100007,393,99957,193,100008,293,99952,493,100036,193,99943,193,100042,193,99935,193,100045,100,99932,100,100046,100,99923,100,100068,100,99921,100,100074,100,99906,100,100075,100,99902,100
2019-06-28 09:32:08.710717369,100001,193,99958,193,100007,393,99957,193,100008,293,99952,493,100036,93,99943,193,100042,193,99935,193,100045,100,99932,100,100046,100,99923,100,100068,100,99921,100,100074,100,99906,100,100075,100,99902,100
2019-06-28 09:32:10.000000000,100001,193,99958,193,100007,393,99957,193,100008,293,99952,493,100042,193,99943,193,100045,193,99935,193,100046,100,99932,100,100068,100,99923,100,100074,100,99921,100,100075,100,99906,100,100093,100,99902,100
2019-06-28 09:32:20.000000000,100001,193,99958,193,100007,393,99957,193,100008,293,99952,493,100042,193,99943,193,100045,193,99935,193,100046,100,99932,100,100068,100,99923,100,100074,100,99921,100,100075,100,99906,100,100093,100,99902,100
2019-06-28 09:32:21.958610600,100001,193,99958,93,100007,393,99957,193,100008,293,99952,493,100042,193,99943,193,100045,193,99935,193,100046,100,99932,100,100068,100,99923,100,100074,100,99921,100,100075,100,99906,100,100093,100,99902,100
2019-06-28 09:32:30.000000000,100001,564,99957,564,100007,300,99952,400,100008,200,99943,100,100042,100,99935,100,100045,100,99932,100,100046,100,99923,100,100068,100,99921,100,100074,100,99906,100,100075,100,99902,100,100093,100,99899,100
2019-06-28 09:32:40.000000000,100001,193,99957,193,100007,393,99952,493,100008,293,99943,193,100042,193,99935,193,100045,193,99932,193,100046,100,99923,100,100068,100,99921,100,100074,100,99906,100,100075,100,99902,100,100093,100,99899,100
2019-06-28 09:32:41.157443197,100001,193,99957,193,100007,393,99952,493,100008,293,99943,193,100042,193,99935,193,100045,193,99932,193,100046,100,99923,100,100068,100,99921,100,100074,100,99906,100,100075,100,99902,100,100093,100,99899,100
2019-06-28 09:32:44.952348836,100001,193,99957,93,100007,393,99952,493,100008,293,99943,193,100042,193,99935,193,100045,193,99932,193,100046,100,99923,100,100068,100,99921,100,100074,100,99906,100,100075,100,99902,100,100093,100,99899,100
2019-06-28 09:32:50.000000000,100001,332,99952,632,100007,532,99943,332,100008,200,99935,100,100042,100,99932,100,100045,100,99923,100,100046,100,99921,100,100068,100,99906,100,100074,100,99902,100,100075,100,99899,100,100093,100,99898,100
2019-06-28 09:33:00.000000000,100001,193,99952,493,100007,393,99943,193,100008,293,99935,193,100042,193,99932,193,100045,193,99923,193,100046,100,99921,100,100068,100,99906,100,100074,100,99902,100,100075,100,99899,100,100093,100,99898,100
2019-06-28 09:33:10.000000000,100001,193,99952,493,100007,393,99943,193,100008,293,99935,193,100042,193,99932,193,100045,193,99923,193,100046,100,99921,100,100068,100,99906,100,100074,100,99902,100,100075,100,99899,100,100093,100,99898,100
2019-06-28 09:33:20.000000000,100001,564,99952,864,100007,300,99943,100,100008,200,99935,100,100042,100,99932,100,100045,100,99923,100,100046,100,99921,100,100068,100,99906,100,100074,100,99902,100,100075,100,99899,100,100093,100,99898,100
2019-06-28 09:33:30.000000000,100001,193,99952,493,100007,393,99943,193,100008,293,99935,193,100042,193,99932,193,100045,193,99923,193,100046,100,99921,100,100068,100,99906,100,100074,100,99902,100,100075,100,99899,100,100093,100,99898,100
2019-06-28 09:33:40.000000000,100001,332,99952,632,100007,532,99943,332,100008,200,99935,100,100042,100,99932,100,100045,100,99923,100,100046,100,99921,100,100068,100,99906,100,100074,100,99902,100,100075,100,99899,100,100093,100,99898,100
2019-06-28 09:33:50.000000000,100001,216,99952,516,100007,416,99943,216,100008,316,99935,216,100042,216,99932,216,100045,100,99923,100,100046,100,99921,100,100068,100,99906,100,100074,100,99902,100,100075,100,99899,100,100093,100,99898,100
2019-06-28 09:34:00.000000000,100001,258,99952,558,100007,453,99943,253,100008,353,99935,253,100042,100,99932,100,100045,100,99923,100,100046,100,99921,100,100068,100,99906,100,100074,100,99902,100,100075,100,99899,100,100093,100,99898,100
2019-06-28 09:34:02.281886508,100001,258,99952,458,100007,453,99943,253,100008,353,99935,253,100042,100,99932,100,100045,100,99923,100,100046,100,99921,100,100068,100,99906,100,100074,100,99902,100,100075,100,99899,100,100093,100,99898,100
2019-06-28 09:34:10.000000000,100001,332,99952,532,100007,532,99943,332,100008,200,99935,100,100042,100,99932,100,100045,100,99923,100,100046,100,99921,100,100068,100,99906,100,100074,100,99902,100,100075,100,99899,100,100093,100,99898,100
2019-06-28 09:34:20.000000000,100001,216,99952,416,100007,416,99943,216,100008,316,99935,216,100042,216,99932,216,100045,100,99923,100,100046,100,99921,100,100068,100,99906,100,100074,100,99902,100,100075,100,99899,100,100093,100,99898,100
2019-06-28 09:34:30.000000000,100001,193,99952,393,100007,393,99943,193,100008,293,99935,193,100042,193,99932,193,100045,193,99923,193,100046,100,99921,100,100068,100,99906,100,100074,100,99902,100,100075,100,99899,100,100093,100,99898,100
2019-06-28 09:34:40.000000000,100001,216,99952,416,100007,416,99943,216,100008,316,99935,216,100042,216,99932,216,100045,100,99923,100,100046,100,99921,100,100068,100,99906,100,100074,100,99902,100,100075,100,99899,100,100093,100,99898,100
2019-06-28 09:34:46.558652020,100001,216,99952,316,100007,416,99943,216,100008,316,99935,216,100042,216,99932,216,100045,100,99923,100,100046,100,99921,100,100068,100,99906,100,100074,100,99902,100,100075,100,99899,100,100093,100,99898,100
2019-06-28 09:34:50.000000000,100001,258,99952,358,100007,453,99943,253,100008,353,99935,253,100042,100,99932,100,100045,100,99923,100,100046,100,99921,100,100068,100,99906,100,100074,100,99902,100,100075,100,99899,100,100093,100,99898,100
2019-06-28 09:35:00.000000000,100001,258,99952,358,100007,453,99943,253,100008,353,99935,253,100042,100,99932,100,100045,100,99923,100,100046,100,99921,100,100068,100,99906,100,100074,100,99902,100,100075,100,99899,100,100093,100,99898,100
2019-06-28 09:35:01.453083376,100001,258,99952,358,100007,453,99943,253,100008,353,99935,253,100042,100,99932,100,100045,100,99923,100,100046,100,99921,100,100068,100,99906,100,100074,100,99902,100,100075,100,99899,100,100093,100,99898,100
2019-06-28 09:35:03.338284675,100001,258,99952,258,100007,453,99943,253,100008,353,99935,253,100042,100,99932,100,100045,100,99923,100,100046,100,99921,100,100068,100,99906,100,100074,100,99902,100,100075,100,99899,100,100093,100,99898,100
2019-06-28 09:35:10.000000000,100001,332,99952,332,100007,532,99943,332,100008,200,99935,100,100042,100,99932,100,100045,100,99923,100,100046,100,99921,100,100068,100,99906,100,100074,100,99902,100,100075,100,99899,100,100093,100,99898,100
2019-06-28 09:35:20.000000000,100001,193,99952,193,100007,393,99943,193,100008,293,99935,193,100042,193,99932,193,100045,193,99923,193,100046,100,99921,100,100068,100,99906,100,100074,100,99902,100,100075,100,99899,100,100093,100,99898,100
2019-06-28 09:35:22.439808069,100001,193,99952,193,100007,393,99943,193,100008,293,99935,193,100042,193,99932,193,100045,193,99923,193,100046,100,99921,100,100068,100,99906,100,100074,100,99902,100,100075,100,99899,100,100093,100,99898,100
2019-06-28 09:35:30.000000000,100001,332,99952,332,100007,532,99943,332,100008,200,99935,100,100042,100,99932,100,100045,100,99923,100,100046,100,99921,100,100068,100,99906,100,100074,100,99902,100,100075,100,99899,100,100093,100,99898,100
2019-06-28 09:35:33.453501021,100001,332,99952,232,100007,532,99943,332,100008,200,99935,100,100042,100,99932,100,100045,100,99923,100,100046,100,99921,100,100068,100,99906,100,100074,100,99902,100,100075,100,99899,100,100093,100,99898,100
2019-06-28 09:35:36.840850116,100001,332,99952,132,100007,532,99943,332,100008,200,99935,100,100042,100,99932,100,100045,100,99923,100,100046,100,99921,100,100068,100,99906,100,100074,100,99902,100,100075,100,99899,100,100093,100,99898,100
2019-06-28 09:35:40.000000000,100001,216,99943,216,100007,416,99935,216,100008,316,99932,216,100042,216,99923,216,100045,100,99921,100,100046,100,99906,100,100068,100,99902,100,100074,100,99899,100,100075,100,99898,100,100093,100,99879,100
2019-06-28 09:35:50.000000000,100001,216,99943,216,100007,416,99935,216,100008,316,99932,216,100042,216,99923,216,100045,100,99921,100,100046,100,99906,100,100068,100,99902,100,100074,100,99899,100,100075,100,99898,100,100093,100,99879,100
2019-06-28 09:36:00.000000000,100001,332,99943,332,100007,532,99935,332,100008,200,99932,100,100042,100,99923,100,100045,100,99921,100,100046,100,99906,100,100068,100,99902,100,100074,100,99899,100,100075,100,99898,100,100093,100,99879,100
2019-06-28 09:36:06.569397120,100001,332,99943,332,100007,532,99935,332,100008,200,99932,100,100042,100,99923,100,100045,100,99921,100,100046,100,99906,100,100068,100,99902,100,100074,100,99899,100,100075,100,99898,100,100093,100,99879,100
2019-06-28 09:36:10.000000000,100001,332,99943,332,100007,532,99935,332,100008,200,99932,100,100042,100,99923,100,100045,100,99921,100,100046,100,99906,100,100068,100,99902,100,100074,100,99899,100,100075,100,99898,100,100093,100,99879,100
2019-06-28 09:36:20.000000000,100001,216,99943,216,100007,416,99935,216,100008,316,99932,216,100042,216,99923,216,100045,100,99921,100,100046,100,99906,100,100068,100,99902,100,100074,100,99899,100,100075,100,99898,100,100093,100,99879,100
2019-06-28 09:36:29.052786194,99952,100,99943,216,100001,216,99935,216,100007,416,99932,216,100008,316,99923,216,100042,216,99921,100,100045,100,99906,100,100046,100,99902,100,100068,100,99899,100,100074,100,99898,100,100075,100,99879,100
2019-06-28 09:36:30.000000000,99952,564,99943,564,100001,100,99935,100,100007,300,99932,100,100008,200,99923,100,100042,100,99921,100,100045,100,99906,100,100046,100,99902,100,100068,100,99899,100,100074,100,99898,100,100075,100,99879,100
2019-06-28 09:36:35.190008944,99952,564,99943,564,100001,100,99935,100,100007,300,99932,100,100008,200,99923,100,100042,100,99921,100,100045,100,99906,100,100046,100,99902,100,100068,100,99899,100,100074,100,99898,100,100075,100,99879,100
2019-06-28 09:36:40.000000000,99952,216,99943,216,100001,216,99935,216,100007,416,99932,216,100008,316,99923,216,100042,100,99921,100,100045,100,99906,100,100046,100,99902,100,100068,100,99899,100,100074,100,99898,100,100075,100,99879,100
2019-06-28 09:36:50.000000000,99952,564,99943,564,100001,100,99935,100,100007,300,99932,100,100008,200,99923,100,100042,100,99921,100,100045,100,99906,100,100046,100,99902,100,100068,100,99899,100,100074,100,99898,100,100075,100,99879,100
2019-06-28 09:36:59.646498415,99952,564,99943,564,100001,100,99935,100,100007,300,99932,100,100008,200,99923,100,100042,100,99921,100,100045,100,99906,100,100046,100,99902,100,100074,100,99899,100,100075,100,99898,100,100093,100,99879,100
2019-06-28 09:37:00.000000000,99952,564,99943,564,100001,100,99935,100,100007,300,99932,100,100008,200,99923,100,100042,100,99921,100,100045,100,99906,100,100046,100,99902,100,100074,100,99899,100,100075,100,99898,100,100093,100,99879,100
2019-06-28 09:37:10.000000000,99952,216,99943,216,100001,216,99935,216,100007,416,99932,216,100008,316,99923,216,100042,100,99921,100,100045,100,99906,100,100046,100,99902,100,100074,100,99899,100,100075,100,99898,100,100093,100,99879,100
2019-06-28 09:37:20.000000000,99952,332,99943,332,100001,332,99935,332,100007,300,99932,100,100008,200,99923,100,100042,100,99921,100,100045,100,99906,100,100046,100,99902,100,100074,100,99899,100,100075,100,99898,100,100093,100,99879,100
2019-06-28 09:37:23.162186320,99952,432,99943,332,100001,332,99935,332,100007,300,99932,100,100008,200,99923,100,100042,100,99921,100,100045,100,99906,100,100046,100,99902,100,100074,100,99899,100,100075,100,99898,100,100093,100,99879,100
2019-06-28 09:37:30.000000000,99952,316,99943,216,100001,216,99935,216,100007,416,99932,216,100008,316,99923,216,100042,100,99921,100,100045,100,99906,100,100046,100,99902,100,100074,100,99899,100,100075,100,99898,100,100093,100,99879,100
2019-06-28 09:37:35.450924666,99952,316,99943,216,100001,216,99935,216,100007,416,99932,216,100008,316,99923,216,100042,100,99921,100,100045,100,99906,100,100074,100,99902,100,100075,100,99899,100,100093,100,99898,100,100098,100,99879,100
2019-06-28 09:37:40.000000000,99952,432,99943,332,100001,332,99935,332,100007,300,99932,100,100008,200,99923,100,100042,100,99921,100,100045,100,99906,100,100074,100,99902,100,100075,100,99899,100,100093,100,99898,100,100098,100,99879,100
2019-06-28 09:37:45.803710362,99952,432,99943,332,100001,332,99935,332,100007,300,99932,100,100008,200,99923,100,100042,100,99921,100,100045,100,99906,100,100074,100,99902,100,100075,100,99899,100,100093,100,99898,100,100098,100,99879,100
2019-06-28 09:37:49.223250767,99952,532,99943,332,100001,332,99935,332,100007,200,99932,100,100008,200,99923,100,100042,100,99921,100,100045,100,99906,100,100074,100,99902,100,100075,100,99899,100,100093,100,99898,100,100098,100,99879,100
2019-06-28 09:37:50.000000000,99952,416,99943,216,100001,216,99935,216,100007,316,99932,216,100008,316,99923,216,100042,100,99921,100,100045,100,99906,100,100074,100,99902,100,100075,100,99899,100,100093,100,99898,100,100098,100,99879,100
2019-06-28 09:37:50.077912084,99952,416,99943,216,100001,216,99935,216,100007,316,99932,216,100008,216,99923,216,100042,100,99921,100,100045,100,99906,100,100074,100,99902,100,100075,100,99899,100,100093,100,99898,100,100098,100,99879,100
2019-06-28 09:38:00.000000000,99952,532,99943,332,100001,332,99935,332,100007,200,99932,100,100008,100,99923,100,100042,100,99921,100,100045,100,99906,100,100074,100,99902,100,100075,100,99899,100,100093,100,99898,100,100098,100,99879,100
2019-06-28 09:38:08.253953281,99952,532,99943,232,100001,332,99935,332,100007,200,99932,100,100008,100,99923,100,100042,100,99921,100,100045,100,99906,100,100074,100,99902,100,100075,100,99899,100,100093,100,99898,100,100098,100,99879,100
2019-06-28 09:38:10.000000000,99952,416,99935,216,100001,216,99932,216,100007,316,99923,216,100008,216,99921,216,100042,100,99906,100,100045,100,99902,100,100074,100,99899,100,100075,100,99898,100,100093,100,99879,100,100098,100,99868,100
2019-06-28 09:38:20.000000000,99952,393,99935,193,100001,193,99932,193,100007,293,99923,193,100008,193,99921,193,100042,193,99906,193,100045,100,99902,100,100074,100,99899,100,100075,100,99898,100,100093,100,99879,100,100098,100,99868,100
2019-06-28 09:38:30.000000000,99952,416,99935,216,100001,216,99932,216,100007,316,99923,216,100008,216,99921,216,100042,100,99906,100,100045,100,99902,100,100074,100,99899,100,100075,100,99898,100,100093,100,99879,100,100098,100,99868,100
2019-06-28 09:38:40.000000000,99952,458,99935,258,100001,253,99932,253,100007,353,99923,253,100008,100,99921,100,100042,100,99906,100,100045,100,99902,100,100074,100,99899,100,100075,100,99898,100,100093,100,99879,100,100098,100,99868,100
2019-06-28 09:38:44.252707727,99952,458,99935,258,100001,253,99932,253,100007,353,99923,253,100008,100,99921,100,100042,100,99906,100,100045,100,99902,100,100074,100,99899,100,100075,100,99898,100,100093,100,99879,100,100098,100,99868,100
2019-06-28 09:38:48.144767739,99952,458,99935,158,100001,253,99932,253,100007,353,99923,253,100008,100,99921,100,100042,100,99906,100,100045,100,99902,100,100074,100,99899,100,100075,100,99879,100,100093,100,99868,100,100098,100,99867,100
2019-06-28 09:38:50.000000000,99952,393,99932,193,100001,193,99923,193,100007,293,99921,193,100008,193,99906,193,100042,193,99902,193,100045,100,99899,100,100074,100,99879,100,100075,100,99868,100,100093,100,99867,100,100098,100,99805,100
2019-06-28 09:39:00.000000000,99952,458,99932,258,100001,253,99923,253,100007,353,99921,253,100008,100,99906,100,100042,100,99902,100,100045,100,99899,100,100074,100,99879,100,100075,100,99868,100,100093,100,99867,100,100098,100,99805,100
2019-06-28 09:39:10.000000000,99952,458,99932,258,100001,253,99923,253,100007,353,99921,253,100008,100,99906,100,100042,100,99902,100,100045,100,99899,100,100074,100,99879,100,100075,100,99868,100,100093,100,99867,100,100098,100,99805,100
2019-06-28 09:39:18.866382080,99952,458,99932,158,100001,253,99923,253,100007,353,99921,253,100008,100,99906,100,100042,100,99902,100,100045,100,99899,100,100074,100,99879,100,100075,100,99868,100,100093,100,99867,100,100098,100,99805,100
2019-06-28 09:39:20.000000000,99952,532,99923,332,100001,332,99921,332,100007,200,99906,100,100008,100,99902,100,100042,100,99899,100,100045,100,99879,100,100074,100,99868,100,100075,100,99867,100,100093,100,99805,100,100098,100,99782,100
2019-06-28 09:39:30.000000000,99952,393,99923,193,100001,193,99921,193,100007,293,99906,193,100008,193,99902,193,100042,193,99899,193,100045,100,99879,100,100074,100,99868,100,100075,100,99867,100,100093,100,99805,100,100098,100,99782,100
2019-06-28 09:39:30.937600429,99952,393,99923,193,100001,193,99921,193,100007,293,99906,193,100008,193,99902,193,100042,193,99899,193,100045,100,99879,100,100074,100,99868,100,100075,100,99867,100,100093,100,99805,100,100098,100,99782,100
2019-06-28 09:39:30.965246589,99952,393,99923,93,100001,193,99921,193,100007,293,99906,193,100008,193,99902,193,100042,193,99899,193,100045,100,99879,100,100074,100,99868,100,100075,100,99867,100,100093,100,99805,100,100098,100,99782,100
2019-06-28 09:39:40.000000000,99952,393,99921,193,100001,193,99906,193,100007,293,99902,193,100008,193,99899,193,100042,193,99879,193,100045,100,99868,100,100074,100,99867,100,100075,100,99805,100,100093,100,99782,100,100098,100,99596,100
2019-06-28 09:39:50.000000000,99952,393,99921,193,100001,193,99906,193,100007,293,99902,193,100008,193,99899,193,100042,193,99879,193,100045,100,99868,100,100074,100,99867,100,100075,100,99805,100,100093,100,99782,100,100098,100,99596,100
2019-06-28 09:40:00.000000000,99952,764,99921,564,100001,100,99906,100,100007,200,99902,100,100008,100,99899,100,100042,100,99879,100,100045,100,99868,100,100074,100,99867,100,100075,100,99805,100,100093,100,99782,100,100098,100,99596,100
2019-06-28 09:40:10.000000000,99952,764,99921,564,100001,100,99906,100,100007,200,99902,100,100008,100,99899,100,100042,100,99879,100,100045,100,99868,100,100074,100,99867,100,100075,100,99805,100,100093,100,99782,100,100098,100,99596,100
2019-06-28 09:40:20.000000000,99952,393,99921,193,100001,193,99906,193,100007,293,99902,193,100008,193,99899,193,100042,193,99879,193,100045,100,99868,100,100074,100,99867,100,100075,100,99805,100,100093,100,99782,100,100098,100,99596,100
2019-06-28 09:40:30.000000000,99952,393,99921,193,100001,193,99906,193,100007,293,99902,193,100008,193,99899,193,100042,193,99879,193,100045,100,99868,100,100074,100,99867,100,100075,100,99805,100,100093,100,99782,100,100098,100,99596,100
2019-06-28 09:40:35.076808342,99952,393,99921,193,100001,193,99906,193,100007,293,99902,193,100008,193,99899,193,100042,193,99879,193,100045,100,99868,100,100074,100,99867,100,100075,100,99844,100,100093,100,99805,100,100098,100,99782,100
2019-06-28 09:40:40.000000000,99952,393,99921,193,100001,193,99906,193,100007,293,99902,193,100008,193,99899,193,100042,193,99879,193,100045,100,99868,100,100074,100,99867,100,100075,100,99844,100,100093,100,99805,100,100098,100,99782,100
2019-06-28 09:40:50.000000000,99952,416,99921,216,100001,216,99906,216,100007,316,99902,216,100008,216,99899,216,100042,100,99879,100,100045,100,99868,100,100074,100,99867,100,100075,100,99844,100,100093,100,99805,100,100098,100,99782,100
2019-06-28 09:40:57.857865764,99952,416,99921,216,100001,216,99906,216,100007,316,99902,216,100008,216,99899,216,100042,100,99879,100,100045,100,99868,100,100074,100,99867,100,100075,100,99844,100,100093,100,99805,100,100098,100,99782,100
2019-06-28 09:40:59.203106719,99932,100,99921,216,99952,416,99906,216,100001,216,99902,216,100007,316,99899,216,100008,216,99879,100,100042,100,99868,100,100045,100,99867,100,100074,100,99844,100,100075,100,99805,100,100093,100,99782,100
2019-06-28 09:41:00.000000000,99932,193,99921,193,99952,393,99906,193,100001,193,99902,193,100007,293,99899,193,100008,193,99879,193,100042,100,99868,100,100045,100,99867,100,100074,100,99844,100,100075,100,99805,100,100093,100,99782,100
2019-06-28 09:41:09.175636142,99932,193,99921,93,99952,393,99906,193,100001,193,99902,193,100007,293,99899,193,100008,193,99879,193,100042,100,99868,100,100045,100,99867,100,100074,100,99844,100,100075,100,99805,100,100093,100,99782,100
2019-06-28 09:41:10.000000000,99932,216,99906,216,99952,416,99902,216,100001,216,99899,216,100007,316,99879,216,100008,100,99868,100,100042,100,99867,100,100045,100,99844,100,100074,100,99805,100,100075,100,99782,100,100093,100,99596,100
2019-06-28 09:41:13.633245638,99923,100,99906,216,99932,216,99902,216,99952,416,99899,216,100001,216,99879,216,100007,316,99868,100,100008,100,99867,100,100042,100,99844,100,100045,100,99805,100,100074,100,99782,100,100075,100,99596,100
2019-06-28 09:41:17.063597574,99923,100,99906,216,99932,216,99902,216,99952,416,99899,216,100001,216,99879,216,100007,316,99868,100,100008,100,99867,100,100042,100,99844,100,100045,100,99805,100,100074,100,99782,100,100075,100,99663,100
2019-06-28 09:41:20.000000000,99923,258,99906,258,99932,253,99902,253,99952,453,99899,253,100001,100,99879,100,100007,200,99868,100,100008,100,99867,100,100042,100,99844,100,100045,100,99805,100,100074,100,99782,100,100075,100,99663,100
2019-06-28 09:41:30.000000000,99923,193,99906,193,99932,193,99902,193,99952,393,99899,193,100001,193,99879,193,100007,293,99868,193,100008,100,99867,100,100042,100,99844,100,100045,100,99805,100,100074,100,99782,100,100075,100,99663,100
2019-06-28 09:41:38.229309029,99923,193,99906,193,99932,193,99902,193,99952,393,99899,193,100001,193,99879,193,100007,293,99868,193,100008,100,99867,100,100042,100,99844,100,100045,100,99805,100,100074,100,99663,100,100075,100,99600,100
2019-06-28 09:41:40.000000000,99923,564,99906,564,99932,100,99902,100,99952,300,99899,100,100001,100,99879,100,100007,200,99868,100,100008,100,99867,100,100042,100,99844,100,100045,100,99805,100,100074,100,99663,100,100075,100,99600,100
2019-06-28 09:41:50.000000000,99923,564,99906,564,99932,100,99902,100,99952,300,99899,100,100001,100,99879,100,100007,200,99868,100,100008,100,99867,100,100042,100,99844,100,100045,100,99805,100,100074,100,99663,100,100075,100,99600,100
2019-06-28 09:42:00.000000000,99923,216,99906,216,99932,216,99902,216,99952,416,99899,216,100001,216,99879,216,100007,200,99868,100,100008,100,99867,100,100042,100,99844,100,100045,100,99805,100,100074,100,99663,100,100075,100,99600,100
2019-06-28 09:42:06.704859961,99923,316,99906,216,99932,216,99902,216,99952,416,99899,216,100001,216,99879,216,100007,200,99868,100,100008,100,99867,100,100042,100,99844,100,100045,100,99805,100,100074,100,99663,100,100075,100,99600,100
2019-06-28 09:42:07.149889850,99923,316,99906,216,99932,216,99902,216,99952,416,99899,216,100001,216,99879,216,100007,200,99867,100,100008,100,99844,100,100042,100,99805,100,100045,100,99697,100,100074,100,99663,100,100075,100,99600,100
2019-06-28 09:42:10.000000000,99923,358,99906,258,99932,253,99902,253,99952,453,99899,253,100001,100,99879,100,100007,200,99867,100,100008,100,99844,100,100042,100,99805,100,100045,100,99697,100,100074,100,99663,100,100075,100,99600,100
2019-06-28 09:42:20.000000000,99923,664,99906,564,99932,100,99902,100,99952,300,99899,100,100001,100,99879,100,100007,200,99867,100,100008,100,99844,100,100042,100,99805,100,100045,100,99697,100,100074,100,99663,100,100075,100,99600,100
2019-06-28 09:42:24.693982395,99923,664,99906,564,99932,100,99902,100,99952,200,99899,100,100001,100,99879,100,100007,200,99867,100,100008,100,99844,100,100042,100,99805,100,100045,100,99697,100,100074,100,99663,100,100075,100,99600,100
2019-06-28 09:42:27.173786484,99923,664,99906,564,99932,100,99902,100,99952,200,99899,100,100001,100,99879,100,100007,200,99867,100,100008,100,99844,100,100040,100,99805,100,100042,100,99697,100,100045,100,99663,100,100074,100,99600,100
2019-06-28 09:42:30.000000000,99923,664,99906,564,99932,100,99902,100,99952,200,99899,100,100001,100,99879,100,100007,200,99867,100,100008,100,99844,100,100040,100,99805,100,100042,100,99697,100,100045,100,99663,100,100074,100,99600,100
2019-06-28 09:42:40.000000000,99923,432,99906,332,99932,332,99902,332,99952,200,99899,100,100001,100,99879,100,100007,200,99867,100,100008,100,99844,100,100040,100,99805,100,100042,100,99697,100,100045,100,99663,100,100074,100,99600,100
2019-06-28 09:42:41.527711079,99923,432,99906,332,99932,332,99902,332,99952,200,99899,100,100001,100,99879,100,100007,200,99867,100,100008,100,99844,100,100040,100,99805,100,100042,100,99697,100,100045,100,99663,100,100074,100,99600,100
2019-06-28 09:42:45.657066499,99923,332,99906,332,99932,332,99902,332,99952,200,99899,100,100001,100,99879,100,100007,200,99867,100,100008,100,99844,100,100040,100,99805,100,100045,100,99697,100,100074,100,99663,100,100075,100,99600,100
2019-06-28 09:42:46.018567314,99923,332,99922,100,99932,332,99906,332,99952,200,99902,332,100001,100,99899,100,100007,200,99879,100,100008,100,99867,100,100040,100,99844,100,100045,100,99805,100,100074,100,99697,100,100075,100,99663,100
2019-06-28 09:42:50.000000000,99923,564,99922,564,99932,100,99906,100,99952,200,99902,100,100001,100,99899,100,100007,200,99879,100,100008,100,99867,100,100040,100,99844,100,100045,100,99805,100,100074,100,99697,100,100075,100,99663,100
2019-06-28 09:42:53.521147078,99923,564,99922,664,99932,100,99906,100,99952,200,99902,100,100001,100,99899,100,100007,100,99879,100,100008,100,99867,100,100040,100,99844,100,100045,100,99805,100,100074,100,99697,100,100075,100,99663,100
2019-06-28 09:42:55.703854898,99923,464,99922,664,99932,100,99906,100,99952,200,99902,100,100001,100,99899,100,100007,100,99879,100,100008,100,99867,100,100040,100,99844,100,100045,100,99805,100,100074,100,99697,100,100075,100,99663,100
2019-06-28 09:42:56.130866723,99923,364,99922,664,99932,100,99906,100,99952,200,99902,100,100001,100,99899,100,100007,100,99879,100,100008,100,99867,100,100040,100,99844,100,100045,100,99805,100,100074,100,99697,100,100075,100,99663,100
2019-06-28 09:43:00.000000000,99932,564,99922,664,99952,200,99906,100,100001,100,99902,100,100007,100,99899,100,100008,100,99879,100,100040,100,99867,100,100045,100,99844,100,100074,100,99805,100,100075,100,99697,100,100093,100,99663,100
2019-06-28 09:43:05.718135018,99932,464,99922,664,99952,200,99906,100,100001,100,99902,100,100007,100,99899,100,100008,100,99879,100,100040,100,99867,100,100045,100,99844,100,100074,100,99805,100,100075,100,99697,100,100093,100,99663,100
2019-06-28 09:43:10.000000000,99952,316,99922,316,100001,216,99906,216,100007,216,99902,216,100008,216,99899,216,100040,100,99879,100,100045,100,99867,100,100074,100,99844,100,100075,100,99805,100,100093,100,99697,100,100098,100,99663,100
2019-06-28 09:43:20.000000000,99952,293,99922,293,100001,193,99906,193,100007,193,99902,193,100008,193,99899,193,100040,193,99879,193,100045,100,99867,100,100074,100,99844,100,100075,100,99805,100,100093,100,99697,100,100098,100,99663,100
2019-06-28 09:43:30.000000000,99952,432,99922,432,100001,332,99906,332,100007,100,99902,100,100008,100,99899,100,100040,100,99879,100,100045,100,99867,100,100074,100,99844,100,100075,100,99805,100,100093,100,99697,100,100098,100,99663,100
2019-06-28 09:43:32.455221757,99952,332,99922,432,100001,332,99906,332,100007,100,99902,100,100008,100,99899,100,100040,100,99879,100,100045,100,99867,100,100074,100,99844,100,100075,100,99805,100,100093,100,99697,100,100098,100,99663,100
2019-06-28 09:43:40.000000000,99952,216,99922,316,100001,216,99906,216,100007,216,99902,216,100008,216,99899,216,100040,100,99879,100,100045,100,99867,100,100074,100,99844,100,100075,100,99805,100,100093,100,99697,100,100098,100,99663,100
2019-06-28 09:43:50.000000000,99952,564,99922,664,100001,100,99906,100,100007,100,99902,100,100008,100,99899,100,100040,100,99879,100,100045,100,99867,100,100074,100,99844,100,100075,100,99805,100,100093,100,99697,100,100098,100,99663,100
2019-06-28 09:44:00.000000000,99952,332,99922,432,100001,332,99906,332,100007,100,99902,100,100008,100,99899,100,100040,100,99879,100,100045,100,99867,100,100074,100,99844,100,100075,100,99805,100,100093,100,99697,100,100098,100,99663,100
2019-06-28 09:44:06.871330715,99952,332,99922,432,100001,332,99906,332,100007,100,99902,100,100008,100,99899,100,100040,100,99879,100,100045,100,99878,100,100074,100,99867,100,100075,100,99844,100,100093,100,99805,100,100098,100,99697,100
2019-06-28 09:44:07.085632513,99931,100,99922,432,99952,332,99906,332,100001,332,99902,100,100007,100,99899,100,100008,100,99879,100,100040,100,99878,100,100045,100,99867,100,100074,100,99844,100,100075,100,99805,100,100093,100,99697,100
2019-06-28 09:44:09.588812258,99931,100,99922,432,99952,332,99906,332,100001,332,99902,200,100007,100,99899,100,100008,100,99879,100,100040,100,99878,100,100045,100,99867,100,100074,100,99844,100,100075,100,99805,100,100093,100,99697,100
2019-06-28 09:44:10.000000000,99931,216,99922,316,99952,216,99906,216,100001,216,99902,316,100007,216,99899,216,100008,100,99879,100,100040,100,99878,100,100045,100,99867,100,100074,100,99844,100,100075,100,99805,100,100093,100,99697,100
2019-06-28 09:44:11.099084264,99931,216,99922,316,99952,216,99906,216,100001,216,99902,316,100007,216,99899,216,100008,100,99879,100,100040,100,99878,100,100045,100,99867,100,100074,100,99852,100,100075,100,99844,100,100093,100,99805,100
2019-06-28 09:44:14.432318729,99931,216,99922,216,99952,216,99906,216,100001,216,99902,316,100007,216,99899,216,100008,100,99879,100,100040,100,99878,100,100045,100,99867,100,100074,100,99852,100,100075,100,99844,100,100093,100,99805,100
2019-06-28 09:44:20.000000000,99931,564,99922,564,99952,100,99906,100,100001,100,99902,200,100007,100,99899,100,100008,100,99879,100,100040,100,99878,100,100045,100,99867,100,100074,100,99852,100,100075,100,99844,100,100093,100,99805,100
2019-06-28 09:44:30.000000000,99931,564,99922,564,99952,100,99906,100,100001,100,99902,200,100007,100,99899,100,100008,100,99879,100,100040,100,99878,100,100045,100,99867,100,100074,100,99852,100,100075,100,99844,100,100093,100,99805,100
2019-06-28 09:44:34.950406822,99931,564,99922,564,99952,100,99906,100,99974,100,99902,200,100001,100,99899,100,100007,100,99879,100,100008,100,99878,100,100040,100,99867,100,100045,100,99852,100,100074,100,99844,100,100075,100,99805,100
2019-06-28 09:44:40.000000000,99931,258,99922,258,99952,253,99906,253,99974,253,99902,353,100001,100,99899,100,100007,100,99879,100,100008,100,99878,100,100040,100,99867,100,100045,100,99852,100,100074,100,99844,100,100075,100,99805,100
2019-06-28 09:44:50.000000000,99931,332,99922,332,99952,332,99906,332,99974,100,99902,200,100001,100,99899,100,100007,100,99879,100,100008,100,99878,100,100040,100,99867,100,100045,100,99852,100,100074,100,99844,100,100075,100,99805,100
2019-06-28 09:45:00.000000000,99931,564,99922,564,99952,100,99906,100,99974,100,99902,200,100001,100,99899,100,100007,100,99879,100,100008,100,99878,100,100040,100,99867,100,100045,100,99852,100,100074,100,99844,100,100075,100,99805,100
2019-06-28 09:45:01.039927872,99931,564,99923,100,99952,100,99922,564,99974,100,99906,100,100001,100,99902,200,100007,100,99899,100,100008,100,99879,100,100040,100,99878,100,100045,100,99867,100,100074,100,99852,100,100075,100,99844,100
2019-06-28 09:45:10.000000000,99931,564,99923,564,99952,100,99922,100,99974,100,99906,100,100001,100,99902,200,100007,100,99899,100,100008,100,99879,100,100040,100,99878,100,100045,100,99867,100,100074,100,99852,100,100075,100,99844,100
2019-06-28 09:45:20.000000000,99931,258,99923,258,99952,253,99922,253,99974,253,99906,253,100001,100,99902,200,100007,100,99899,100,100008,100,99879,100,100040,100,99878,100,100045,100,99867,100,100074,100,99852,100,100075,100,99844,100
2019-06-28 09:45:30.000000000,99931,216,99923,216,99952,216,99922,216,99974,216,99906,216,100001,216,99902,316,100007,100,99899,100,100008,100,99879,100,100040,100,99878,100,100045,100,99867,100,100074,100,99852,100,100075,100,99844,100
2019-06-28 09:45:40.000000000,99931,216,99923,216,99952,216,99922,216,99974,216,99906,216,100001,216,99902,316,100007,100,99899,100,100008,100,99879,100,100040,100,99878,100,100045,100,99867,100,100074,100,99852,100,100075,100,99844,100
2019-06-28 09:45:44.794841824,99931,216,99923,116,99952,216,99922,216,99974,216,99906,216,100001,216,99902,316,100007,100,99899,100,100008,100,99879,100,100040,100,99878,100,100045,100,99852,100,100074,100,99844,100,100075,100,99805,100
2019-06-28 09:45:50.000000000,99931,258,99922,258,99952,253,99906,253,99974,253,99902,353,100001,100,99899,100,100007,100,99879,100,100008,100,99878,100,100040,100,99852,100,100045,100,99844,100,100074,100,99805,100,100075,100,99697,100
2019-06-28 09:45:58.431695105,99931,258,99922,158,99952,253,99906,253,99974,253,99902,353,100001,100,99899,100,100007,100,99879,100,100008,100,99878,100,100040,100,99852,100,100045,100,99844,100,100074,100,99805,100,100075,100,99697,100
2019-06-28 09:46:00.000000000,99931,258,99906,258,99952,253,99902,353,99974,253,99899,253,100001,100,99879,100,100007,100,99878,100,100008,100,99852,100,100040,100,99844,100,100045,100,99805,100,100074,100,99697,100,100075,100,99663,100
2019-06-28 09:46:00.170552981,99923,100,99906,258,99931,258,99902,353,99952,253,99899,253,99974,253,99879,100,100001,100,99878,100,100008,100,99852,100,100040,100,99844,100,100045,100,99805,100,100074,100,99697,100,100075,100,99663,100
2019-06-28 09:46:05.076221669,99923,100,99906,258,99931,258,99902,353,99952,253,99899,253,99974,253,99879,100,100001,100,99878,100,100008,100,99852,100,100040,100,99844,100,100045,100,99805,100,100074,100,99697,100,100075,100,99663,100
2019-06-28 09:46:10.000000000,99923,332,99906,332,99931,332,99902,432,99952,100,99899,100,99974,100,99879,100,100001,100,99878,100,100008,100,99852,100,100040,100,99844,100,100045,100,99805,100,100074,100,99697,100,100075,100,99663,100
2019-06-28 09:46:20.000000000,99923,332,99906,332,99931,332,99902,432,99952,100,99899,100,99974,100,99879,100,100001,100,99878,100,100008,100,99852,100,100040,100,99844,100,100045,100,99805,100,100074,100,99697,100,100075,100,99663,100
2019-06-28 09:46:20.819235865,99923,432,99906,332,99931,332,99902,432,99952,100,99899,100,99974,100,99879,100,100001,100,99878,100,100008,100,99852,100,100040,100,99844,100,100045,100,99805,100,100074,100,99697,100,100075,100,99663,100
2019-06-28 09:46:24.671079684,99923,432,99906,232,99931,332,99902,432,99952,100,99899,100,99974,100,99879,100,100001,100,99878,100,100008,100,99852,100,100040,100,99844,100,100045,100,99805,100,100074,100,99697,100,100075,100,99663,100
2019-06-28 09:46:30.000000000,99923,293,99902,293,99931,193,99899,193,99952,193,99879,193,99974,193,99878,193,100001,193,99852,193,100008,100,99844,100,100040,100,99805,100,100045,100,99697,100,100074,100,99663,100,100075,100,99597,100
2019-06-28 09:46:40.000000000,99923,432,99902,432,99931,332,99899,332,99952,100,99879,100,99974,100,99878,100,100001,100,99852,100,100008,100,99844,100,100040,100,99805,100,100045,100,99697,100,100074,100,99663,100,100075,100,99597,100
2019-06-28 09:46:50.000000000,99923,432,99902,432,99931,332,99899,332,99952,100,99879,100,99974,100,99878,100,100001,100,99852,100,100008,100,99844,100,100040,100,99805,100,100045,100,99697,100,100074,100,99663,100,100075,100,99597,100
2019-06-28 09:47:00.000000000,99923,664,99902,664,99931,100,99899,100,99952,100,99879,100,99974,100,99878,100,100001,100,99852,100,100008,100,99844,100,100040,100,99805,100,100045,100,99697,100,100074,100,99663,100,100075,100,99597,100
2019-06-28 09:47:10.000000000,99923,316,99902,316,99931,216,99899,216,99952,216,99879,216,99974,216,99878,216,100001,100,99852,100,100008,100,99844,100,100040,100,99805,100,100045,100,99697,100,100074,100,99663,100,100075,100,99597,100
2019-06-28 09:47:20.000000000,99923,664,99902,664,99931,100,99899,100,99952,100,99879,100,99974,100,99878,100,100001,100,99852,100,100008,100,99844,100,100040,100,99805,100,100045,100,99697,100,100074,100,99663,100,100075,100,99597,100
2019-06-28 09:47:30.000000000,99923,358,99902,358,99931,253,99899,253,99952,253,99879,253,99974,100,99878,100,100001,100,99852,100,100008,100,99844,100,100040,100,99805,100,100045,100,99697,100,100074,100,99663,100,100075,100,99597,100
2019-06-28 09:47:40.000000000,99923,358,99902,358,99931,253,99899,253,99952,253,99879,253,99974,100,99878,100,100001,100,99852,100,100008,100,99844,100,100040,100,99805,100,100045,100,99697,100,100074,100,99663,100,100075,100,99597,100
2019-06-28 09:47:43.426146563,99923,358,99902,258,99931,253,99899,253,99952,253,99879,253,99974,100,99878,100,100001,100,99852,100,100008,100,99844,100,100040,100,99805,100,100045,100,99663,100,100074,100,99597,100,100075,100,99455,100
2019-06-28 09:47:50.000000000,99923,293,99902,193,99931,193,99899,193,99952,193,99879,193,99974,193,99878,193,100001,193,99852,193,100008,100,99844,100,100040,100,99805,100,100045,100,99663,100,100074,100,99597,100,100075,100,99455,100
2019-06-28 09:48:00.000000000,99923,358,99902,258,99931,253,99899,253,99952,253,99879,253,99974,100,99878,100,100001,100,99852,100,100008,100,99844,100,100040,100,99805,100,100045,100,99663,100,100074,100,99597,100,100075,100,99455,100
2019-06-28 09:48:01.011773514,99923,358,99902,258,99931,253,99899,253,99952,253,99879,253,99974,100,99878,100,100001,100,99852,100,100008,100,99844,100,100040,100,99805,100,100045,100,99663,100,100074,100,99597,100,100075,100,99455,100
2019-06-28 09:48:10.000000000,99923,316,99902,216,99931,216,99899,216,99952,216,99879,216,99974,216,99878,216,100001,100,99852,100,100008,100,99844,100,100040,100,99805,100,100045,100,99663,100,100074,100,99597,100,100075,100,99455,100
2019-06-28 09:48:20.000000000,99923,316,99902,216,99931,216,99899,216,99952,216,99879,216,99974,216,99878,216,100001,100,99852,100,100008,100,99844,100,100040,100,99805,100,100045,100,99663,100,100074,100,99597,100,100075,100,99455,100
2019-06-28 09:48:26.606252790,99923,316,99902,116,99931,216,99899,216,99952,216,99879,216,99974,216,99878,216,100001,100,99852,100,100008,100,99844,100,100040,100,99805,100,100045,100,99597,100,100074,100,99455,100,100075,100,99411,100
2019-06-28 09:48:30.000000000,99923,432,99899,332,99931,332,99879,332,99952,100,99878,100,99974,100,99852,100,100001,100,99844,100,100008,100,99805,100,100040,100,99597,100,100045,100,99455,100,100074,100,99411,100,100075,100,99285,100
2019-06-28 09:48:36.539573101,99923,432,99899,332,99931,332,99879,332,99952,100,99878,100,99974,100,99852,100,100001,100,99844,100,100008,100,99805,100,100040,100,99597,100,100045,100,99455,100,100074,100,99411,100,100075,100,99376,100
2019-06-28 09:48:40.000000000,99923,358,99899,258,99931,253,99879,253,99952,253,99878,253,99974,100,99852,100,100001,100,99844,100,100008,100,99805,100,100040,100,99597,100,100045,100,99455,100,100074,100,99411,100,100075,100,99376,100
2019-06-28 09:48:50.000000000,99923,358,99899,258,99931,253,99879,253,99952,253,99878,253,99974,100,99852,100,100001,100,99844,100,100008,100,99805,100,100040,100,99597,100,100045,100,99455,100,100074,100,99411,100,100075,100,99376,100
2019-06-28 09:48:58.339247644,99923,358,99899,258,99931,253,99879,253,99952,253,99878,253,99974,100,99852,100,100001,100,99844,100,100008,100,99805,100,100040,100,99597,100,100045,100,99569,100,100074,100,99455,100,100075,100,99411,100
2019-06-28 09:49:00.000000000,99923,358,99899,258,99931,253,99879,253,99952,253,99878,253,99974,100,99852,100,100001,100,99844,100,100008,100,99805,100,100040,100,99597,100,100045,100,99569,100,100074,100,99455,100,100075,100,99411,100
2019-06-28 09:49:09.512725373,99923,358,99899,258,99931,253,99879,253,99952,253,99878,253,99974,100,99852,100,100001,100,99844,100,100008,100,99805,100,100040,100,99597,100,100045,100,99569,100,100074,100,99533,100,100098,100,99455,100
2019-06-28 09:49:10.000000000,99923,432,99899,332,99931,332,99879,332,99952,100,99878,100,99974,100,99852,100,100001,100,99844,100,100008,100,99805,100,100040,100,99597,100,100045,100,99569,100,100074,100,99533,100,100098,100,99455,100
2019-06-28 09:49:20.000000000,99923,316,99899,216,99931,216,99879,216,99952,216,99878,216,99974,216,99852,216,100001,100,99844,100,100008,100,99805,100,100040,100,99597,100,100045,100,99569,100,100074,100,99533,100,100098,100,99455,100
2019-06-28 09:49:29.492404377,99923,316,99899,216,99931,216,99879,216,99952,216,99878,216,99974,216,99852,216,100001,100,99844,100,100008,100,99805,100,100040,100,99597,100,100045,100,99569,100,100074,100,99533,100,100098,100,99455,100
2019-06-28 09:49:30.000000000,99923,293,99899,193,99931,193,99879,193,99952,193,99878,193,99974,193,99852,193,100001,193,99844,193,100008,100,99805,100,100040,100,99597,100,100045,100,99569,100,100074,100,99533,100,100098,100,99455,100
2019-06-28 09:49:34.111763214,99923,293,99899,93,99931,193,99879,193,99952,193,99878,193,99974,193,99852,193,100001,193,99844,193,100008,100,99805,100,100040,100,99597,100,100045,100,99569,100,100074,100,99533,100,100098,100,99455,100
2019-06-28 09:49:40.000000000,99923,293,99879,193,99931,193,99878,193,99952,193,99852,193,99974,193,99844,193,100001,193,99805,193,100008,100,99597,100,100040,100,99569,100,100045,100,99533,100,100074,100,99455,100,100098,100,99411,100
2019-06-28 09:49:50.000000000,99923,664,99879,564,99931,100,99878,100,99952,100,99852,100,99974,100,99844,100,100001,100,99805,100,100008,100,99597,100,100040,100,99569,100,100045,100,99533,100,100074,100,99455,100,100098,100,99411,100
2019-06-28 09:49:50.415911047,99902,100,99879,564,99923,664,99878,100,99931,100,99852,100,99974,100,99844,100,100001,100,99805,100,100008,100,99597,100,100040,100,99569,100,100045,100,99533,100,100074,100,99455,100,100098,100,99411,100
2019-06-28 09:49:52.072632980,99902,100,99879,464,99923,664,99878,100,99931,100,99852,100,99974,100,99844,100,100001,100,99805,100,100008,100,99597,100,100040,100,99569,100,100045,100,99533,100,100074,100,99455,100,100098,100,99411,100
2019-06-28 09:50:00.000000000,99902,193,99878,193,99923,293,99852,193,99931,193,99844,193,99974,193,99805,193,100001,193,99597,193,100008,100,99569,100,100040,100,99533,100,100045,100,99455,100,100074,100,99411,100,100098,100,99376,100
2019-06-28 09:50:10.000000000,99902,564,99878,564,99923,200,99852,100,99931,100,99844,100,99974,100,99805,100,100001,100,99597,100,100008,100,99569,100,100040,100,99533,100,100045,100,99455,100,100074,100,99411,100,100098,100,99376,100
2019-06-28 09:50:20.000000000,99902,193,99878,193,99923,293,99852,193,99931,193,99844,193,99974,193,99805,193,100001,193,99597,193,100008,100,99569,100,100040,100,99533,100,100045,100,99455,100,100074,100,99411,100,100098,100,99376,100
2019-06-28 09:50:25.398638316,99902,193,99878,93,99923,293,99852,193,99931,193,99844,193,99974,193,99805,193,100001,193,99597,193,100008,100,99569,100,100040,100,99533,100,100045,100,99455,100,100074,100,99411,100,100098,100,99376,100
2019-06-28 09:50:30.000000000,99902,193,99852,193,99923,293,99844,193,99931,193,99805,193,99974,193,99597,193,100001,193,99569,193,100008,100,99533,100,100040,100,99455,100,100045,100,99411,100,100074,100,99376,100,100098,100,99285,100
2019-06-28 09:50:32.991785240,99879,100,99852,193,99902,193,99844,193,99923,293,99805,193,99931,193,99597,193,99974,193,99569,193,100001,193,99533,100,100008,100,99455,100,100040,100,99411,100,100045,100,99376,100,100074,100,99285,100
2019-06-28 09:50:40.000000000,99879,193,99852,193,99902,193,99844,193,99923,293,99805,193,99931,193,99597,193,99974,193,99569,193,100001,100,99533,100,100008,100,99455,100,100040,100,99411,100,100045,100,99376,100,100074,100,99285,100
2019-06-28 09:50:43.860697089,99879,293,99852,193,99902,193,99844,193,99923,293,99805,193,99931,193,99597,193,99974,193,99569,193,100001,100,99533,100,100008,100,99455,100,100040,100,99411,100,100045,100,99376,100,100074,100,99285,100
2019-06-28 09:50:46.791504666,99879,293,99852,193,99902,193,99844,193,99923,293,99805,193,99931,193,99597,193,99974,193,99569,193,100001,100,99455,100,100008,100,99411,100,100040,100,99376,100,100045,100,99285,100,100074,100,99223,100
2019-06-28 09:50:47.655840315,99879,393,99852,193,99902,193,99844,193,99923,293,99805,193,99931,193,99597,193,99974,193,99569,193,100001,100,99455,100,100008,100,99411,100,100040,100,99376,100,100045,100,99285,100,100074,100,99223,100
2019-06-28 09:50:50.000000000,99879,393,99852,193,99902,193,99844,193,99923,293,99805,193,99931,193,99597,193,99974,193,99569,193,100001,100,99455,100,100008,100,99411,100,100040,100,99376,100,100045,100,99285,100,100074,100,99223,100
2019-06-28 09:50:59.440842640,99879,493,99852,193,99902,193,99844,193,99923,293,99805,193,99931,193,99597,193,99974,193,99569,193,100001,100,99455,100,100008,100,99411,100,100040,100,99376,100,100045,100,99285,100,100074,100,99223,100
2019-06-28 09:51:00.000000000,99879,493,99852,193,99902,193,99844,193,99923,293,99805,193,99931,193,99597,193,99974,193,99569,193,100001,100,99455,100,100008,100,99411,100,100040,100,99376,100,100045,100,99285,100,100074,100,99223,100
2019-06-28 09:51:10.000000000,99879,558,99852,258,99902,253,99844,253,99923,353,99805,253,99931,100,99597,100,99974,100,99569,100,100001,100,99455,100,100008,100,99411,100,100040,100,99376,100,100045,100,99285,100,100074,100,99223,100
2019-06-28 09:51:20.000000000,99879,558,99852,258,99902,253,99844,253,99923,353,99805,253,99931,100,99597,100,99974,100,99569,100,100001,100,99455,100,100008,100,99411,100,100040,100,99376,100,100045,100,99285,100,100074,100,99223,100
2019-06-28 09:51:30.000000000,99879,632,99852,332,99902,332,99844,332,99923,200,99805,100,99931,100,99597,100,99974,100,99569,100,100001,100,99455,100,100008,100,99411,100,100040,100,99376,100,100045,100,99285,100,100074,100,99223,100
2019-06-28 09:51:30.848981300,99879,632,99852,332,99902,332,99844,332,99923,200,99805,100,99931,100,99597,100,99974,100,99569,100,100001,100,99455,100,100008,100,99411,100,100040,100,99376,100,100045,100,99285,100,100074,100,99223,100
2019-06-28 09:51:36.006663980,99879,632,99852,332,99902,332,99844,332,99923,200,99805,100,99931,100,99597,100,99974,100,99569,100,100001,100,99455,100,100008,100,99411,100,100040,100,99376,100,100045,100,99285,100,100074,100,99223,100
2019-06-28 09:51:38.647237703,99879,632,99852,232,99902,332,99844,332,99923,200,99805,100,99931,100,99597,100,99974,100,99569,100,100001,100,99455,100,100008,100,99411,100,100040,100,99376,100,100045,100,99223,100,100074,100,99218,100
2019-06-28 09:51:40.000000000,99879,864,99844,564,99902,100,99805,100,99923,200,99597,100,99931,100,99569,100,99974,100,99455,100,100001,100,99411,100,100008,100,99376,100,100040,100,99223,100,100045,100,99218,100,100074,100,99146,100
2019-06-28 09:51:50.000000000,99879,632,99844,332,99902,332,99805,332,99923,200,99597,100,99931,100,99569,100,99974,100,99455,100,100001,100,99411,100,100008,100,99376,100,100040,100,99223,100,100045,100,99218,100,100074,100,99146,100
2019-06-28 09:52:00.000000000,99879,516,99844,216,99902,216,99805,216,99923,316,99597,216,99931,216,99569,216,99974,100,99455,100,100001,100,99411,100,100008,100,99376,100,100040,100,99223,100,100045,100,99218,100,100074,100,99146,100
2019-06-28 09:52:10.000000000,99879,493,99844,193,99902,193,99805,193,99923,293,99597,193,99931,193,99569,193,99974,193,99455,193,100001,100,99411,100,100008,100,99376,100,100040,100,99223,100,100045,100,99218,100,100074,100,99146,100
2019-06-28 09:52:20.000000000,99879,493,99844,193,99902,193,99805,193,99923,293,99597,193,99931,193,99569,193,99974,193,99455,193,100001,100,99411,100,100008,100,99376,100,100040,100,99223,100,100045,100,99218,100,100074,100,99146,100
2019-06-28 09:52:21.819977901,99879,493,99844,193,99902,193,99805,193,99923,293,99597,93,99931,193,99569,193,99974,193,99455,193,100001,100,99411,100,100008,100,99376,100,100040,100,99223,100,100045,100,99218,100,100074,100,99146,100
2019-06-28 09:52:30.000000000,99879,864,99844,564,99902,100,99805,100,99923,200,99569,100,99931,100,99455,100,99974,100,99411,100,100001,100,99376,100,100008,100,99223,100,100040,100,99218,100,100045,100,99146,100,100074,100,99056,100
2019-06-28 09:52:40.000000000,99879,493,99844,193,99902,193,99805,193,99923,293,99569,193,99931,193,99455,193,99974,193,99411,193,100001,100,99376,100,100008,100,99223,100,100040,100,99218,100,100045,100,99146,100,100074,100,99056,100
2019-06-28 09:52:50.000000000,99879,493,99844,193,99902,193,99805,193,99923,293,99569,193,99931,193,99455,193,99974,193,99411,193,100001,100,99376,100,100008,100,99223,100,100040,100,99218,100,100045,100,99146,100,100074,100,99056,100
2019-06-28 09:52:54.546184346,99879,493,99844,93,99902,193,99805,193,99923,293,99569,193,99931,193,99455,193,99974,193,99411,193,100001,100,99376,100,100008,100,99223,100,100040,100,99218,100,100045,100,99146,100,100074,100,99056,100
2019-06-28 09:52:54.687876685,99844,7,99805,193,99879,493,99569,93,99902,193,99455,193,99923,293,99411,193,99931,193,99376,100,99974,193,99223,100,100001,100,99218,100,100008,100,99146,100,100040,100,99056,100,100045,100,99055,100
2019-06-28 09:52:59.703364080,99844,7,99805,193,99879,493,99569,93,99902,193,99455,193,99923,293,99411,193,99931,193,99376,100,99974,193,99223,100,100001,100,99218,100,100008,100,99157,100,100040,100,99146,100,100045,100,99056,100
2019-06-28 09:53:00.000000000,99844,239,99805,332,99879,632,99455,332,99902,100,99411,100,99923,200,99376,100,99931,100,99223,100,99974,100,99218,100,100001,100,99157,100,100008,100,99146,100,100040,100,99056,100,100045,100,99055,100
2019-06-28 09:53:00.485642485,99844,239,99805,332,99879,632,99467,100,99902,100,99455,332,99923,200,99411,100,99931,100,99376,100,99974,100,99223,100,100001,100,99218,100,100008,100,99157,100,100040,100,99146,100,100045,100,99056,100
2019-06-28 09:53:02.115690934,99844,239,99805,232,99879,632,99455,332,99902,100,99411,100,99923,200,99376,100,99931,100,99223,100,99974,100,99218,100,100001,100,99157,100,100008,100,99146,100,100040,100,99056,100,100045,100,99055,100
2019-06-28 09:53:10.000000000,99844,471,99455,564,99879,400,99411,100,99902,100,99376,100,99923,200,99223,100,99931,100,99218,100,99974,100,99157,100,100001,100,99146,100,100008,100,99056,100,100040,100,99055,100,100045,100,98866,100
2019-06-28 09:53:20.000000000,99844,165,99455,258,99879,553,99411,253,99902,253,99376,253,99923,200,99223,100,99931,100,99218,100,99974,100,99157,100,100001,100,99146,100,100008,100,99056,100,100040,100,99055,100,100045,100,98866,100
2019-06-28 09:53:27.920092683,99843,100,99455,258,99844,165,99411,253,99879,553,99376,253,99902,253,99223,100,99923,200,99218,100,99931,100,99157,100,99974,100,99146,100,100001,100,99056,100,100008,100,99055,100,100040,100,98866,100
2019-06-28 09:53:30.000000000,99843,258,99455,258,99844,160,99411,253,99879,553,99376,253,99902,100,99223,100,99923,200,99218,100,99931,100,99157,100,99974,100,99146,100,100001,100,99056,100,100008,100,99055,100,100040,100,98866,100
2019-06-28 09:53:36.534372768,99843,258,99455,258,99844,160,99411,253,99879,553,99376,353,99902,100,99223,100,99923,200,99218,100,99931,100,99157,100,99974,100,99146,100,100001,100,99056,100,100008,100,99055,100,100040,100,98866,100
2019-06-28 09:53:40.000000000,99843,332,99455,332,99844,239,99411,332,99879,400,99376,200,99902,100,99223,100,99923,200,99218,100,99931,100,99157,100,99974,100,99146,100,100001,100,99056,100,100008,100,99055,100,100040,100,98866,100
2019-06-28 09:53:43.606239900,99843,332,99455,232,99844,239,99411,332,99879,400,99376,200,99902,100,99223,100,99923,200,99218,100,99931,100,99157,100,99974,100,99146,100,100001,100,99056,100,100008,100,99055,100,100040,100,98866,100
2019-06-28 09:53:50.000000000,99843,564,99411,564,99844,7,99376,200,99879,400,99223,100,99902,100,99218,100,99923,200,99157,100,99931,100,99146,100,99974,100,99056,100,100001,100,99055,100,100008,100,98866,100,100040,100,98686,100
2019-06-28 09:53:51.169230437,99843,564,99411,564,99844,7,99376,200,99879,400,99223,100,99902,100,99218,100,99923,200,99157,100,99931,100,99146,100,99974,100,99109,100,100001,100,99056,100,100008,100,99055,100,100040,100,98866,100
2019-06-28 09:54:00.000000000,99843,564,99411,564,99844,7,99376,200,99879,400,99223,100,99902,100,99218,100,99923,200,99157,100,99931,100,99146,100,99974,100,99109,100,100001,100,99056,100,100008,100,99055,100,100040,100,98866,100
2019-06-28 09:54:10.000000000,99843,193,99411,193,99844,100,99376,293,99879,493,99223,193,99902,193,99218,193,99923,293,99157,193,99931,100,99146,100,99974,100,99109,100,100001,100,99056,100,100008,100,99055,100,100040,100,98866,100
2019-06-28 09:54:10.925936652,99805,100,99411,193,99843,193,99376,293,99844,100,99223,193,99879,393,99218,193,99902,193,99157,193,99923,293,99146,100,99931,100,99109,100,99974,100,99056,100,100001,100,99055,100,100008,100,98866,100
2019-06-28 09:54:20.000000000,99805,332,99411,332,99843,332,99376,432,99844,7,99223,100,99879,300,99218,100,99902,100,99157,100,99923,200,99146,100,99931,100,99109,100,99974,100,99056,100,100001,100,99055,100,100008,100,98866,100
2019-06-28 09:54:21.383018718,99805,332,99411,232,99843,332,99376,432,99844,7,99223,100,99879,300,99218,100,99902,100,99157,100,99923,200,99146,100,99931,100,99109,100,99974,100,99056,100,100001,100,99055,100,100008,100,98866,100
2019-06-28 09:54:30.000000000,99805,193,99376,293,99843,193,99223,193,99844,100,99218,193,99879,393,99157,193,99902,193,99146,193,99923,200,99109,100,99931,100,99056,100,99974,100,99055,100,100001,100,98866,100,100008,100,98604,100
2019-06-28 09:54:38.460988379,99455,100,99376,293,99805,93,99223,193,99843,193,99218,193,99844,100,99157,193,99879,393,99146,193,99902,193,99109,100,99923,200,99056,100,99931,100,99055,100,99974,100,98866,100,100001,100,98604,100
2019-06-28 09:54:40.000000000,99455,216,99376,316,99843,216,99223,216,99844,123,99218,216,99879,416,99157,216,99902,100,99146,100,99923,200,99109,100,99931,100,99056,100,99974,100,99055,100,100001,100,98866,100,100008,100,98604,100
2019-06-28 09:54:50.000000000,99455,216,99376,316,99843,216,99223,216,99844,123,99218,216,99879,416,99157,216,99902,100,99146,100,99923,200,99109,100,99931,100,99056,100,99974,100,99055,100,100001,100,98866,100,100008,100,98604,100
2019-06-28 09:55:00.000000000,99455,564,99376,664,99843,100,99223,100,99844,7,99218,100,99879,300,99157,100,99902,100,99146,100,99923,200,99109,100,99931,100,99056,100,99974,100,99055,100,100001,100,98866,100,100008,100,98604,100
2019-06-28 09:55:10.000000000,99455,216,99376,316,99843,216,99223,216,99844,123,99218,216,99879,416,99157,216,99902,100,99146,100,99923,200,99109,100,99931,100,99056,100,99974,100,99055,100,100001,100,98866,100,100008,100,98604,100
2019-06-28 09:55:20.000000000,99455,564,99376,664,99843,100,99223,100,99844,7,99218,100,99879,300,99157,100,99902,100,99146,100,99923,200,99109,100,99931,100,99056,100,99974,100,99055,100,100001,100,98866,100,100008,100,98604,100
2019-06-28 09:55:30.000000000,99455,258,99376,358,99843,253,99223,253,99844,160,99218,253,99879,300,99157,100,99902,100,99146,100,99923,200,99109,100,99931,100,99056,100,99974,100,99055,100,100001,100,98866,100,100008,100,98604,100
2019-06-28 09:55:31.486928433,99455,258,99376,358,99843,253,99223,253,99844,160,99218,253,99879,300,99157,100,99902,100,99146,100,99923,200,99109,100,99931,100,99056,100,99974,100,99055,100,100001,100,98866,100,100008,100,98713,100
2019-06-28 09:55:33.851329209,99455,258,99376,358,99843,253,99223,253,99844,160,99218,253,99879,300,99157,100,99902,100,99146,100,99923,200,99109,100,99931,100,99056,100,99974,100,99055,100,100001,100,98866,100,100008,100,98713,100
2019-06-28 09:55:40.000000000,99455,193,99376,293,99843,193,99223,193,99844,100,99218,193,99879,393,99157,193,99902,193,99146,193,99923,200,99109,100,99931,100,99056,100,99974,100,99055,100,100001,100,98866,100,100008,100,98713,100
2019-06-28 09:55:50.000000000,99455,193,99376,293,99843,193,99223,193,99844,100,99218,193,99879,393,99157,193,99902,193,99146,193,99923,200,99109,100,99931,100,99056,100,99974,100,99055,100,100001,100,98866,100,100008,100,98713,100
2019-06-28 09:56:00.000000000,99455,216,99376,316,99843,216,99223,216,99844,123,99218,216,99879,416,99157,216,99902,100,99146,100,99923,200,99109,100,99931,100,99056,100,99974,100,99055,100,100001,100,98866,100,100008,100,98713,100
2019-06-28 09:56:10.000000000,99455,332,99376,432,99843,332,99223,332,99844,7,99218,100,99879,300,99157,100,99902,100,99146,100,99923,200,99109,100,99931,100,99056,100,99974,100,99055,100,100001,100,98866,100,100008,100,98713,100
2019-06-28 09:56:11.111837645,99455,332,99376,332,99843,332,99223,332,99844,7,99218,100,99879,300,99157,100,99902,100,99146,100,99923,200,99109,100,99931,100,99056,100,99974,100,99055,100,100001,100,98866,100,100008,100,98713,100
2019-06-28 09:56:20.000000000,99455,564,99376,564,99843,100,99223,100,99844,7,99218,100,99879,300,99157,100,99902,100,99146,100,99923,200,99109,100,99931,100,99056,100,99974,100,99055,100,100001,100,98866,100,100008,100,98713,100
2019-06-28 09:56:21.064102815,99455,564,99376,464,99843,100,99223,100,99844,7,99218,100,99879,300,99157,100,99902,100,99146,100,99923,200,99109,100,99931,100,99056,100,99974,100,99055,100,100001,100,98866,100,100008,100,98713,100
2019-06-28 09:56:30.000000000,99455,193,99223,193,99843,193,99218,193,99844,100,99157,193,99879,393,99146,193,99902,193,99109,193,99923,200,99056,100,99931,100,99055,100,99974,100,98866,100,100001,100,98713,100,100008,100,98628,100
2019-06-28 09:56:40.000000000,99455,216,99223,216,99843,216,99218,216,99844,123,99157,216,99879,416,99146,216,99902,100,99109,100,99923,200,99056,100,99931,100,99055,100,99974,100,98866,100,100001,100,98713,100,100008,100,98628,100
2019-06-28 09:56:47.557499705,99455,216,99223,216,99843,216,99218,216,99844,123,99157,216,99879,316,99146,216,99902,100,99109,100,99923,200,99056,100,99931,100,99055,100,99974,100,98866,100,100001,100,98713,100,100008,100,98628,100
2019-06-28 09:56:50.000000000,99455,193,99223,193,99843,193,99218,193,99844,100,99157,193,99879,293,99146,193,99902,193,99109,193,99923,200,99056,100,99931,100,99055,100,99974,100,98866,100,100001,100,98713,100,100008,100,98628,100
2019-06-28 09:57:00.000000000,99455,564,99223,564,99843,100,99218,100,99844,7,99157,100,99879,200,99146,100,99902,100,99109,100,99923,200,99056,100,99931,100,99055,100,99974,100,98866,100,100001,100,98713,100,100008,100,98628,100
2019-06-28 09:57:00.545610947,99455,564,99223,464,99843,100,99218,100,99844,7,99157,100,99879,200,99146,100,99902,100,99109,100,99923,200,99056,100,99931,100,99055,100,99974,100,98866,100,100001,100,98713,100,100008,100,98628,100
2019-06-28 09:57:10.000000000,99455,216,99218,216,99843,216,99157,216,99844,123,99146,216,99879,316,99109,216,99902,100,99056,100,99923,200,99055,100,99931,100,98866,100,99974,100,98713,100,100001,100,98628,100,100008,100,98604,100
2019-06-28 09:57:20.000000000,99455,332,99218,332,99843,332,99157,332,99844,7,99146,100,99879,200,99109,100,99902,100,99056,100,99923,200,99055,100,99931,100,98866,100,99974,100,98713,100,100001,100,98628,100,100008,100,98604,100
2019-06-28 09:57:22.884547209,99455,332,99218,332,99843,332,99157,332,99844,7,99146,100,99879,200,99109,100,99902,100,99056,100,99923,200,99055,100,99931,100,98866,100,99974,100,98713,100,100001,100,98628,100,100008,100,98625,100
2019-06-28 09:57:30.000000000,99455,332,99218,332,99843,332,99157,332,99844,7,99146,100,99879,200,99109,100,99902,100,99056,100,99923,200,99055,100,99931,100,98866,100,99974,100,98713,100,100001,100,98628,100,100008,100,98625,100
2019-06-28 09:57:32.019608209,99248,100,99218,332,99455,332,99157,332,99843,332,99146,100,99844,7,99109,100,99879,200,99056,100,99902,100,99055,100,99923,200,98866,100,99931,100,98713,100,99974,100,98628,100,100001,100,98625,100
2019-06-28 09:57:32.548516059,99248,100,99218,232,99455,332,99157,332,99843,332,99146,100,99844,7,99109,100,99879,200,99056,100,99902,100,99055,100,99923,200,98866,100,99931,100,98713,100,99974,100,98628,100,100001,100,98625,100
2019-06-28 09:57:40.000000000,99248,193,99157,193,99455,193,99146,193,99843,193,99109,193,99844,100,99056,193,99879,293,99055,193,99902,100,98866,100,99923,200,98713,100,99931,100,98628,100,99974,100,98625,100,100001,100,98604,100
2019-06-28 09:57:44.875831285,99248,193,99157,93,99455,193,99146,193,99843,193,99109,193,99844,100,99056,193,99879,293,99055,193,99902,100,98866,100,99923,200,98713,100,99931,100,98628,100,99974,100,98625,100,100001,100,98604,100
2019-06-28 09:57:50.000000000,99248,332,99146,332,99455,332,99109,332,99843,100,99056,100,99844,7,99055,100,99879,200,98866,100,99902,100,98713,100,99923,200,98628,100,99931,100,98625,100,99974,100,98604,100,100001,100,,
2019-06-28 09:57:50.443948579,99248,232,99146,332,99455,332,99109,332,99843,100,99056,100,99844,7,99055,100,99879,200,98866,100,99902,100,98713,100,99923,200,98625,100,99931,100,98604,100,99974,100,,,100001,100,,
2019-06-28 09:57:51.293145632,99248,132,99146,332,99455,332,99109,332,99843,100,99056,100,99844,7,99055,100,99879,200,98866,100,99902,100,98713,100,99923,200,98625,100,99931,100,98604,100,99974,100,,,100001,100,,
2019-06-28 09:58:00.000000000,99455,258,99146,258,99843,253,99109,253,99844,160,99056,253,99879,200,99055,100,99902,100,98866,100,99923,200,98713,100,99931,100,98625,100,99974,100,98604,100,100001,100,,,100008,100,,
2019-06-28 09:58:10.000000000,99455,332,99146,332,99843,332,99109,332,99844,7,99056,100,99879,200,99055,100,99902,100,98866,100,99923,200,98713,100,99931,100,98625,100,99974,100,98604,100,100001,100,,,100008,100,,
2019-06-28 09:58:20.000000000,99455,193,99146,193,99843,193,99109,193,99844,100,99056,193,99879,293,99055,193,99902,193,98866,193,99923,200,98713,100,99931,100,98625,100,99974,100,98604,100,100001,100,,,100008,100,,
2019-06-28 09:58:26.753828627,99455,193,99146,193,99843,193,99109,193,99844,100,99056,193,99879,193,99055,193,99902,193,98866,193,99923,200,98713,100,99931,100,98625,100,99974,100,98604,100,100001,100,,,100008,100,,
2019-06-28 09:58:30.000000000,99455,258,99146,258,99843,253,99109,253,99844,160,99056,253,99879,100,99055,100,99902,100,98866,100,99923,200,98713,100,99931,100,98625,100,99974,100,98604,100,100001,100,,,100008,100,,
2019-06-28 09:58:38.008956373,99455,258,99146,258,99843,253,99109,253,99844,160,99056,253,99879,100,99055,100,99923,200,98866,100,99931,100,98713,100,99974,100,98625,100,100001,100,98604,100,100008,100,,,100040,100,,
2019-06-28 09:58:40.000000000,99455,258,99146,258,99843,253,99109,253,99844,160,99056,253,99879,100,99055,100,99923,200,98866,100,99931,100,98713,100,99974,100,98625,100,100001,100,98604,100,100008,100,,,100040,100,,
2019-06-28 09:58:40.892745244,99455,158,99146,258,99843,253,99109,253,99844,160,99056,253,99879,100,99055,100,99923,200,98866,100,99931,100,98713,100,99974,100,98625,100,100001,100,98604,100,100008,100,,,100040,100,,
2019-06-28 09:58:44.377009258,99455,158,99248,100,99843,253,99146,258,99844,160,99109,253,99879,100,99056,253,99923,200,99055,100,99931,100,98866,100,99974,100,98713,100,100001,100,98625,100,100008,100,98604,100,100040,100,,
2019-06-28 09:58:50.000000000,99843,332,99248,332,99844,239,99146,332,99879,100,99109,100,99923,200,99056,100,99931,100,99055,100,99974,100,98866,100,100001,100,98713,100,100008,100,98625,100,100040,100,98604,100,100098,100,,
2019-06-28 09:58:51.073856216,99843,332,99248,432,99844,239,99146,332,99879,100,99109,100,99923,200,99056,100,99931,100,99055,100,99974,100,98866,100,100001,100,98713,100,100008,100,98625,100,100040,100,98604,100,100098,100,,
2019-06-28 09:58:57.488874594,99843,332,99723,100,99844,239,99248,432,99879,100,99146,332,99923,200,99109,100,99931,100,99056,100,99974,100,99055,100,100001,100,98866,100,100008,100,98713,100,100040,100,98625,100,100098,100,98604,100
2019-06-28 09:59:00.000000000,99843,193,99723,193,99844,100,99248,293,99879,193,99146,193,99923,293,99109,193,99931,193,99056,193,99974,100,99055,100,100001,100,98866,100,100008,100,98713,100,100040,100,98625,100,100098,100,98604,100
2019-06-28 09:59:08.926145046,99843,193,99723,193,99844,100,99248,293,99879,193,99146,93,99923,293,99109,193,99931,193,99056,193,99974,100,99055,100,100001,100,98866,100,100008,100,98713,100,100040,100,98625,100,100086,100,98604,100
2019-06-28 09:59:10.000000000,99843,564,99723,564,99844,7,99248,200,99879,100,99109,100,99923,200,99056,100,99931,100,99055,100,99974,100,98866,100,100001,100,98713,100,100008,100,98625,100,100040,100,98604,100,100086,100,,
2019-06-28 09:59:20.000000000,99843,258,99723,258,99844,160,99248,353,99879,253,99109,253,99923,200,99056,100,99931,100,99055,100,99974,100,98866,100,100001,100,98713,100,100008,100,98625,100,100040,100,98604,100,100086,100,,
2019-06-28 09:59:30.000000000,99843,564,99723,564,99844,7,99248,200,99879,100,99109,100,99923,200,99056,100,99931,100,99055,100,99974,100,98866,100,100001,100,98713,100,100008,100,98625,100,100040,100,98604,100,100086,100,,
2019-06-28 09:59:32.299035863,99843,564,99723,564,99844,7,99248,200,99879,100,99109,100,99880,100,99056,100,99923,200,99055,100,99931,100,98866,100,99974,100,98713,100,100001,100,98625,100,100008,100,98604,100,100040,100,,
2019-06-28 09:59:34.845277137,99843,564,99723,564,99844,7,99701,100,99879,100,99248,200,99880,100,99109,100,99923,200,99056,100,99931,100,99055,100,99974,100,98866,100,100001,100,98713,100,100008,100,98625,100,100040,100,98604,100
2019-06-28 09:59:40.000000000,99843,193,99723,193,99844,100,99701,193,99879,193,99248,293,99880,193,99109,193,99923,293,99056,193,99931,100,99055,100,99974,100,98866,100,100001,100,98713,100,100008,100,98625,100,100040,100,98604,100
2019-06-28 09:59:50.000000000,99843,332,99723,332,99844,239,99701,332,99879,100,99248,200,99880,100,99109,100,99923,200,99056,100,99931,100,99055,100,99974,100,98866,100,100001,100,98713,100,100008,100,98625,100,100040,100,98604,100
2019-06-28 10:00:00.000000000,99843,216,99723,216,99844,123,99701,216,99879,216,99248,316,99880,216,99109,216,99923,200,99056,100,99931,100,99055,100,99974,100,98866,100,100001,100,98713,100,100008,100,98625,100,100040,100,98604,100
2019-06-28 10:00:10.000000000,99843,216,99723,216,99844,123,99701,216,99879,216,99248,316,99880,216,99109,216,99923,200,99056,100,99931,100,99055,100,99974,100,98866,100,100001,100,98713,100,100008,100,98625,100,100040,100,98604,100
2019-06-28 10:00:11.762340202,99843,216,99723,116,99844,123,99701,216,99879,216,99248,316,99880,216,99109,216,99923,200,99056,100,99931,100,99055,100,99974,100,98866,100,100001,100,98713,100,100008,100,98625,100,100040,100,,
2019-06-28 10:00:20.000000000,99843,564,99701,564,99844,7,99248,200,99879,100,99109,100,99880,100,99056,100,99923,200,99055,100,99931,100,98866,100,99974,100,98713,100,100001,100,98625,100,100008,100,,,100040,100,,
2019-06-28 10:00:20.484120589,99843,564,99701,464,99844,7,99248,200,99879,100,99109,100,99880,100,99056,100,99923,200,99055,100,99931,100,98866,100,99974,100,98713,100,100001,100,98625,100,100008,100,,,100040,100,,
2019-06-28 10:00:30.000000000,99843,193,99248,293,99844,100,99109,193,99879,193,99056,193,99880,193,99055,193,99923,293,98866,193,99931,100,98713,100,99974,100,98625,100,100001,100,,,100008,100,,,100040,100,,
2019-06-28 10:00:32.761734208,99577,100,99248,293,99843,193,99109,193,99844,100,99056,193,99879,193,99055,193,99880,193,98866,193,99923,293,98713,100,99931,100,98625,100,99974,100,,,100001,100,,,100008,100,,
2019-06-28 10:00:40.000000000,99577,193,99248,293,99843,193,99109,193,99844,100,99056,193,99879,193,99055,193,99880,193,98866,193,99923,200,98713,100,99931,100,98625,100,99974,100,,,100001,100,,,100008,100,,
2019-06-28 10:00:47.611775271,99577,193,99248,293,99843,193,99109,193,99844,100,99056,193,99879,193,99055,193,99880,193,98866,193,99923,200,98713,100,99974,100,98625,100,100001,100,,,100008,100,,,100040,100,,
2019-06-28 10:00:47.944707862,99577,193,99360,100,99843,193,99248,293,99844,100,99109,193,99879,193,99056,193,99880,193,99055,193,99923,200,98866,193,99974,100,98713,100,100001,100,98625,100,100008,100,,,100040,100,,
2019-06-28 10:00:50.000000000,99577,332,99360,332,99843,332,99248,432,99844,7,99109,100,99879,100,99056,100,99880,100,99055,100,99923,200,98866,100,99974,100,98713,100,100001,100,98625,100,100008,100,,,100040,100,,
2019-06-28 10:01:00.000000000,99577,258,99360,258,99843,253,99248,353,99844,160,99109,253,99879,100,99056,100,99880,100,99055,100,99923,200,98866,100,99974,100,98713,100,100001,100,98625,100,100008,100,,,100040,100,,
2019-06-28 10:01:10.000000000,99577,216,99360,216,99843,216,99248,316,99844,123,99109,216,99879,216,99056,216,99880,100,99055,100,99923,200,98866,100,99974,100,98713,100,100001,100,98625,100,100008,100,,,100040,100,,
2019-06-28 10:01:20.000000000,99577,193,99360,193,99843,193,99248,293,99844,100,99109,193,99879,193,99056,193,99880,193,99055,193,99923,200,98866,100,99974,100,98713,100,100001,100,98625,100,100008,100,,,100040,100,,
2019-06-28 10:01:30.000000000,99577,216,99360,216,99843,216,99248,316,99844,123,99109,216,99879,216,99056,216,99880,100,99055,100,99923,200,98866,100,99974,100,98713,100,100001,100,98625,100,100008,100,,,100040,100,,
2019-06-28 10:01:40.000000000,99577,564,99360,564,99843,100,99248,200,99844,7,99109,100,99879,100,99056,100,99880,100,99055,100,99923,200,98866,100,99974,100,98713,100,100001,100,98625,100,100008,100,,,100040,100,,
2019-06-28 10:01:50.000000000,99577,332,99360,332,99843,332,99248,432,99844,7,99109,100,99879,100,99056,100,99880,100,99055,100,99923,200,98866,100,99974,100,98713,100,100001,100,98625,100,100008,100,,,100040,100,,
2019-06-28 10:02:00.000000000,99577,216,99360,216,99843,216,99248,316,99844,123,99109,216,99879,216,99056,216,99880,100,99055,100,99923,200,98866,100,99974,100,98713,100,100001,100,98625,100,100008,100,,,100040,100,,
2019-06-28 10:02:03.044490991,99577,216,99360,116,99843,216,99248,316,99844,123,99109,216,99879,216,99056,216,99880,100,99055,100,99923,200,98866,100,99974,100,98713,100,100001,100,98625,100,100008,100,,,100040,100,,
2019-06-28 10:02:10.000000000,99577,193,99248,293,99843,193,99109,193,99844,100,99056,193,99879,193,99055,193,99880,193,98866,193,99923,200,98713,100,99974,100,98625,100,100001,100,,,100008,100,,,100040,100,,
2019-06-28 10:02:11.134887940,99577,193,99248,293,99843,193,99109,193,99844,100,99056,193,99879,193,99055,193,99880,193,98913,100,99923,200,98866,193,99974,100,98713,100,100001,100,98625,100,100008,100,,,100040,100,,
2019-06-28 10:02:14.563329052,99577,193,99248,193,99843,193,99109,193,99844,100,99056,193,99879,193,99055,193,99880,193,98913,100,99923,200,98866,193,99974,100,98713,100,100001,100,98625,100,100008,100,,,100040,100,,
2019-06-28 10:02:20.000000000,99577,193,99248,193,99843,193,99109,193,99844,100,99056,193,99879,193,99055,193,99880,193,98913,193,99923,200,98866,100,99974,100,98713,100,100001,100,98625,100,100008,100,,,100040,100,,
2019-06-28 10:02:30.000000000,99577,258,99248,258,99843,253,99109,253,99844,160,99056,253,99879,100,99055,100,99880,100,98913,100,99923,200,98866,100,99974,100,98713,100,100001,100,98625,100,100008,100,,,100040,100,,
2019-06-28 10:02:40.000000000,99577,216,99248,216,99843,216,99109,216,99844,123,99056,216,99879,216,99055,216,99880,100,98913,100,99923,200,98866,100,99974,100,98713,100,100001,100,98625,100,100008,100,,,100040,100,,
2019-06-28 10:02:49.965545180,99360,100,99248,216,99577,216,99109,216,99843,216,99056,216,99844,123,99055,216,99879,116,98913,100,99880,100,98866,100,99923,200,98713,100,99974,100,98625,100,100001,100,,,100008,100,,
2019-06-28 10:02:50.000000000,99360,216,99248,216,99577,216,99109,216,99843,216,99056,216,99844,123,99055,216,99880,100,98913,100,99923,200,98866,100,99974,100,98713,100,100001,100,98625,100,100008,100,,,100040,100,,
2019-06-28 10:03:00.000000000,99360,193,99248,193,99577,193,99109,193,99843,193,99056,193,99844,100,99055,193,99880,193,98913,193,99923,200,98866,100,99974,100,98713,100,100001,100,98625,100,100008,100,,,100040,100,,
2019-06-28 10:03:00.174377927,99360,193,99248,193,99577,193,99109,193,99843,193,99056,193,99844,100,99055,193,99880,193,98913,193,99923,200,98866,100,99974,100,98834,100,100001,100,98713,100,100008,100,98625,100,100040,100,,
2019-06-28 10:03:05.213603123,99360,193,99248,93,99577,193,99109,193,99843,193,99056,193,99844,100,99055,193,99880,193,98913,193,99923,200,98866,100,99974,100,98834,100,100001,100,98713,100,100008,100,98625,100,100040,100,,
2019-06-28 10:03:10.000000000,99360,564,99109,564,99577,100,99056,100,99843,100,99055,100,99844,7,98913,100,99880,100,98866,100,99923,200,98834,100,99974,100,98713,100,100001,100,98625,100,100008,100,,,100040,100,,
2019-06-28 10:03:20.000000000,99360,216,99109,216,99577,216,99056,216,99843,216,99055,216,99844,123,98913,216,99880,100,98866,100,99923,200,98834,100,99974,100,98713,100,100001,100,98625,100,100008,100,,,100040,100,,
2019-06-28 10:03:30.000000000,99360,258,99109,258,99577,253,99056,253,99843,253,99055,253,99844,7,98913,100,99880,100,98866,100,99923,200,98834,100,99974,100,98713,100,100001,100,98625,100,100008,100,,,100040,100,,
2019-06-28 10:03:40.000000000,99360,332,99109,332,99577,332,99056,332,99843,100,99055,100,99844,7,98913,100,99880,100,98866,100,99923,200,98834,100,99974,100,98713,100,100001,100,98625,100,100008,100,,,100040,100,,
2019-06-28 10:03:49.313082659,99248,100,99109,332,99360,332,99056,332,99577,332,99055,100,99843,100,98913,100,99844,7,98866,100,99880,100,98834,100,99923,200,98713,100,99974,100,98625,100,100001,100,,,100008,100,,
2019-06-28 10:03:50.000000000,99248,216,99109,216,99360,216,99056,216,99577,216,99055,216,99843,216,98913,216,99844,7,98866,100,99880,100,98834,100,99923,200,98713,100,99974,100,98625,100,100001,100,,,100008,100,,
2019-06-28 10:04:00.000000000,99248,193,99109,193,99360,193,99056,193,99577,193,99055,193,99843,193,98913,193,99844,100,98866,193,99880,100,98834,100,99923,200,98713,100,99974,100,98625,100,100001,100,,,100008,100,,
2019-06-28 10:04:10.000000000,99248,216,99109,216,99360,216,99056,216,99577,216,99055,216,99843,216,98913,216,99844,7,98866,100,99880,100,98834,100,99923,200,98713,100,99974,100,98625,100,100001,100,,,100008,100,,
2019-06-28 10:04:20.000000000,99248,564,99109,564,99360,100,99056,100,99577,100,99055,100,99843,100,98913,100,99844,7,98866,100,99880,100,98834,100,99923,200,98713,100,99974,100,98625,100,100001,100,,,100008,100,,
2019-06-28 10:04:30.000000000,99248,258,99109,258,99360,253,99056,253,99577,253,99055,253,99843,100,98913,100,99844,7,98866,100,99880,100,98834,100,99923,200,98713,100,99974,100,98625,100,100001,100,,,100008,100,,
2019-06-28 10:04:40.000000000,99248,193,99109,193,99360,193,99056,193,99577,193,99055,193,99843,193,98913,193,99844,100,98866,193,99880,100,98834,100,99923,200,98713,100,99974,100,98625,100,100001,100,,,100008,100,,
2019-06-28 10:04:42.128469457,99248,193,99109,193,99360,193,99056,193,99577,193,99055,193,99843,193,98913,193,99844,100,98881,100,99880,100,98866,193,99923,200,98834,100,99974,100,98713,100,100001,100,98625,100,100008,100,,
2019-06-28 10:04:50.000000000,99248,258,99109,258,99360,253,99056,253,99577,253,99055,253,99843,100,98913,100,99844,7,98881,100,99880,100,98866,100,99923,200,98834,100,99974,100,98713,100,100001,100,98625,100,100008,100,,
2019-06-28 10:04:56.934660333,99248,358,99109,258,99360,253,99056,253,99577,253,99055,253,99843,100,98913,100,99844,7,98881,100,99880,100,98866,100,99923,100,98834,100,99974,100,98713,100,100001,100,98625,100,100008,100,,
2019-06-28 10:04:57.134172119,99248,358,99109,258,99360,253,99056,253,99577,253,99055,253,99843,100,99014,100,99844,7,98913,100,99880,100,98881,100,99923,100,98866,100,99974,100,98834,100,100001,100,98713,100,100008,100,98625,100
2019-06-28 10:05:00.000000000,99248,293,99109,193,99360,193,99056,193,99577,193,99055,193,99843,193,99014,193,99844,100,98913,193,99880,100,98881,100,99923,100,98866,100,99974,100,98834,100,100001,100,98713,100,100008,100,98625,100
2019-06-28 10:05:01.646094730,99248,293,99109,193,99360,193,99056,193,99577,193,99055,193,99843,193,99014,193,99844,100,98913,193,99880,100,98881,100,99923,100,98866,100,99974,100,98834,100,100001,100,98713,100,100008,100,98702,100
2019-06-28 10:05:05.505083029,99144,100,99109,193,99248,293,99056,193,99360,193,99055,193,99577,193,99014,193,99843,193,98913,193,99844,100,98881,100,99880,100,98866,100,99923,100,98834,100,99974,100,98713,100,100001,100,98702,100
2019-06-28 10:05:10.000000000,99144,216,99109,216,99248,316,99056,216,99360,216,99055,216,99577,216,99014,216,99843,100,98913,100,99844,7,98881,100,99880,100,98866,100,99923,100,98834,100,99974,100,98713,100,100001,100,98702,100
2019-06-28 10:05:20.000000000,99144,332,99109,332,99248,432,99056,332,99360,100,99055,100,99577,100,99014,100,99843,100,98913,100,99844,7,98881,100,99880,100,98866,100,99923,100,98834,100,99974,100,98713,100,100001,100,98702,100
2019-06-28 10:05:25.566621506,99144,332,99109,332,99168,100,99056,332,99248,432,99055,100,99360,100,99014,100,99577,100,98913,100,99843,100,98881,100,99880,100,98866,100,99923,100,98834,100,99974,100,98713,100,100001,100,98702,100
2019-06-28 10:05:30.000000000,99144,332,99109,332,99168,332,99056,332,99248,200,99055,100,99360,100,99014,100,99577,100,98913,100,99843,100,98881,100,99880,100,98866,100,99923,100,98834,100,99974,100,98713,100,100001,100,98702,100
2019-06-28 10:05:32.225884615,99144,332,99109,332,99168,332,99056,332,99227,100,99014,100,99248,200,98913,100,99360,100,98881,100,99577,100,98866,100,99843,100,98834,100,99880,100,98713,100,99923,100,98702,100,99974,100,98625,100
2019-06-28 10:05:37.900846770,99144,332,99109,332,99168,332,99056,332,99227,100,99014,100,99248,200,98913,100,99277,100,98881,100,99360,100,98866,100,99577,100,98834,100,99843,100,98713,100,99880,100,98702,100,99923,100,98625,100
2019-06-28 10:05:40.000000000,99144,332,99109,332,99168,332,99056,332,99227,100,99014,100,99248,200,98913,100,99277,100,98881,100,99360,100,98866,100,99577,100,98834,100,99843,100,98713,100,99880,100,98702,100,99923,100,98625,100
2019-06-28 10:05:50.000000000,99144,564,99109,564,99168,100,99056,100,99227,100,99014,100,99248,200,98913,100,99277,100,98881,100,99360,100,98866,100,99577,100,98834,100,99843,100,98713,100,99880,100,98702,100,99923,100,98625,100
2019-06-28 10:05:53.560528730,99144,564,99109,564,99168,100,99085,100,99227,100,99056,100,99248,200,99014,100,99277,100,98913,100,99360,100,98866,100,99577,100,98834,100,99843,100,98713,100,99880,100,98702,100,99923,100,98625,100
2019-06-28 10:05:59.606562132,99144,564,99109,464,99168,100,99085,100,99227,100,99056,100,99248,200,99014,100,99277,100,98913,100,99360,100,98866,100,99577,100,98834,100,99843,100,98713,100,99880,100,98702,100,99923,100,98625,100
2019-06-28 10:06:00.000000000,99144,216,99085,216,99168,216,99056,216,99227,216,99014,216,99248,316,98913,216,99277,100,98866,100,99360,100,98834,100,99577,100,98713,100,99843,100,98702,100,99880,100,98625,100,99923,100,,
2019-06-28 10:06:10.000000000,99144,193,99085,193,99168,193,99056,193,99227,193,99014,193,99248,293,98913,193,99277,193,98866,193,99360,100,98834,100,99577,100,98713,100,99843,100,98702,100,99880,100,98625,100,99923,100,,
2019-06-28 10:06:20.000000000,99144,193,99085,193,99168,193,99056,193,99227,193,99014,193,99248,293,98913,193,99277,193,98866,193,99360,100,98834,100,99577,100,98713,100,99843,100,98702,100,99880,100,98625,100,99923,100,,
2019-06-28 10:06:29.455675707,99144,193,99085,193,99168,293,99056,193,99227,193,99014,193,99248,293,98913,193,99277,193,98866,193,99360,100,98834,100,99577,100,98713,100,99843,100,98702,100,99880,100,98625,100,99923,100,,
2019-06-28 10:06:30.000000000,99144,216,99085,216,99168,316,99056,216,99227,216,99014,216,99248,316,98913,216,99277,100,98866,100,99360,100,98834,100,99577,100,98713,100,99843,100,98702,100,99880,100,98625,100,99923,100,,
2019-06-28 10:06:30.915411457,99122,100,99085,216,99144,216,99056,216,99168,316,99014,216,99227,216,98913,216,99248,316,98866,100,99277,100,98834,100,99360,100,98713,100,99577,100,98702,100,99843,100,98625,100,99880,100,,
2019-06-28 10:06:37.118254949,99122,100,99085,116,99144,216,99056,216,99168,316,99014,216,99227,216,98913,216,99248,316,98866,100,99277,100,98834,100,99360,100,98713,100,99577,100,98702,100,99843,100,98625,100,99880,100,,
2019-06-28 10:06:40.000000000,99122,564,99056,564,99144,100,99014,100,99168,200,98913,100,99227,100,98866,100,99248,200,98834,100,99277,100,98713,100,99360,100,98702,100,99577,100,98625,100,99843,100,,,99880,100,,
2019-06-28 10:06:50.000000000,99122,216,99056,216,99144,216,99014,216,99168,316,98913,216,99227,216,98866,216,99248,200,98834,100,99277,100,98713,100,99360,100,98702,100,99577,100,98625,100,99843,100,,,99880,100,,
2019-06-28 10:06:56.336552633,99122,216,99056,216,99144,216,99014,216,99168,316,98913,216,99227,216,98866,216,99248,200,98834,100,99277,100,98713,100,99360,100,98702,100,99369,100,98625,100,99577,100,,,99843,100,,
2019-06-28 10:07:00.000000000,99122,193,99056,193,99144,193,99014,193,99168,293,98913,193,99227,193,98866,193,99248,293,98834,193,99277,100,98713,100,99360,100,98702,100,99369,100,98625,100,99577,100,,,99843,100,,
2019-06-28 10:07:10.000000000,99122,216,99056,216,99144,216,99014,216,99168,316,98913,216,99227,216,98866,216,99248,200,98834,100,99277,100,98713,100,99360,100,98702,100,99369,100,98625,100,99577,100,,,99843,100,,
2019-06-28 10:07:20.000000000,99122,258,99056,258,99144,253,99014,253,99168,353,98913,253,99227,100,98866,100,99248,200,98834,100,99277,100,98713,100,99360,100,98702,100,99369,100,98625,100,99577,100,,,99843,100,,
2019-06-28 10:07:23.937910997,99122,258,99066,100,99144,253,99056,258,99168,353,99014,253,99227,100,98913,253,99248,200,98866,100,99277,100,98834,100,99360,100,98713,100,99369,100,98702,100,99577,100,98625,100,99843,100,,
2019-06-28 10:07:30.000000000,99122,564,99066,564,99144,100,99056,100,99168,200,99014,100,99227,100,98913,100,99248,200,98866,100,99277,100,98834,100,99360,100,98713,100,99369,100,98702,100,99577,100,98625,100,99843,100,,
2019-06-28 10:07:38.018966445,99122,564,99066,564,99144,100,99056,100,99168,200,99014,100,99227,100,98913,100,99231,100,98866,100,99248,200,98834,100,99277,100,98713,100,99360,100,98702,100,99369,100,98625,100,99577,100,,
2019-06-28 10:07:40.000000000,99122,258,99066,258,99144,253,99056,253,99168,353,99014,253,99227,100,98913,100,99231,100,98866,100,99248,200,98834,100,99277,100,98713,100,99360,100,98702,100,99369,100,98625,100,99577,100,,
2019-06-28 10:07:50.000000000,99122,564,99066,564,99144,100,99056,100,99168,200,99014,100,99227,100,98913,100,99231,100,98866,100,99248,200,98834,100,99277,100,98713,100,99360,100,98702,100,99369,100,98625,100,99577,100,,
2019-06-28 10:08:00.000000000,99122,332,99066,332,99144,332,99056,332,99168,200,99014,100,99227,100,98913,100,99231,100,98866,100,99248,200,98834,100,99277,100,98713,100,99360,100,98702,100,99369,100,98625,100,99577,100,,
2019-06-28 10:08:06.863375287,99122,232,99066,332,99144,332,99056,332,99168,200,99014,100,99227,100,98913,100,99231,100,98866,100,99248,200,98834,100,99277,100,98713,100,99360,100,98702,100,99369,100,98625,100,99577,100,,
2019-06-28 10:08:10.000000000,99144,332,99066,332,99168,432,99056,332,99227,100,99014,100,99231,100,98913,100,99248,200,98866,100,99277,100,98834,100,99360,100,98713,100,99369,100,98702,100,99577,100,98625,100,99843,100,,
2019-06-28 10:08:20.000000000,99144,193,99066,193,99168,293,99056,193,99227,193,99014,193,99231,193,98913,193,99248,293,98866,193,99277,100,98834,100,99360,100,98713,100,99369,100,98702,100,99577,100,98625,100,99843,100,,
2019-06-28 10:08:20.069839196,99144,93,99066,193,99168,293,99056,193,99227,193,99014,193,99231,193,98913,193,99248,293,98866,193,99277,100,98834,100,99360,100,98713,100,99369,100,98702,100,99577,100,98625,100,99843,100,,
2019-06-28 10:08:30.000000000,99168,293,99066,193,99227,193,99056,193,99231,193,99014,193,99248,293,98913,193,99277,193,98866,193,99360,100,98834,100,99369,100,98713,100,99577,100,98702,100,99843,100,98625,100,99880,100,,
2019-06-28 10:08:31.680794976,99168,193,99066,193,99227,193,99056,193,99231,193,99014,193,99248,293,98913,193,99277,193,98866,193,99360,100,98834,100,99369,100,98713,100,99577,100,98702,100,99843,100,98625,100,99880,100,,
2019-06-28 10:08:31.927055683,99168,193,99144,100,99227,193,99066,193,99231,193,99056,193,99248,293,99014,193,99277,193,98913,193,99360,100,98866,193,99369,100,98834,100,99577,100,98713,100,99880,100,98702,100,99923,100,98625,100
2019-06-28 10:08:40.000000000,99168,564,99144,564,99227,100,99066,100,99231,100,99056,100,99248,200,99014,100,99277,100,98913,100,99360,100,98866,100,99369,100,98834,100,99577,100,98713,100,99880,100,98702,100,99923,100,98625,100
2019-06-28 10:08:50.000000000,99168,564,99144,564,99227,100,99066,100,99231,100,99056,100,99248,200,99014,100,99277,100,98913,100,99360,100,98866,100,99369,100,98834,100,99577,100,98713,100,99880,100,98702,100,99923,100,98625,100
2019-06-28 10:09:00.000000000,99168,193,99144,193,99227,193,99066,193,99231,193,99056,193,99248,293,99014,193,99277,193,98913,193,99360,100,98866,100,99369,100,98834,100,99577,100,98713,100,99880,100,98702,100,99923,100,98625,100
2019-06-28 10:09:10.000000000,99168,216,99144,216,99227,216,99066,216,99231,216,99056,216,99248,316,99014,216,99277,100,98913,100,99360,100,98866,100,99369,100,98834,100,99577,100,98713,100,99880,100,98702,100,99923,100,98625,100
2019-06-28 10:09:13.772028045,99168,216,99144,216,99227,216,99066,216,99231,216,99056,216,99248,316,99014,216,99360,100,98913,100,99369,100,98866,100,99577,100,98834,100,99880,100,98713,100,99923,100,98702,100,100001,100,98625,100
2019-06-28 10:09:16.983005585,99168,216,99144,216,99227,216,99066,216,99231,216,99056,216,99248,316,99014,216,99360,100,98913,100,99369,100,98866,100,99577,100,98834,100,99880,100,98713,100,99881,100,98702,100,99923,100,98625,100
2019-06-28 10:09:20.000000000,99168,258,99144,258,99227,253,99066,253,99231,253,99056,253,99248,200,99014,100,99360,100,98913,100,99369,100,98866,100,99577,100,98834,100,99880,100,98713,100,99881,100,98702,100,99923,100,98625,100
2019-06-28 10:09:30.000000000,99168,193,99144,193,99227,193,99066,193,99231,193,99056,193,99248,293,99014,193,99360,193,98913,193,99369,100,98866,100,99577,100,98834,100,99880,100,98713,100,99881,100,98702,100,99923,100,98625,100
