,ask_price_1,ask_size_1,bid_price_1,bid_size_1,ask_price_2,ask_size_2,bid_price_2,bid_size_2,ask_price_3,ask_size_3,bid_price_3,bid_size_3,ask_price_4,ask_size_4,bid_price_4,bid_size_4,ask_price_5,ask_size_5,bid_price_5,bid_size_5,ask_price_6,ask_size_6,bid_price_6,bid_size_6,ask_price_7,ask_size_7,bid_price_7,bid_size_7,ask_price_8,ask_size_8,bid_price_8,bid_size_8,ask_price_9,ask_size_9,bid_price_9,bid_size_9,ask_price_10,ask_size_10,bid_price_10,bid_size_10
2019-06-28 09:30:00.000000002,99933,100,,,,,,,,,,,,,,,,,,,,,,,,,,,,,,,,,,,,,,
2019-06-28 09:30:00.000000003,99933,100,99809,100,100116,100,,,,,,,,,,,,,,,,,,,,,,,,,,,,,,,,,,
2019-06-28 09:30:00.000000004,99933,100,99905,100,100116,100,99809,100,,,,,,,,,,,,,,,,,,,,,,,,,,,,,,,,
2019-06-28 09:30:00.000000006,99933,100,99905,100,100083,100,99809,100,100116,100,,,,,,,,,,,,,,,,,,,,,,,,,,,,,,
2019-06-28 09:30:00.000000007,100083,100,99905,100,100116,100,99809,100,,,,,,,,,,,,,,,,,,,,,,,,,,,,,,,,
2019-06-28 09:30:00.000000014,100083,100,99933,100,100116,100,99905,100,,,99809,100,,,,,,,,,,,,,,,,,,,,,,,,,,,,
2019-06-28 09:30:00.000000018,100083,100,99905,100,100116,100,99809,100,,,,,,,,,,,,,,,,,,,,,,,,,,,,,,,,
2019-06-28 09:30:00.000000019,100083,100,99905,100,100116,100,99831,100,,,99809,100,,,,,,,,,,,,,,,,,,,,,,,,,,,,
2019-06-28 09:30:00.000000022,100083,100,100009,100,100116,100,99905,100,,,99831,100,,,99809,100,,,,,,,,,,,,,,,,,,,,,,,,
2019-06-28 09:30:00.000000023,100009,100,99905,100,100083,100,99831,100,100116,100,99809,100,,,,,,,,,,,,,,,,,,,,,,,,,,,,
2019-06-28 09:30:00.000000025,100009,100,99920,100,100083,100,99905,100,100116,100,99831,100,,,99809,100,,,,,,,,,,,,,,,,,,,,,,,,
2019-06-28 09:30:00.000000031,100009,100,99920,100,100083,100,99905,100,100116,100,99840,100,,,99831,100,,,99809,100,,,,,,,,,,,,,,,,,,,,
2019-06-28 09:30:00.000000032,100009,100,99920,100,100083,100,99905,100,100092,100,99840,100,100116,100,99831,100,,,99809,100,,,,,,,,,,,,,,,,,,,,
2019-06-28 09:30:00.000000033,100009,100,99921,100,100083,100,99920,100,100092,100,99905,100,100116,100,99860,100,,,99840,100,,,99831,100,,,99809,100,,,,,,,,,,,,
2019-06-28 09:30:00.000000034,100009,200,99933,100,100083,100,99921,100,100092,100,99920,100,100116,100,99905,100,,,99860,100,,,99840,100,,,99831,100,,,99809,100,,,,,,,,
2019-06-28 09:30:00.000000036,100009,300,99945,100,100083,100,99933,100,100092,100,99921,100,100116,100,99920,100,,,99905,100,,,99860,100,,,99840,100,,,99831,100,,,99809,100,,,,
2019-06-28 09:30:00.000000037,100009,300,99945,100,100054,100,99933,100,100083,100,99921,100,100092,100,99920,100,100116,100,99905,100,,,99860,100,,,99840,100,,,99831,100,,,99809,100,,,,
2019-06-28 09:30:00.000000038,100009,300,99945,100,100054,100,99933,100,100083,100,99921,100,100092,100,99920,100,100116,100,99905,100,100119,100,99860,100,,,99840,100,,,99831,100,,,99809,100,,,,
2019-06-28 09:30:00.000000040,100009,300,99945,100,100054,100,99933,100,100083,100,99921,100,100092,100,99920,100,100116,100,99911,100,100119,100,99905,100,,,99860,100,,,99840,100,,,99831,100,,,99809,100
2019-06-28 09:30:00.000000042,100009,300,99945,100,100054,100,99933,100,100083,100,99921,100,100092,100,99920,100,100116,100,99911,100,100119,100,99905,100,,,99880,100,,,99860,100,,,99840,100,,,99831,100
2019-06-28 09:30:00.000000045,100008,100,99945,100,100009,200,99933,100,100054,100,99921,100,100083,100,99920,100,100092,100,99911,100,100116,100,99905,100,100119,100,99880,100,,,99860,100,,,99840,100,,,99831,100
2019-06-28 09:30:00.000000046,99995,100,99945,100,100009,200,99933,100,100054,100,99921,100,100083,100,99920,100,100092,100,99911,100,100116,100,99905,100,100119,100,99880,100,,,99860,100,,,99840,100,,,99831,100
2019-06-28 09:30:00.000000050,99995,100,99993,100,100009,200,99992,100,100054,100,99945,100,100083,100,99933,100,100092,100,99921,100,100116,100,99920,100,100119,100,99911,100,,,99905,100,,,99880,100,,,99860,100
2019-06-28 09:30:00.000000052,99995,100,99993,100,100009,200,99992,100,100054,100,99985,100,100083,100,99945,100,100092,100,99933,100,100116,100,99921,100,100119,100,99920,100,,,99911,100,,,99905,100,,,99880,100
2019-06-28 09:30:00.000000053,99995,100,99993,100,100009,200,99992,100,100054,100,99985,100,100083,100,99945,100,100092,100,99933,100,100096,100,99921,100,100116,100,99920,100,100119,100,99911,100,,,99905,100,,,99880,100
2019-06-28 09:30:00.000000054,99995,100,99993,100,100009,200,99992,100,100054,100,99985,100,100083,100,99945,100,100092,100,99933,100,100096,100,99921,100,100116,100,99920,100,100119,100,99911,100,100182,100,99905,100,,,99880,100
2019-06-28 09:30:00.000000056,99995,100,99993,100,100009,200,99992,100,100054,100,99985,100,100083,100,99945,100,100092,100,99933,100,100096,100,99921,100,100116,100,99920,100,100119,100,99911,100,100121,100,99905,100,100182,100,99880,100
2019-06-28 09:30:00.000000057,99995,100,99993,100,100009,200,99992,100,100054,100,99985,100,100083,100,99950,100,100092,100,99945,100,100096,100,99933,100,100116,100,99921,100,100119,100,99920,100,100121,100,99911,100,100162,100,99905,100
2019-06-28 09:30:00.000000058,99995,100,99992,100,100009,200,99985,100,100054,100,99950,100,100083,100,99945,100,100092,100,99933,100,100096,100,99921,100,100116,100,99920,100,100119,100,99911,100,100121,100,99905,100,100162,100,99880,100
2019-06-28 09:30:00.000000059,99995,100,99993,100,100009,200,99992,100,100054,100,99985,100,100083,100,99950,100,100092,100,99945,100,100096,100,99934,100,100116,100,99933,100,100119,100,99921,100,100121,100,99920,100,100162,100,99911,100
2019-06-28 09:30:00.000000061,99995,100,99993,100,100009,200,99992,100,100054,100,99985,100,100083,100,99950,100,100092,100,99945,100,100096,100,99934,100,100116,100,99933,100,100119,100,99921,100,100121,100,99920,100,100162,100,99911,100
2019-06-28 09:30:00.000000062,99995,100,99993,200,100009,200,99992,100,100054,100,99985,100,100083,100,99950,100,100092,100,99945,100,100096,100,99934,100,100116,100,99933,100,100119,100,99921,100,100121,100,99920,100,100162,100,99911,100
2019-06-28 09:30:00.000000064,99995,100,99993,300,100009,200,99992,100,100054,100,99985,100,100083,100,99950,100,100092,100,99945,100,100096,100,99934,100,100116,100,99933,100,100119,100,99921,100,100121,100,99920,100,100162,100,99916,100
2019-06-28 09:30:00.000000068,99995,100,99993,300,100009,200,99992,100,100054,100,99986,100,100083,100,99985,100,100092,100,99950,100,100096,100,99945,100,100116,100,99934,100,100119,100,99933,100,100121,100,99921,100,100162,100,99920,100
2019-06-28 09:30:00.000000069,99995,100,99993,300,100009,200,99992,100,100054,100,99986,100,100083,100,99985,100,100092,100,99950,100,100096,100,99945,100,100113,100,99934,100,100116,100,99933,100,100119,100,99921,100,100121,100,99920,100
2019-06-28 09:30:00.000000072,99995,100,99993,300,100009,200,99992,100,100054,100,99986,100,100083,100,99985,100,100092,100,99950,100,100096,100,99945,100,100113,100,99934,100,100116,100,99933,100,100119,100,99921,100,100121,100,99920,100
2019-06-28 09:30:00.000000075,99995,100,99993,400,100008,100,99992,100,100009,200,99986,100,100054,100,99985,100,100083,100,99950,100,100092,100,99945,100,100096,100,99934,100,100113,100,99933,100,100116,100,99921,100,100119,100,99920,100
2019-06-28 09:30:00.000000078,99994,100,99993,400,99995,100,99992,100,100008,100,99986,100,100009,200,99985,100,100054,100,99950,100,100083,100,99945,100,100092,100,99934,100,100096,100,99933,100,100113,100,99921,100,100116,100,99920,100
2019-06-28 09:30:00.000000079,99994,100,99993,400,99995,100,99992,100,100008,100,99986,100,100009,200,99985,100,100054,100,99950,100,100083,100,99945,100,100092,100,99934,100,100096,100,99933,100,100113,100,99921,100,100116,100,99920,100
2019-06-28 09:30:00.000000080,99994,200,99993,400,99995,100,99992,100,100008,100,99986,100,100009,200,99985,100,100054,100,99950,100,100083,100,99945,100,100092,100,99934,100,100096,100,99933,100,100113,100,99921,100,100116,100,99920,100
2019-06-28 09:30:00.000000081,99994,200,99993,300,99995,100,99992,100,100008,100,99986,100,100009,200,99985,100,100054,100,99950,100,100083,100,99945,100,100092,100,99934,100,100096,100,99933,100,100113,100,99921,100,100116,100,99920,100
2019-06-28 09:30:00.000000083,99994,200,99993,300,99995,100,99992,100,100008,100,99986,100,100009,200,99985,100,100054,100,99950,100,100058,100,99945,100,100083,100,99934,100,100092,100,99933,100,100096,100,99921,100,100113,100,99920,100
2019-06-28 09:30:00.000000085,99994,100,99993,200,99995,100,99992,100,100008,100,99986,100,100009,200,99985,100,100054,100,99950,100,100058,100,99945,100,100083,100,99934,100,100092,100,99933,100,100096,100,99921,100,100113,100,99920,100
2019-06-28 09:30:00.000000086,99994,100,99993,100,99995,100,99992,100,100008,100,99986,100,100009,200,99985,100,100054,100,99950,100,100058,100,99945,100,100083,100,99934,100,100092,100,99933,100,100096,100,99921,100,100113,100,99920,100
2019-06-28 09:30:00.000000090,99994,100,99993,200,99995,100,99992,100,100008,100,99986,100,100009,200,99985,100,100054,100,99950,100,100058,100,99945,100,100083,100,99934,100,100092,100,99933,100,100096,100,99921,100,100113,100,99920,100
2019-06-28 09:30:00.000000092,99994,100,99993,100,99995,100,99992,100,100008,100,99986,100,100009,200,99985,100,100054,100,99950,100,100058,100,99945,100,100083,100,99934,100,100092,100,99933,100,100096,100,99921,100,100113,100,99920,100
2019-06-28 09:30:00.000000093,99994,100,99993,100,99995,100,99992,100,100008,100,99986,100,100009,200,99985,100,100054,100,99950,100,100058,100,99945,100,100083,100,99934,100,100085,100,99933,100,100092,100,99921,100,100096,100,99920,100
2019-06-28 09:30:00.000000094,99994,100,99992,100,99995,100,99986,100,100008,100,99985,100,100009,200,99950,100,100019,100,99945,100,100054,100,99934,100,100058,100,99933,100,100083,100,99921,100,100085,100,99920,100,100092,100,99916,100
2019-06-28 09:30:00.000000095,99994,100,99992,100,99995,100,99986,100,100008,100,99985,100,100009,200,99950,100,100019,100,99945,100,100054,100,99934,100,100058,100,99933,100,100083,100,99921,100,100085,100,99920,100,100092,100,99916,100
2019-06-28 09:30:00.000000096,99994,100,99992,100,99995,100,99986,100,100001,100,99985,200,100008,100,99950,100,100009,200,99945,100,100019,100,99934,100,100054,100,99933,100,100058,100,99921,100,100083,100,99920,100,100085,100,99916,100
2019-06-28 09:30:00.000000099,99994,100,99992,100,99995,100,99986,100,100001,100,99985,200,100008,100,99950,100,100009,200,99945,100,100019,100,99934,100,100054,100,99933,100,100058,100,99921,100,100083,100,99920,100,100085,100,99916,100
2019-06-28 09:30:10.000000000,99994,534,99992,534,99995,100,99986,100,100001,100,99985,200,100008,100,99950,100,100009,200,99945,100,100019,100,99934,100,100054,100,99933,100,100058,100,99921,100,100083,100,99920,100,100085,100,99916,100
2019-06-28 09:30:20.000000000,99994,534,99992,534,99995,100,99986,100,100001,100,99985,200,100008,100,99950,100,100009,200,99945,100,100019,100,99934,100,100054,100,99933,100,100058,100,99921,100,100083,100,99920,100,100085,100,99916,100
2019-06-28 09:30:20.969014749,99994,534,99992,534,99995,100,99986,100,100001,100,99985,200,100008,100,99950,100,100009,200,99945,100,100019,100,99933,100,100054,100,99921,100,100058,100,99920,100,100083,100,99916,100,100085,100,99911,100
2019-06-28 09:30:25.159815106,99994,534,99992,434,99995,100,99986,100,100001,100,99985,200,100008,100,99950,100,100009,200,99945,100,100019,100,99933,100,100054,100,99921,100,100058,100,99920,100,100083,100,99916,100,100085,100,99911,100
2019-06-28 09:30:30.000000000,99994,248,99986,248,99995,243,99985,343,100001,243,99950,243,100008,100,99945,100,100009,200,99933,100,100019,100,99921,100,100054,100,99920,100,100058,100,99916,100,100083,100,99911,100,100085,100,99905,100
2019-06-28 09:30:32.697465026,99994,248,99986,248,99995,243,99985,343,100001,243,99950,243,100008,100,99945,100,100009,200,99933,100,100019,100,99921,100,100054,100,99920,100,100058,100,99916,100,100083,100,99911,100,100085,100,99905,100
2019-06-28 09:30:39.115131138,99994,248,99986,248,99995,243,99985,343,100001,243,99950,243,100008,100,99945,100,100009,200,99933,100,100019,100,99921,100,100054,100,99920,100,100058,100,99916,100,100083,100,99911,100,100085,100,99905,100
2019-06-28 09:30:40.000000000,99994,534,99986,534,99995,100,99985,200,100001,100,99950,100,100008,100,99945,100,100009,200,99933,100,100019,100,99921,100,100054,100,99920,100,100058,100,99916,100,100083,100,99911,100,100085,100,99905,100
2019-06-28 09:30:50.000000000,99994,534,99986,534,99995,100,99985,200,100001,100,99950,100,100008,100,99945,100,100009,200,99933,100,100019,100,99921,100,100054,100,99920,100,100058,100,99916,100,100083,100,99911,100,100085,100,99905,100
2019-06-28 09:31:00.000000000,99994,248,99986,248,99995,243,99985,343,100001,243,99950,243,100008,100,99945,100,100009,200,99933,100,100019,100,99921,100,100054,100,99920,100,100058,100,99916,100,100083,100,99911,100,100085,100,99905,100
2019-06-28 09:31:10.000000000,99994,534,99986,534,99995,100,99985,200,100001,100,99950,100,100008,100,99945,100,100009,200,99933,100,100019,100,99921,100,100054,100,99920,100,100058,100,99916,100,100083,100,99911,100,100085,100,99905,100
2019-06-28 09:31:16.849612786,99994,534,99986,434,99995,100,99985,200,100001,100,99950,100,100008,100,99945,100,100009,200,99933,100,100019,100,99921,100,100054,100,99920,100,100058,100,99916,100,100083,100,99911,100,100085,100,99905,100
2019-06-28 09:31:20.000000000,99994,187,99985,287,99995,187,99950,187,100001,187,99945,187,100008,187,99933,187,100009,287,99921,187,100019,100,99920,100,100054,100,99916,100,100058,100,99911,100,100083,100,99905,100,100085,100,99903,100
2019-06-28 09:31:25.604096952,99994,187,99985,187,99995,187,99950,187,100001,187,99945,187,100008,187,99933,187,100009,287,99921,187,100019,100,99920,100,100054,100,99916,100,100058,100,99911,100,100083,100,99905,100,100085,100,99903,100
2019-06-28 09:31:29.799265502,99994,187,99985,187,99995,187,99950,187,100001,187,99945,187,100008,187,99933,187,100009,287,99928,100,100019,100,99921,187,100054,100,99920,100,100058,100,99916,100,100083,100,99911,100,100085,100,99905,100
2019-06-28 09:31:30.000000000,99994,248,99985,248,99995,243,99950,243,100001,243,99945,243,100008,100,99933,100,100009,200,99928,100,100019,100,99921,100,100054,100,99920,100,100058,100,99916,100,100083,100,99911,100,100085,100,99905,100
2019-06-28 09:31:36.203400685,99994,148,99985,248,99995,243,99950,243,100001,243,99945,243,100008,100,99933,100,100009,200,99928,100,100019,100,99921,100,100054,100,99920,100,100058,100,99916,100,100083,100,99911,100,100085,100,99905,100
2019-06-28 09:31:40.000000000,99995,208,99985,208,100001,208,99950,208,100008,208,99945,208,100009,308,99933,208,100019,100,99928,100,100054,100,99921,100,100058,100,99920,100,100083,100,99916,100,100085,100,99911,100,100092,100,99905,100
2019-06-28 09:31:42.993146239,99993,100,99985,208,99995,208,99950,208,100001,208,99945,208,100008,208,99933,208,100009,308,99928,100,100019,100,99921,100,100054,100,99920,100,100058,100,99916,100,100083,100,99911,100,100085,100,99905,100
2019-06-28 09:31:46.421840027,99993,100,99985,208,99995,208,99950,208,100001,208,99945,208,100008,108,99933,208,100009,308,99928,100,100019,100,99921,100,100054,100,99920,100,100058,100,99916,100,100083,100,99911,100,100085,100,99905,100
2019-06-28 09:31:47.889455907,99993,100,99985,208,99995,208,99950,208,100001,208,99945,208,100006,100,99933,208,100008,108,99928,100,100009,308,99921,100,100019,100,99920,100,100054,100,99916,100,100058,100,99911,100,100083,100,99905,100
2019-06-28 09:31:50.000000000,99993,317,99985,317,99995,317,99950,317,100001,100,99945,100,100006,100,99933,100,100009,200,99928,100,100019,100,99921,100,100054,100,99920,100,100058,100,99916,100,100083,100,99911,100,100085,100,99905,100
2019-06-28 09:31:55.891147709,99993,317,99985,317,99995,317,99950,317,100001,100,99945,100,100006,100,99933,100,100009,100,99928,100,100019,100,99921,100,100054,100,99920,100,100058,100,99916,100,100083,100,99911,100,100085,100,99905,100
2019-06-28 09:32:00.000000000,99993,248,99985,248,99995,243,99950,243,100001,243,99945,243,100006,100,99933,100,100009,100,99928,100,100019,100,99921,100,100054,100,99920,100,100058,100,99916,100,100083,100,99911,100,100085,100,99905,100
2019-06-28 09:32:08.951676428,99993,248,99985,248,99995,243,99950,243,100001,243,99945,243,100006,100,99933,100,100009,100,99928,100,100019,100,99921,100,100054,200,99920,100,100058,100,99916,100,100083,100,99911,100,100085,100,99905,100
2019-06-28 09:32:10.000000000,99993,187,99985,187,99995,187,99950,187,100001,187,99945,187,100006,187,99933,187,100009,187,99928,187,100019,100,99921,100,100054,200,99920,100,100058,100,99916,100,100083,100,99911,100,100085,100,99905,100
2019-06-28 09:32:20.000000000,99993,208,99985,208,99995,208,99950,208,100001,208,99945,208,100006,208,99933,208,100009,100,99928,100,100019,100,99921,100,100054,200,99920,100,100058,100,99916,100,100083,100,99911,100,100085,100,99905,100
2019-06-28 09:32:30.000000000,99993,248,99985,248,99995,243,99950,243,100001,243,99945,243,100006,100,99933,100,100009,100,99928,100,100019,100,99921,100,100054,200,99920,100,100058,100,99916,100,100083,100,99911,100,100085,100,99905,100
2019-06-28 09:32:34.708839907,99993,148,99985,248,99995,243,99950,243,100001,243,99945,243,100006,100,99933,100,100009,100,99928,100,100054,200,99921,100,100058,100,99920,100,100083,100,99916,100,100085,100,99911,100,100092,100,99905,100
2019-06-28 09:32:37.779818437,99993,48,99985,248,99995,243,99950,243,100001,243,99945,243,100006,100,99933,100,100009,100,99928,100,100054,100,99921,100,100058,100,99920,100,100083,100,99916,100,100085,100,99911,100,100092,100,99905,100
2019-06-28 09:32:38.564280668,99995,243,99993,52,100001,243,99985,248,100006,100,99950,243,100009,100,99945,243,100054,100,99933,100,100058,100,99928,100,100083,100,99921,100,100085,100,99920,100,100095,100,99916,100,100097,100,99911,100
2019-06-28 09:32:40.000000000,99995,534,99993,486,100001,100,99985,100,100006,100,99950,100,100009,100,99945,100,100054,100,99933,100,100058,100,99928,100,100083,100,99921,100,100085,100,99920,100,100095,100,99916,100,100097,100,99911,100
2019-06-28 09:32:44.982855846,99995,434,99993,486,100001,100,99985,100,100006,100,99950,100,100009,100,99945,100,100054,100,99933,100,100058,100,99928,100,100083,100,99921,100,100085,100,99920,100,100095,100,99916,100,100097,100,99911,100
2019-06-28 09:32:50.000000000,100001,534,99993,486,100006,100,99985,100,100009,100,99950,100,100054,100,99945,100,100058,100,99933,100,100083,100,99928,100,100085,100,99921,100,100095,100,99920,100,100097,100,99916,100,100113,100,99911,100
2019-06-28 09:32:58.493169953,100001,434,99993,486,100006,100,99985,100,100009,100,99950,100,100054,100,99945,100,100058,100,99933,100,100083,100,99921,100,100085,100,99920,100,100095,100,99916,100,100097,100,99911,100,100113,100,99905,100
2019-06-28 09:33:00.000000000,100006,534,99993,486,100009,100,99985,100,100054,100,99950,100,100058,100,99945,100,100083,100,99933,100,100085,100,99921,100,100095,100,99920,100,100097,100,99916,100,100113,100,99911,100,100116,100,99905,100
2019-06-28 09:33:10.000000000,100006,248,99993,200,100009,243,99985,243,100054,243,99950,243,100058,100,99945,100,100083,100,99933,100,100085,100,99921,100,100095,100,99920,100,100097,100,99916,100,100113,100,99911,100,100116,100,99905,100
2019-06-28 09:33:11.635993236,100006,148,99993,200,100009,243,99985,243,100054,243,99950,243,100058,100,99945,100,100083,100,99933,100,100085,100,99921,100,100095,100,99920,100,100097,100,99916,100,100113,100,99911,100,100116,100,99905,100
2019-06-28 09:33:17.416384300,100006,148,100001,100,100009,243,99993,200,100054,243,99985,243,100058,100,99950,243,100083,100,99945,100,100085,100,99933,100,100095,100,99921,100,100097,100,99920,100,100113,100,99916,100,100116,100,99911,100
2019-06-28 09:33:20.000000000,100009,317,100001,317,100054,317,99993,269,100058,100,99985,100,100083,100,99950,100,100085,100,99945,100,100095,100,99933,100,100097,100,99921,100,100113,100,99920,100,100116,100,99916,100,100121,100,99911,100
2019-06-28 09:33:30.000000000,100009,208,100001,208,100054,208,99993,160,100058,208,99985,208,100083,208,99950,208,100085,100,99945,100,100095,100,99933,100,100097,100,99921,100,100113,100,99920,100,100116,100,99916,100,100121,100,99911,100
2019-06-28 09:33:38.875838115,100009,208,100001,208,100054,208,99993,160,100058,208,99985,208,100083,208,99950,208,100085,100,99945,100,100095,100,99933,100,100097,100,99921,100,100113,100,99920,100,100116,100,99916,100,100121,100,99911,100
2019-06-28 09:33:40.000000000,100009,534,100001,534,100054,100,99993,52,100058,100,99985,100,100083,100,99950,100,100085,100,99945,100,100095,100,99933,100,100097,100,99921,100,100113,100,99920,100,100116,100,99916,100,100121,100,99911,100
2019-06-28 09:33:50.000000000,100009,317,100001,317,100054,317,99993,269,100058,100,99985,100,100083,100,99950,100,100085,100,99945,100,100095,100,99933,100,100097,100,99921,100,100113,100,99920,100,100116,100,99916,100,100121,100,99911,100
2019-06-28 09:34:00.000000000,100009,208,100001,208,100054,208,99993,160,100058,208,99985,208,100083,208,99950,208,100085,100,99945,100,100095,100,99933,100,100097,100,99921,100,100113,100,99920,100,100116,100,99916,100,100121,100,99911,100
2019-06-28 09:34:10.000000000,100009,187,100001,187,100054,187,99993,139,100058,187,99985,187,100083,187,99950,187,100085,187,99945,187,100095,100,99933,100,100097,100,99921,100,100113,100,99920,100,100116,100,99916,100,100121,100,99911,100
2019-06-28 09:34:16.042492841,100009,87,100001,187,100054,187,99993,139,100058,187,99985,187,100083,87,99950,187,100085,187,99945,187,100095,100,99933,100,100097,100,99921,100,100113,100,99920,100,100116,100,99916,100,100121,100,99911,100
2019-06-28 09:34:17.379162776,100009,87,100001,187,100054,187,99993,139,100058,187,99985,187,100083,87,99950,187,100085,187,99945,187,100095,100,99933,100,100097,100,99921,100,100113,100,99920,100,100116,100,99916,100,100121,100,99911,100
2019-06-28 09:34:20.000000000,100054,208,100001,208,100058,208,99993,160,100085,208,99985,208,100095,208,99950,208,100097,100,99945,100,100113,100,99933,100,100116,100,99921,100,100121,100,99920,100,100124,100,99916,100,100162,200,99911,100
2019-06-28 09:34:30.000000000,100054,534,100001,534,100058,100,99993,52,100085,100,99985,100,100095,100,99950,100,100097,100,99945,100,100113,100,99933,100,100116,100,99921,100,100121,100,99920,100,100124,100,99916,100,100162,200,99911,100
2019-06-28 09:34:38.281389350,100054,434,100001,534,100058,100,99993,52,100085,100,99985,100,100097,100,99950,100,100113,100,99945,100,100116,100,99933,100,100121,100,99921,100,100124,100,99920,100,100162,200,99916,100,100182,100,99911,100
2019-06-28 09:34:40.000000000,100058,317,100001,317,100085,317,99993,269,100097,100,99985,100,100113,100,99950,100,100116,100,99945,100,100121,100,99933,100,100124,100,99921,100,100162,200,99920,100,100182,100,99916,100,100271,100,99911,100
2019-06-28 09:34:48.905253190,100058,317,100001,317,100085,317,99993,269,100097,100,99985,100,100113,100,99950,100,100116,100,99945,100,100121,100,99933,100,100124,100,99921,100,100162,200,99920,100,100182,100,99916,100,100271,100,99911,100
2019-06-28 09:34:50.000000000,100058,534,100001,534,100085,100,99993,52,100097,100,99985,100,100113,100,99950,100,100116,100,99945,100,100121,100,99933,100,100124,100,99921,100,100162,200,99920,100,100182,100,99916,100,100271,100,99911,100
2019-06-28 09:35:00.000000000,100058,534,100001,534,100085,100,99993,52,100097,100,99985,100,100113,100,99950,100,100116,100,99945,100,100121,100,99933,100,100124,100,99921,100,100162,200,99920,100,100182,100,99916,100,100271,100,99911,100
2019-06-28 09:35:10.000000000,100058,187,100001,187,100085,187,99993,139,100097,187,99985,187,100113,187,99950,187,100116,187,99945,187,100121,100,99933,100,100124,100,99921,100,100162,200,99920,100,100182,100,99916,100,100271,100,99911,100
2019-06-28 09:35:20.000000000,100058,187,100001,187,100085,187,99993,139,100097,187,99985,187,100113,187,99950,187,100116,187,99945,187,100121,100,99933,100,100124,100,99921,100,100162,200,99920,100,100182,100,99916,100,100271,100,99911,100
2019-06-28 09:35:22.048893137,100058,187,100001,187,100085,187,99993,139,100097,187,99985,187,100113,187,99950,187,100116,187,99945,187,100121,100,99933,100,100124,100,99921,100,100162,200,99920,100,100182,100,99916,100,100271,100,99911,100
2019-06-28 09:35:30.000000000,100058,317,100001,317,100085,317,99993,269,100097,100,99985,100,100113,100,99950,100,100116,100,99945,100,100121,100,99933,100,100124,100,99921,100,100162,200,99920,100,100182,100,99916,100,100271,100,99911,100
2019-06-28 09:35:34.519563217,100058,317,100001,317,100085,317,99993,269,100097,100,99985,100,100113,100,99950,100,100116,100,99945,100,100121,100,99933,100,100124,100,99921,100,100162,200,99920,100,100182,100,99916,100,100271,100,99911,100
2019-06-28 09:35:35.934938623,100058,217,100001,317,100085,317,99993,269,100097,100,99985,100,100113,100,99950,100,100116,100,99945,100,100121,100,99933,100,100124,100,99921,100,100162,200,99920,100,100182,100,99916,100,100271,100,99911,100
2019-06-28 09:35:38.199400945,100058,217,100009,100,100085,317,100001,317,100097,100,99993,269,100113,100,99985,100,100116,100,99950,100,100121,100,99945,100,100124,100,99933,100,100162,200,99921,100,100182,100,99920,100,100271,100,99916,100
2019-06-28 09:35:40.000000000,100085,208,100009,208,100097,208,100001,208,100113,208,99993,160,100116,208,99985,208,100121,100,99950,100,100124,100,99945,100,100162,200,99933,100,100182,100,99921,100,100271,100,99920,100,100572,100,99916,100
2019-06-28 09:35:42.398597522,100085,208,100009,308,100097,208,100001,208,100113,208,99993,160,100116,208,99985,208,100121,100,99950,100,100124,100,99945,100,100162,200,99933,100,100182,100,99921,100,100271,100,99920,100,100572,100,99916,100
2019-06-28 09:35:50.000000000,100085,317,100009,417,100097,317,100001,317,100113,100,99993,52,100116,100,99985,100,100121,100,99950,100,100124,100,99945,100,100162,200,99933,100,100182,100,99921,100,100271,100,99920,100,100572,100,99916,100
2019-06-28 09:36:00.000000000,100085,534,100009,634,100097,100,100001,100,100113,100,99993,52,100116,100,99985,100,100121,100,99950,100,100124,100,99945,100,100162,200,99933,100,100182,100,99921,100,100271,100,99920,100,100572,100,99916,100
2019-06-28 09:36:10.000000000,100085,208,100009,308,100097,208,100001,208,100113,208,99993,160,100116,208,99985,208,100121,100,99950,100,100124,100,99945,100,100162,200,99933,100,100182,100,99921,100,100271,100,99920,100,100572,100,99916,100
2019-06-28 09:36:13.746038090,100085,208,100009,208,100097,208,100001,208,100113,208,99993,160,100116,208,99985,208,100121,100,99950,100,100124,100,99945,100,100162,200,99933,100,100182,100,99921,100,100271,100,99920,100,100572,100,99916,100
2019-06-28 09:36:20.000000000,100085,317,100009,317,100097,317,100001,317,100113,100,99993,52,100116,100,99985,100,100121,100,99950,100,100124,100,99945,100,100162,200,99933,100,100182,100,99921,100,100271,100,99920,100,100572,100,99916,100
2019-06-28 09:36:24.888920586,100085,317,100009,317,100097,217,100001,317,100113,100,99993,52,100116,100,99985,100,100121,100,99950,100,100124,100,99945,100,100162,200,99933,100,100182,100,99921,100,100271,100,99920,100,100572,100,99916,100
2019-06-28 09:36:30.000000000,100085,208,100009,208,100113,208,100001,208,100116,208,99993,160,100121,208,99985,208,100124,100,99950,100,100162,200,99945,100,100182,100,99933,100,100271,100,99921,100,100572,100,99920,100,100719,100,99916,100
2019-06-28 09:36:38.003985816,100085,208,100009,208,100113,208,100001,208,100116,208,99993,160,100121,208,99985,208,100124,100,99950,100,100162,200,99945,100,100182,100,99934,100,100572,100,99933,100,100719,100,99921,100,100759,100,99920,100
2019-06-28 09:36:40.000000000,100085,187,100009,187,100113,187,100001,187,100116,187,99993,139,100121,187,99985,187,100124,187,99950,187,100162,200,99945,100,100182,100,99934,100,100572,100,99933,100,100719,100,99921,100,100759,100,99920,100
2019-06-28 09:36:50.000000000,100085,534,100009,534,100113,100,100001,100,100116,100,99993,52,100121,100,99985,100,100124,100,99950,100,100162,200,99945,100,100182,100,99934,100,100572,100,99933,100,100719,100,99921,100,100759,100,99920,100
2019-06-28 09:37:00.000000000,100085,534,100009,534,100113,100,100001,100,100116,100,99993,52,100121,100,99985,100,100124,100,99950,100,100162,200,99945,100,100182,100,99934,100,100572,100,99933,100,100719,100,99921,100,100759,100,99920,100
2019-06-28 09:37:03.340258943,100085,534,100009,534,100113,100,100001,100,100116,100,99993,52,100121,100,99985,100,100124,100,99950,100,100162,200,99945,100,100182,100,99934,100,100572,100,99921,100,100719,100,99920,100,100759,100,99916,100
2019-06-28 09:37:10.000000000,100085,534,100009,534,100113,100,100001,100,100116,100,99993,52,100121,100,99985,100,100124,100,99950,100,100162,200,99945,100,100182,100,99934,100,100572,100,99921,100,100719,100,99920,100,100759,100,99916,100
2019-06-28 09:37:13.817892613,100085,534,100009,434,100113,100,100001,100,100116,100,99993,52,100121,100,99985,100,100124,100,99950,100,100162,200,99945,100,100182,100,99934,100,100572,100,99921,100,100719,100,99920,100,100759,100,99916,100
2019-06-28 09:37:20.000000000,100085,208,100001,208,100113,208,99993,160,100116,208,99985,208,100121,208,99950,208,100124,100,99945,100,100162,200,99934,100,100182,100,99921,100,100572,100,99920,100,100719,100,99916,100,100759,100,99905,100
2019-06-28 09:37:29.915440308,100085,208,100001,208,100113,208,99993,108,100116,208,99985,208,100121,208,99950,208,100124,100,99945,100,100162,200,99934,100,100182,100,99921,100,100572,100,99920,100,100719,100,99916,100,100759,100,99905,100
2019-06-28 09:37:30.000000000,100085,248,100001,248,100113,243,99985,243,100116,243,99950,243,100121,100,99945,100,100124,100,99934,100,100162,200,99921,100,100182,100,99920,100,100572,100,99916,100,100719,100,99905,100,100759,100,99880,100
2019-06-28 09:37:36.279743461,100085,248,100001,248,100113,243,99985,243,100116,243,99950,243,100121,100,99945,100,100162,200,99934,100,100182,100,99921,100,100572,100,99920,100,100719,100,99916,100,100759,100,99905,100,100876,100,99880,100
2019-06-28 09:37:40.000000000,100085,248,100001,248,100113,243,99985,243,100116,243,99950,243,100121,100,99945,100,100162,200,99934,100,100182,100,99921,100,100572,100,99920,100,100719,100,99916,100,100759,100,99905,100,100876,100,99880,100
2019-06-28 09:37:42.930730007,100085,248,100001,248,100113,243,99985,243,100116,243,99976,100,100121,100,99950,243,100162,200,99934,100,100182,100,99921,100,100572,100,99920,100,100719,100,99916,100,100759,100,99905,100,100876,100,99880,100
2019-06-28 09:37:50.000000000,100085,248,100001,248,100113,243,99985,243,100116,243,99976,243,100121,100,99950,100,100162,200,99934,100,100182,100,99921,100,100572,100,99920,100,100719,100,99916,100,100759,100,99905,100,100876,100,99880,100
2019-06-28 09:38:00.000000000,100085,208,100001,208,100113,208,99985,208,100116,208,99976,208,100121,208,99950,208,100162,200,99934,100,100182,100,99921,100,100572,100,99920,100,100719,100,99916,100,100759,100,99905,100,100876,100,99880,100
2019-06-28 09:38:10.000000000,100085,187,100001,187,100113,187,99985,187,100116,187,99976,187,100121,187,99950,187,100162,287,99934,187,100182,100,99921,100,100572,100,99920,100,100719,100,99916,100,100759,100,99905,100,100876,100,99880,100
2019-06-28 09:38:20.000000000,100085,208,100001,208,100113,208,99985,208,100116,208,99976,208,100121,208,99950,208,100162,200,99934,100,100182,100,99921,100,100572,100,99920,100,100719,100,99916,100,100759,100,99905,100,100876,100,99880,100
2019-06-28 09:38:30.000000000,100085,534,100001,534,100113,100,99985,100,100116,100,99976,100,100121,100,99950,100,100162,200,99934,100,100182,100,99921,100,100572,100,99920,100,100719,100,99916,100,100759,100,99905,100,100876,100,99880,100
2019-06-28 09:38:39.307848860,100085,534,100001,434,100113,100,99985,100,100116,100,99976,100,100121,100,99950,100,100162,200,99934,100,100182,100,99921,100,100572,100,99920,100,100719,100,99916,100,100759,100,99905,100,100876,100,99880,100
2019-06-28 09:38:39.499964603,100085,534,100001,434,100113,100,99985,100,100116,100,99976,100,100121,100,99950,100,100162,200,99934,100,100182,100,99921,100,100572,100,99920,100,100719,100,99916,100,100759,100,99905,100,100876,100,99880,100
2019-06-28 09:38:40.000000000,100085,248,99985,248,100113,243,99976,243,100116,243,99950,243,100121,100,99934,100,100162,200,99921,100,100182,100,99920,100,100572,100,99916,100,100719,100,99905,100,100759,100,99880,100,100876,100,99877,100
2019-06-28 09:38:47.185706279,100085,248,99985,248,100113,243,99976,243,100116,243,99950,243,100121,100,99934,100,100162,200,99921,100,100182,100,99920,100,100572,100,99916,100,100719,100,99905,100,100759,100,99880,100,100876,100,99877,100
2019-06-28 09:38:50.000000000,100085,248,99985,248,100113,243,99976,243,100116,243,99950,243,100121,100,99934,100,100162,200,99921,100,100182,100,99920,100,100572,100,99916,100,100719,100,99905,100,100759,100,99880,100,100876,100,99877,100
2019-06-28 09:39:00.000000000,100085,534,99985,534,100113,100,99976,100,100116,100,99950,100,100121,100,99934,100,100162,200,99921,100,100182,100,99920,100,100572,100,99916,100,100719,100,99905,100,100759,100,99880,100,100876,100,99877,100
2019-06-28 09:39:09.639272624,100085,534,99985,434,100113,100,99976,100,100116,100,99950,100,100121,100,99934,100,100162,200,99921,100,100182,100,99920,100,100572,100,99916,100,100719,100,99905,100,100759,100,99880,100,100876,100,99877,100
2019-06-28 09:39:10.000000000,100085,248,99976,248,100113,243,99950,243,100116,243,99934,243,100121,100,99921,100,100162,200,99920,100,100182,100,99916,100,100572,100,99905,100,100719,100,99880,100,100759,100,99877,100,100876,100,99860,100
2019-06-28 09:39:20.000000000,100085,248,99976,248,100113,243,99950,243,100116,243,99934,243,100121,100,99921,100,100162,200,99920,100,100182,100,99916,100,100572,100,99905,100,100719,100,99880,100,100759,100,99877,100,100876,100,99860,100
2019-06-28 09:39:30.000000000,100085,317,99976,317,100113,317,99950,317,100116,100,99934,100,100121,100,99921,100,100162,200,99920,100,100182,100,99916,100,100572,100,99905,100,100719,100,99880,100,100759,100,99877,100,100876,100,99860,100
2019-06-28 09:39:40.000000000,100085,534,99976,534,100113,100,99950,100,100116,100,99934,100,100121,100,99921,100,100162,200,99920,100,100182,100,99916,100,100572,100,99905,100,100719,100,99880,100,100759,100,99877,100,100876,100,99860,100
2019-06-28 09:39:41.284179744,100085,534,99976,434,100113,100,99950,100,100116,100,99934,100,100121,100,99921,100,100162,200,99920,100,100182,100,99916,100,100572,100,99905,100,100719,100,99880,100,100759,100,99877,100,100876,100,99860,100
2019-06-28 09:39:43.547810917,99985,100,99976,434,100085,534,99950,100,100113,100,99934,100,100116,100,99921,100,100121,100,99920,100,100162,200,99916,100,100182,100,99905,100,100572,100,99880,100,100719,100,99877,100,100759,100,99860,100
2019-06-28 09:39:50.000000000,99985,534,99950,534,100085,100,99934,100,100113,100,99921,100,100116,100,99920,100,100121,100,99916,100,100162,200,99905,100,100182,100,99880,100,100572,100,99877,100,100719,100,99860,100,100759,100,99831,100
2019-06-28 09:40:00.000000000,99985,317,99950,317,100085,317,99934,317,100113,100,99921,100,100116,100,99920,100,100121,100,99916,100,100162,200,99905,100,100182,100,99880,100,100572,100,99877,100,100719,100,99860,100,100759,100,99831,100
2019-06-28 09:40:10.000000000,99985,534,99950,534,100085,100,99934,100,100113,100,99921,100,100116,100,99920,100,100121,100,99916,100,100162,200,99905,100,100182,100,99880,100,100572,100,99877,100,100719,100,99860,100,100759,100,99831,100
2019-06-28 09:40:20.000000000,99985,187,99950,187,100085,187,99934,187,100113,187,99921,187,100116,187,99920,187,100121,187,99916,187,100162,200,99905,100,100182,100,99880,100,100572,100,99877,100,100719,100,99860,100,100759,100,99831,100
2019-06-28 09:40:22.210263674,99985,187,99950,87,100085,187,99934,187,100113,187,99921,187,100116,187,99920,187,100121,187,99916,187,100162,200,99905,100,100182,100,99880,100,100572,100,99877,100,100719,100,99860,100,100759,100,99831,100
2019-06-28 09:40:30.000000000,99985,208,99934,208,100085,208,99921,208,100113,208,99920,208,100116,208,99916,208,100121,100,99905,100,100162,200,99880,100,100182,100,99877,100,100572,100,99860,100,100719,100,99831,100,100759,100,99809,100
2019-06-28 09:40:34.032207210,99985,208,99934,108,100085,208,99921,208,100113,208,99920,208,100116,208,99916,208,100121,100,99905,100,100162,200,99880,100,100182,100,99877,100,100572,100,99831,100,100719,100,99809,100,100759,100,99801,100
2019-06-28 09:40:40.000000000,99985,534,99921,534,100085,100,99920,100,100113,100,99916,100,100116,100,99905,100,100121,100,99880,100,100162,200,99877,100,100182,100,99831,100,100572,100,99809,100,100719,100,99801,100,100759,100,99570,100
2019-06-28 09:40:42.212504693,99985,534,99921,434,100085,100,99920,100,100113,100,99916,100,100116,100,99905,100,100121,100,99880,100,100162,200,99877,100,100182,100,99831,100,100572,100,99809,100,100719,100,99801,100,100759,100,99570,100
2019-06-28 09:40:50.000000000,99985,317,99920,317,100085,317,99916,317,100113,100,99905,100,100116,100,99880,100,100121,100,99877,100,100162,200,99831,100,100182,100,99809,100,100572,100,99801,100,100719,100,99570,100,100759,100,99192,100
2019-06-28 09:41:00.000000000,99985,317,99920,317,100085,317,99916,317,100113,100,99905,100,100116,100,99880,100,100121,100,99877,100,100162,200,99831,100,100182,100,99809,100,100572,100,99801,100,100719,100,99570,100,100759,100,99192,100
2019-06-28 09:41:01.095912836,99985,317,99920,317,100085,317,99916,317,100113,100,99905,100,100116,100,99880,100,100121,100,99877,100,100162,200,99831,100,100182,100,99809,100,100572,100,99801,100,100719,100,99570,100,100759,100,99192,100
2019-06-28 09:41:10.000000000,99985,208,99920,208,100085,208,99916,208,100113,208,99905,208,100116,208,99880,208,100121,100,99877,100,100162,200,99831,100,100182,100,99809,100,100572,100,99801,100,100719,100,99570,100,100759,100,99192,100
2019-06-28 09:41:20.000000000,99985,248,99920,248,100085,243,99916,243,100113,243,99905,243,100116,100,99880,100,100121,100,99877,100,100162,200,99831,100,100182,100,99809,100,100572,100,99801,100,100719,100,99570,100,100759,100,99192,100
2019-06-28 09:41:22.683470192,99985,248,99920,48,100085,243,99916,243,100113,243,99905,243,100116,100,99880,100,100121,100,99877,100,100162,200,99831,100,100182,100,99809,100,100572,100,99801,100,100719,100,99570,100,100759,100,99192,100
2019-06-28 09:41:27.621144429,99985,248,99920,48,100085,243,99916,243,100113,243,99905,243,100116,100,99877,100,100121,100,99831,100,100162,200,99809,100,100182,100,99801,100,100572,100,99570,100,100719,100,99192,100,100759,100,99127,100
2019-06-28 09:41:30.000000000,99985,208,99916,208,100085,208,99905,208,100113,208,99877,208,100116,208,99831,208,100121,100,99809,100,100162,200,99801,100,100182,100,99570,100,100572,100,99192,100,100719,100,99127,100,100759,100,99053,100
2019-06-28 09:41:37.142258652,99985,208,99916,108,100085,208,99905,208,100113,208,99877,208,100116,208,99831,208,100162,200,99809,100,100182,100,99801,100,100572,100,99570,100,100719,100,99192,100,100759,100,99127,100,100876,100,99053,100
2019-06-28 09:41:40.000000000,99985,534,99905,534,100085,100,99877,100,100113,100,99831,100,100116,100,99809,100,100162,200,99801,100,100182,100,99570,100,100572,100,99192,100,100719,100,99127,100,100759,100,99053,100,100876,100,99032,100
2019-06-28 09:41:50.000000000,99985,208,99905,208,100085,208,99877,208,100113,208,99831,208,100116,208,99809,208,100162,200,99801,100,100182,100,99570,100,100572,100,99192,100,100719,100,99127,100,100759,100,99053,100,100876,100,99032,100
2019-06-28 09:41:57.990049991,99985,208,99905,208,100085,208,99877,208,100113,208,99831,208,100116,208,99809,208,100162,200,99801,100,100182,100,99570,100,100572,100,99192,100,100719,100,99127,100,100759,100,99053,100,100876,100,99032,100
2019-06-28 09:41:59.097354606,99985,208,99905,208,100085,208,99877,208,100113,208,99831,208,100116,208,99809,208,100162,200,99801,100,100182,100,99570,100,100572,100,99192,100,100719,100,99127,100,100759,100,99032,100,100876,100,98987,100
2019-06-28 09:42:00.000000000,99985,187,99905,187,100085,187,99877,187,100113,187,99831,187,100116,187,99809,187,100162,287,99801,187,100182,100,99570,100,100572,100,99192,100,100719,100,99127,100,100759,100,99032,100,100876,100,98987,100
2019-06-28 09:42:03.168535307,99985,187,99905,187,100085,187,99877,187,100113,187,99831,187,100116,187,99809,187,100162,287,99801,187,100182,100,99570,100,100572,100,99192,100,100719,100,99127,100,100759,100,99032,100,100876,100,98987,100
2019-06-28 09:42:10.000000000,99985,534,99905,534,100085,100,99877,100,100113,100,99831,100,100116,100,99809,100,100162,200,99801,100,100182,100,99570,100,100572,100,99192,100,100719,100,99127,100,100759,100,99032,100,100876,100,98987,100
2019-06-28 09:42:20.000000000,99985,317,99905,317,100085,317,99877,317,100113,100,99831,100,100116,100,99809,100,100162,200,99801,100,100182,100,99570,100,100572,100,99192,100,100719,100,99127,100,100759,100,99032,100,100876,100,98987,100
2019-06-28 09:42:24.031931917,99920,100,99905,317,99985,317,99877,317,100085,317,99831,100,100113,100,99809,100,100116,100,99801,100,100162,200,99570,100,100182,100,99192,100,100572,100,99127,100,100719,100,99032,100,100759,100,98987,100
2019-06-28 09:42:24.598510706,99920,100,99905,317,99985,317,99877,317,100085,317,99831,100,100113,100,99809,100,100116,100,99801,100,100162,200,99570,100,100182,100,99192,100,100572,100,99127,100,100719,100,99032,100,100759,100,98987,100
2019-06-28 09:42:30.000000000,99920,534,99905,534,99985,100,99877,100,100085,100,99831,100,100113,100,99809,100,100116,100,99801,100,100162,200,99570,100,100182,100,99192,100,100572,100,99127,100,100719,100,99032,100,100759,100,98987,100
2019-06-28 09:42:40.000000000,99920,534,99905,534,99985,100,99877,100,100085,100,99831,100,100113,100,99809,100,100116,100,99801,100,100162,200,99570,100,100182,100,99192,100,100572,100,99127,100,100719,100,99032,100,100759,100,98987,100
2019-06-28 09:42:50.000000000,99920,534,99905,534,99985,100,99877,100,100085,100,99831,100,100113,100,99809,100,100116,100,99801,100,100162,200,99570,100,100182,100,99192,100,100572,100,99127,100,100719,100,99032,100,100759,100,98987,100
2019-06-28 09:43:00.000000000,99920,208,99905,208,99985,208,99877,208,100085,208,99831,208,100113,208,99809,208,100116,100,99801,100,100162,200,99570,100,100182,100,99192,100,100572,100,99127,100,100719,100,99032,100,100759,100,98987,100
2019-06-28 09:43:05.723961154,99920,208,99905,108,99985,208,99877,208,100085,208,99831,208,100113,208,99809,208,100116,100,99801,100,100162,200,99570,100,100182,100,99192,100,100572,100,99127,100,100719,100,99032,100,100759,100,98987,100
2019-06-28 09:43:10.000000000,99920,534,99877,534,99985,100,99831,100,100085,100,99809,100,100113,100,99801,100,100116,100,99570,100,100162,200,99192,100,100182,100,99127,100,100572,100,99032,100,100719,100,98987,100,100759,100,98890,100
2019-06-28 09:43:15.613194698,99916,100,99877,534,99920,534,99831,100,99985,100,99809,100,100085,100,99801,100,100113,100,99570,100,100116,100,99192,100,100162,200,99127,100,100182,100,99032,100,100572,100,98987,100,100719,100,98890,100
2019-06-28 09:43:20.000000000,99916,208,99877,208,99920,208,99831,208,99985,208,99809,208,100085,208,99801,208,100113,100,99570,100,100116,100,99192,100,100162,200,99127,100,100182,100,99032,100,100572,100,98987,100,100719,100,98890,100
2019-06-28 09:43:30.000000000,99916,208,99877,208,99920,208,99831,208,99985,208,99809,208,100085,208,99801,208,100113,100,99570,100,100116,100,99192,100,100162,200,99127,100,100182,100,99032,100,100572,100,98987,100,100719,100,98890,100
2019-06-28 09:43:30.806822201,99916,208,99877,208,99920,208,99831,208,99985,208,99809,208,100085,208,99801,208,100113,100,99570,100,100116,100,99192,100,100162,200,99127,100,100182,100,99032,100,100572,100,98987,100,100719,100,98890,100
2019-06-28 09:43:40.000000000,99916,534,99877,534,99920,100,99831,100,99985,100,99809,100,100085,100,99801,100,100113,100,99570,100,100116,100,99192,100,100162,200,99127,100,100182,100,99032,100,100572,100,98987,100,100719,100,98890,100
2019-06-28 09:43:44.707226888,99916,534,99877,534,99920,100,99831,100,99985,100,99809,100,100085,100,99801,100,100113,100,99570,100,100116,100,99192,100,100162,200,99127,100,100182,100,99032,100,100572,100,98890,100,100719,100,98882,100
2019-06-28 09:43:50.000000000,99916,187,99877,187,99920,187,99831,187,99985,187,99809,187,100085,187,99801,187,100113,187,99570,187,100116,100,99192,100,100162,200,99127,100,100182,100,99032,100,100572,100,98890,100,100719,100,98882,100
2019-06-28 09:43:54.462351567,99916,187,99877,187,99920,187,99831,187,99985,187,99809,187,100085,187,99801,187,100113,187,99570,187,100116,100,99192,100,100162,200,99127,100,100182,100,99032,100,100572,100,98890,100,100719,100,98882,100
2019-06-28 09:44:00.000000000,99916,317,99877,317,99920,317,99831,317,99985,100,99809,100,100085,100,99801,100,100113,100,99570,100,100116,100,99192,100,100162,200,99127,100,100182,100,99032,100,100572,100,98890,100,100719,100,98882,100
2019-06-28 09:44:10.000000000,99916,248,99877,248,99920,243,99831,243,99985,243,99809,243,100085,100,99801,100,100113,100,99570,100,100116,100,99192,100,100162,200,99127,100,100182,100,99032,100,100572,100,98890,100,100719,100,98882,100
2019-06-28 09:44:20.000000000,99916,317,99877,317,99920,317,99831,317,99985,100,99809,100,100085,100,99801,100,100113,100,99570,100,100116,100,99192,100,100162,200,99127,100,100182,100,99032,100,100572,100,98890,100,100719,100,98882,100
2019-06-28 09:44:27.280941989,99916,417,99877,317,99920,317,99831,317,99985,100,99801,100,100085,100,99570,100,100113,100,99192,100,100116,100,99127,100,100162,200,99032,100,100182,100,98890,100,100572,100,98882,100,100719,100,98867,100
2019-06-28 09:44:29.332698315,99916,417,99877,317,99920,317,99831,317,99985,100,99801,100,100085,100,99570,100,100113,100,99192,100,100116,100,99127,100,100162,200,99032,100,100182,100,98890,100,100572,100,98882,100,100719,100,98867,100
2019-06-28 09:44:30.000000000,99916,348,99877,248,99920,243,99831,243,99985,243,99801,243,100085,100,99570,100,100113,100,99192,100,100116,100,99127,100,100162,200,99032,100,100182,100,98890,100,100572,100,98882,100,100719,100,98867,100
2019-06-28 09:44:39.022045509,99916,348,99877,248,99920,243,99831,243,99985,243,99801,243,100085,100,99570,100,100113,100,99192,100,100116,100,99127,100,100162,200,99032,100,100182,100,98890,100,100572,100,98882,100,100719,100,98867,100
2019-06-28 09:44:40.000000000,99916,348,99877,248,99920,243,99831,243,99985,243,99801,243,100085,100,99570,100,100113,100,99192,100,100116,100,99127,100,100162,200,99032,100,100182,100,98890,100,100572,100,98882,100,100719,100,98867,100
2019-06-28 09:44:44.909760584,99916,348,99877,148,99920,243,99831,243,99985,243,99801,243,100085,100,99192,100,100113,100,99127,100,100116,100,99032,100,100162,200,98890,100,100182,100,98882,100,100572,100,98867,100,100719,100,98655,100
2019-06-28 09:44:50.000000000,99916,634,99831,534,99920,100,99801,100,99985,100,99192,100,100085,100,99127,100,100113,100,99032,100,100116,100,98890,100,100162,200,98882,100,100182,100,98867,100,100572,100,98655,100,100719,100,98461,100
2019-06-28 09:45:00.000000000,99916,287,99831,187,99920,187,99801,187,99985,187,99192,187,100085,187,99127,187,100113,187,99032,187,100116,100,98890,100,100162,200,98882,100,100182,100,98867,100,100572,100,98655,100,100719,100,98461,100
2019-06-28 09:45:02.503926307,99916,287,99831,187,99920,187,99801,87,99985,187,99192,187,100085,187,99127,187,100113,187,99032,187,100116,100,98890,100,100162,200,98882,100,100182,100,98867,100,100572,100,98655,100,100719,100,98470,100
2019-06-28 09:45:09.161997525,99916,287,99831,87,99920,187,99801,87,99985,187,99192,187,100085,187,99127,187,100113,187,99032,187,100116,100,98890,100,100162,200,98882,100,100182,100,98867,100,100572,100,98704,100,100719,100,98655,100
2019-06-28 09:45:10.000000000,99916,308,99192,208,99920,208,99127,208,99985,208,99032,208,100085,208,98890,208,100113,100,98882,100,100116,100,98867,100,100162,200,98704,100,100182,100,98655,100,100572,100,98470,100,100719,100,98461,100
2019-06-28 09:45:11.334613598,99916,308,99192,108,99920,208,99127,208,99985,208,99032,208,100085,208,98890,208,100113,100,98882,100,100116,100,98867,100,100162,200,98704,100,100182,100,98655,100,100572,100,98470,100,100719,100,98461,100
2019-06-28 09:45:18.805764856,99916,308,99192,8,99920,208,99127,208,99985,208,99032,208,100085,208,98890,208,100113,100,98882,100,100116,100,98867,100,100162,200,98704,100,100182,100,98655,100,100572,100,98470,100,100719,100,98461,100
2019-06-28 09:45:20.000000000,99916,287,99127,187,99920,187,99032,187,99985,187,98890,187,100085,187,98882,187,100113,187,98867,187,100116,100,98704,100,100162,200,98655,100,100182,100,98470,100,100572,100,98461,100,100719,100,98337,100
2019-06-28 09:45:20.945864123,99916,287,99127,87,99920,187,99032,187,99985,187,98890,187,100085,187,98882,187,100113,187,98867,187,100116,100,98704,100,100162,200,98655,100,100182,100,98470,100,100719,100,98461,100,100759,100,98337,100
2019-06-28 09:45:30.000000000,99916,634,99032,534,99920,100,98890,100,99985,100,98882,100,100085,100,98867,100,100113,100,98704,100,100116,100,98655,100,100162,200,98470,100,100182,100,98461,100,100719,100,98337,100,100759,100,,
2019-06-28 09:45:40.000000000,99916,287,99032,187,99920,187,98890,187,99985,187,98882,187,100085,187,98867,187,100113,187,98704,187,100116,100,98655,100,100162,200,98470,100,100182,100,98461,100,100719,100,98337,100,100759,100,,
2019-06-28 09:45:50.000000000,99916,634,99032,534,99920,100,98890,100,99985,100,98882,100,100085,100,98867,100,100113,100,98704,100,100116,100,98655,100,100162,200,98470,100,100182,100,98461,100,100719,100,98337,100,100759,100,,
2019-06-28 09:46:00.000000000,99916,308,99032,208,99920,208,98890,208,99985,208,98882,208,100085,208,98867,208,100113,100,98704,100,100116,100,98655,100,100162,200,98470,100,100182,100,98461,100,100719,100,98337,100,100759,100,,
2019-06-28 09:46:10.000000000,99916,417,99032,317,99920,317,98890,317,99985,100,98882,100,100085,100,98867,100,100113,100,98704,100,100116,100,98655,100,100162,200,98470,100,100182,100,98461,100,100719,100,98337,100,100759,100,,
2019-06-28 09:46:20.000000000,99916,287,99032,187,99920,187,98890,187,99985,187,98882,187,100085,187,98867,187,100113,187,98704,187,100116,100,98655,100,100162,200,98470,100,100182,100,98461,100,100719,100,98337,100,100759,100,,
2019-06-28 09:46:30.000000000,99916,417,99032,317,99920,317,98890,317,99985,100,98882,100,100085,100,98867,100,100113,100,98704,100,100116,100,98655,100,100162,200,98470,100,100182,100,98461,100,100719,100,98337,100,100759,100,,
2019-06-28 09:46:30.729678312,99916,417,99032,217,99920,317,98890,317,99985,100,98882,100,100085,100,98867,100,100113,100,98704,100,100116,100,98655,100,100162,200,98470,100,100719,100,98461,100,100759,100,98337,100,100876,100,,
2019-06-28 09:46:40.000000000,99916,417,98890,317,99920,317,98882,317,99985,100,98867,100,100085,100,98704,100,100113,100,98655,100,100116,100,98470,100,100162,200,98461,100,100719,100,98337,100,100759,100,,,100876,100,,
2019-06-28 09:46:50.000000000,99916,348,98890,248,99920,243,98882,243,99985,243,98867,243,100085,100,98704,100,100113,100,98655,100,100116,100,98470,100,100162,200,98461,100,100719,100,98337,100,100759,100,,,100876,100,,
2019-06-28 09:47:00.000000000,99916,634,98890,534,99920,100,98882,100,99985,100,98867,100,100085,100,98704,100,100113,100,98655,100,100116,100,98470,100,100162,200,98461,100,100719,100,98337,100,100759,100,,,100876,100,,
2019-06-28 09:47:10.000000000,99916,287,98890,187,99920,187,98882,187,99985,187,98867,187,100085,187,98704,187,100113,187,98655,187,100116,100,98470,100,100162,200,98461,100,100719,100,98337,100,100759,100,,,100876,100,,
2019-06-28 09:47:20.000000000,99916,287,98890,187,99920,187,98882,187,99985,187,98867,187,100085,187,98704,187,100113,187,98655,187,100116,100,98470,100,100162,200,98461,100,100719,100,98337,100,100759,100,,,100876,100,,
2019-06-28 09:47:30.000000000,99916,287,98890,187,99920,187,98882,187,99985,187,98867,187,100085,187,98704,187,100113,187,98655,187,100116,100,98470,100,100162,200,98461,100,100719,100,98337,100,100759,100,,,100876,100,,
2019-06-28 09:47:33.740208352,99127,100,98890,187,99916,287,98882,187,99920,187,98867,187,99985,187,98704,187,100085,187,98655,187,100113,187,98470,100,100116,100,98461,100,100162,200,98337,100,100719,100,,,100759,100,,
2019-06-28 09:47:39.715926240,99127,100,98890,187,99916,287,98882,187,99920,187,98867,187,99985,187,98704,187,100085,187,98655,187,100113,187,98520,100,100116,100,98470,100,100162,200,98461,100,100719,100,98337,100,100759,100,,
2019-06-28 09:47:40.000000000,99127,208,98890,208,99916,308,98882,208,99920,208,98867,208,99985,208,98704,208,100085,100,98655,100,100113,100,98520,100,100116,100,98470,100,100162,200,98461,100,100719,100,98337,100,100759,100,,
2019-06-28 09:47:41.532307416,99127,208,98890,208,99916,208,98882,208,99920,208,98867,208,99985,208,98704,208,100085,100,98655,100,100113,100,98520,100,100116,100,98470,100,100162,200,98461,100,100719,100,98337,100,100759,100,,
2019-06-28 09:47:42.158748761,99127,208,98890,208,99916,208,98882,208,99920,208,98867,208,99985,208,98704,208,100085,100,98655,100,100113,100,98520,100,100116,100,98470,100,100162,200,98466,100,100719,100,98461,100,100759,100,98337,100
2019-06-28 09:47:50.000000000,99127,187,98890,187,99916,187,98882,187,99920,187,98867,187,99985,187,98704,187,100085,187,98655,187,100113,100,98520,100,100116,100,98470,100,100162,200,98466,100,100719,100,98461,100,100759,100,98337,100
2019-06-28 09:48:00.000000000,99127,317,98890,317,99916,317,98882,317,99920,100,98867,100,99985,100,98704,100,100085,100,98655,100,100113,100,98520,100,100116,100,98470,100,100162,200,98466,100,100719,100,98461,100,100759,100,98337,100
2019-06-28 09:48:10.000000000,99127,534,98890,534,99916,100,98882,100,99920,100,98867,100,99985,100,98704,100,100085,100,98655,100,100113,100,98520,100,100116,100,98470,100,100162,200,98466,100,100719,100,98461,100,100759,100,98337,100
2019-06-28 09:48:20.000000000,99127,534,98890,534,99916,100,98882,100,99920,100,98867,100,99985,100,98704,100,100085,100,98655,100,100113,100,98520,100,100116,100,98470,100,100162,200,98466,100,100719,100,98461,100,100759,100,98337,100
2019-06-28 09:48:30.000000000,99127,187,98890,187,99916,187,98882,187,99920,187,98867,187,99985,187,98704,187,100085,187,98655,187,100113,100,98520,100,100116,100,98470,100,100162,200,98466,100,100719,100,98461,100,100759,100,98337,100
2019-06-28 09:48:40.000000000,99127,317,98890,317,99916,317,98882,317,99920,100,98867,100,99985,100,98704,100,100085,100,98655,100,100113,100,98520,100,100116,100,98470,100,100162,200,98466,100,100719,100,98461,100,100759,100,98337,100
2019-06-28 09:48:50.000000000,99127,187,98890,187,99916,187,98882,187,99920,187,98867,187,99985,187,98704,187,100085,187,98655,187,100113,100,98520,100,100116,100,98470,100,100162,200,98466,100,100719,100,98461,100,100759,100,98337,100
2019-06-28 09:48:54.075926005,98967,100,98890,187,99127,187,98882,187,99916,187,98867,187,99920,187,98704,187,99985,187,98655,187,100085,187,98520,100,100113,100,98470,100,100116,100,98466,100,100162,200,98461,100,100719,100,98337,100
2019-06-28 09:49:00.000000000,98967,208,98890,208,99127,208,98882,208,99916,208,98867,208,99920,208,98704,208,99985,100,98655,100,100085,100,98520,100,100113,100,98470,100,100116,100,98466,100,100162,200,98461,100,100719,100,98337,100
2019-06-28 09:49:10.000000000,98967,187,98890,187,99127,187,98882,187,99916,187,98867,187,99920,187,98704,187,99985,187,98655,187,100085,100,98520,100,100113,100,98470,100,100116,100,98466,100,100162,200,98461,100,100719,100,98337,100
2019-06-28 09:49:14.640955266,98967,187,98890,187,99127,187,98882,187,99313,100,98867,187,99916,187,98704,187,99920,187,98655,187,99985,187,98520,100,100085,100,98470,100,100113,100,98466,100,100116,100,98461,100,100162,200,98337,100
2019-06-28 09:49:17.941261167,98967,87,98890,187,99127,187,98882,187,99313,100,98876,100,99916,187,98867,187,99920,187,98704,187,99985,187,98655,187,100085,100,98520,100,100113,100,98470,100,100116,100,98466,100,100162,200,98461,100
2019-06-28 09:49:20.000000000,99127,248,98890,248,99313,243,98882,243,99916,243,98876,243,99920,100,98867,100,99985,100,98704,100,100085,100,98655,100,100113,100,98520,100,100116,100,98470,100,100162,200,98466,100,100719,100,98461,100
2019-06-28 09:49:30.000000000,99127,208,98890,208,99313,208,98882,208,99916,208,98876,208,99920,208,98867,208,99985,100,98704,100,100085,100,98655,100,100113,100,98520,100,100116,100,98470,100,100162,200,98466,100,100719,100,98461,100
2019-06-28 09:49:40.000000000,99127,317,98890,317,99313,317,98882,317,99916,100,98876,100,99920,100,98867,100,99985,100,98704,100,100085,100,98655,100,100113,100,98520,100,100116,100,98470,100,100162,200,98466,100,100719,100,98461,100
2019-06-28 09:49:44.765715130,99127,317,98890,317,99138,100,98882,317,99313,317,98876,100,99916,100,98867,100,99920,100,98704,100,99985,100,98655,100,100085,100,98520,100,100113,100,98470,100,100116,100,98466,100,100162,200,98461,100
2019-06-28 09:49:50.000000000,99127,208,98890,208,99138,208,98882,208,99313,208,98876,208,99916,208,98867,208,99920,100,98704,100,99985,100,98655,100,100085,100,98520,100,100113,100,98470,100,100116,100,98466,100,100162,200,98461,100
2019-06-28 09:49:56.204154777,99101,100,98890,208,99127,208,98882,208,99138,208,98876,208,99313,208,98867,208,99916,208,98704,100,99920,100,98655,100,99985,100,98520,100,100085,100,98470,100,100113,100,98466,100,100116,100,98461,100
2019-06-28 09:50:00.000000000,99101,248,98890,248,99127,243,98882,243,99138,243,98876,243,99313,100,98867,100,99916,100,98704,100,99920,100,98655,100,99985,100,98520,100,100085,100,98470,100,100113,100,98466,100,100116,100,98461,100
2019-06-28 09:50:08.972044286,99101,248,99033,100,99127,243,98890,248,99138,243,98882,243,99313,100,98876,243,99916,100,98867,100,99920,100,98704,100,99985,100,98655,100,100085,100,98520,100,100113,100,98470,100,100116,100,98466,100
2019-06-28 09:50:10.000000000,99101,534,99033,534,99127,100,98890,100,99138,100,98882,100,99313,100,98876,100,99916,100,98867,100,99920,100,98704,100,99985,100,98655,100,100085,100,98520,100,100113,100,98470,100,100116,100,98466,100
2019-06-28 09:50:18.254387884,99101,534,99033,434,99127,100,98890,100,99138,100,98882,100,99313,100,98876,100,99916,100,98867,100,99920,100,98704,100,99985,100,98655,100,100085,100,98520,100,100113,100,98470,100,100116,100,98466,100
2019-06-28 09:50:20.000000000,99101,534,98890,534,99127,100,98882,100,99138,100,98876,100,99313,100,98867,100,99916,100,98704,100,99920,100,98655,100,99985,100,98520,100,100085,100,98470,100,100113,100,98466,100,100116,100,98461,100
2019-06-28 09:50:24.649570901,99101,534,98890,434,99127,100,98882,100,99138,100,98876,100,99313,100,98867,100,99916,100,98704,100,99920,100,98655,100,99985,100,98520,100,100085,100,98470,100,100113,100,98461,100,100116,100,98337,100
2019-06-28 09:50:30.000000000,99101,187,98882,187,99127,187,98876,187,99138,187,98867,187,99313,187,98704,187,99916,187,98655,187,99920,100,98520,100,99985,100,98470,100,100085,100,98461,100,100113,100,98337,100,100116,100,,
2019-06-28 09:50:40.000000000,99101,208,98882,208,99127,208,98876,208,99138,208,98867,208,99313,208,98704,208,99916,100,98655,100,99920,100,98520,100,99985,100,98470,100,100085,100,98461,100,100113,100,98337,100,100116,100,,
2019-06-28 09:50:41.558372172,99101,208,98967,100,99127,208,98882,208,99138,208,98876,208,99313,208,98867,208,99916,100,98704,208,99920,100,98655,100,99985,100,98520,100,100085,100,98470,100,100113,100,98461,100,100116,100,98337,100
2019-06-28 09:50:50.000000000,99101,248,98967,248,99127,243,98882,243,99138,243,98876,243,99313,100,98867,100,99916,100,98704,100,99920,100,98655,100,99985,100,98520,100,100085,100,98470,100,100113,100,98461,100,100116,100,98337,100
2019-06-28 09:50:53.596465667,99044,100,98967,248,99101,248,98882,243,99127,243,98876,243,99138,243,98867,100,99313,100,98704,100,99916,100,98655,100,99920,100,98520,100,99985,100,98470,100,100085,100,98461,100,100113,100,98337,100
2019-06-28 09:51:00.000000000,99044,534,98967,534,99101,100,98882,100,99127,100,98876,100,99138,100,98867,100,99313,100,98704,100,99916,100,98655,100,99920,100,98520,100,99985,100,98470,100,100085,100,98461,100,100113,100,98337,100
2019-06-28 09:51:10.000000000,99044,208,98967,208,99101,208,98882,208,99127,208,98876,208,99138,208,98867,208,99313,100,98704,100,99916,100,98655,100,99920,100,98520,100,99985,100,98470,100,100085,100,98461,100,100113,100,98337,100
2019-06-28 09:51:20.000000000,99044,208,98967,208,99101,208,98882,208,99127,208,98876,208,99138,208,98867,208,99313,100,98704,100,99916,100,98655,100,99920,100,98520,100,99985,100,98470,100,100085,100,98461,100,100113,100,98337,100
2019-06-28 09:51:25.538970168,99044,208,98967,108,99101,208,98882,208,99127,208,98876,208,99138,208,98867,208,99313,100,98704,100,99916,100,98655,100,99920,100,98520,100,99985,100,98470,100,100085,100,98461,100,100113,100,98337,100
2019-06-28 09:51:30.000000000,99044,534,98882,534,99101,100,98876,100,99127,100,98867,100,99138,100,98704,100,99313,100,98655,100,99916,100,98520,100,99920,100,98470,100,99985,100,98461,100,100085,100,98337,100,100113,100,,
2019-06-28 09:51:37.625565234,99044,534,98882,534,99101,100,98876,100,99127,100,98867,100,99138,100,98704,100,99313,100,98655,100,99916,100,98549,100,99920,100,98520,100,99985,100,98470,100,100085,100,98461,100,100113,100,98337,100
2019-06-28 09:51:40.000000000,99044,317,98882,317,99101,317,98876,317,99127,100,98867,100,99138,100,98704,100,99313,100,98655,100,99916,100,98549,100,99920,100,98520,100,99985,100,98470,100,100085,100,98461,100,100113,100,98337,100
2019-06-28 09:51:50.000000000,99044,534,98882,534,99101,100,98876,100,99127,100,98867,100,99138,100,98704,100,99313,100,98655,100,99916,100,98549,100,99920,100,98520,100,99985,100,98470,100,100085,100,98461,100,100113,100,98337,100
2019-06-28 09:51:59.670994060,99044,534,98882,434,99101,100,98876,100,99127,100,98867,100,99138,100,98704,100,99313,100,98655,100,99916,100,98549,100,99920,100,98520,100,99985,100,98470,100,100085,100,98461,100,100113,100,,
2019-06-28 09:52:00.000000000,99044,317,98876,317,99101,317,98867,317,99127,100,98704,100,99138,100,98655,100,99313,100,98549,100,99916,100,98520,100,99920,100,98470,100,99985,100,98461,100,100085,100,,,100113,100,,
2019-06-28 09:52:07.899415910,99044,317,98876,317,99101,317,98867,317,99127,100,98704,100,99138,100,98655,100,99313,100,98549,100,99916,100,98520,100,99920,100,98470,100,99985,100,98461,100,100085,100,98224,100,100113,100,,
2019-06-28 09:52:08.205923642,99044,317,98876,217,99101,317,98867,317,99127,100,98704,100,99138,100,98655,100,99313,100,98520,100,99916,100,98470,100,99920,100,98461,100,99985,100,98224,100,100085,100,,,100113,100,,
2019-06-28 09:52:10.000000000,99044,248,98867,248,99101,243,98704,243,99127,243,98655,243,99138,100,98520,100,99313,100,98470,100,99916,100,98461,100,99920,100,98224,100,99985,100,,,100085,100,,,100113,100,,
2019-06-28 09:52:13.459482123,99044,248,98867,148,99101,243,98704,243,99127,243,98655,243,99138,100,98520,100,99313,100,98470,100,99916,100,98461,100,99920,100,98224,100,99985,100,,,100085,100,,,100113,100,,
2019-06-28 09:52:18.316984482,99044,248,98867,148,99101,243,98704,243,99127,243,98655,243,99138,100,98520,100,99313,100,98470,100,99916,100,98461,100,99920,100,98452,100,99985,100,98224,100,100085,100,,,100113,100,,
2019-06-28 09:52:20.000000000,99044,534,98704,534,99101,100,98655,100,99127,100,98520,100,99138,100,98470,100,99313,100,98461,100,99916,100,98452,100,99920,100,98224,100,99985,100,,,100085,100,,,100113,100,,
2019-06-28 09:52:30.000000000,99044,317,98704,317,99101,317,98655,317,99127,100,98520,100,99138,100,98470,100,99313,100,98461,100,99916,100,98452,100,99920,100,98224,100,99985,100,,,100085,100,,,100113,100,,
2019-06-28 09:52:33.180828087,98876,100,98704,317,99044,317,98655,317,99101,317,98520,100,99127,100,98470,100,99138,100,98461,100,99313,100,98452,100,99916,100,98224,100,99920,100,,,99985,100,,,100085,100,,
2019-06-28 09:52:40.000000000,98876,534,98704,534,99044,100,98655,100,99101,100,98520,100,99127,100,98470,100,99138,100,98461,100,99313,100,98452,100,99916,100,98224,100,99920,100,,,99985,100,,,100085,100,,
2019-06-28 09:52:50.000000000,98876,187,98704,187,99044,187,98655,187,99101,187,98520,187,99127,187,98470,187,99138,187,98461,187,99313,100,98452,100,99916,100,98224,100,99920,100,,,99985,100,,,100085,100,,
2019-06-28 09:53:00.000000000,98876,534,98704,534,99044,100,98655,100,99101,100,98520,100,99127,100,98470,100,99138,100,98461,100,99313,100,98452,100,99916,100,98224,100,99920,100,,,99985,100,,,100085,100,,
2019-06-28 09:53:03.567815447,98876,534,98704,534,99044,100,98655,100,99101,100,98520,100,99127,100,98470,100,99138,100,98461,100,99313,100,98452,100,99916,100,98224,100,99920,100,98149,100,99985,100,,,100085,100,,
2019-06-28 09:53:10.000000000,98876,534,98704,534,99044,100,98655,100,99101,100,98520,100,99127,100,98470,100,99138,100,98461,100,99313,100,98452,100,99916,100,98224,100,99920,100,98149,100,99985,100,,,100085,100,,
2019-06-28 09:53:20.000000000,98876,248,98704,248,99044,243,98655,243,99101,243,98520,243,99127,100,98470,100,99138,100,98461,100,99313,100,98452,100,99916,100,98224,100,99920,100,98149,100,99985,100,,,100085,100,,
2019-06-28 09:53:30.000000000,98876,534,98704,534,99044,100,98655,100,99101,100,98520,100,99127,100,98470,100,99138,100,98461,100,99313,100,98452,100,99916,100,98224,100,99920,100,98149,100,99985,100,,,100085,100,,
2019-06-28 09:53:40.000000000,98876,208,98704,208,99044,208,98655,208,99101,208,98520,208,99127,208,98470,208,99138,100,98461,100,99313,100,98452,100,99916,100,98224,100,99920,100,98149,100,99985,100,,,100085,100,,
2019-06-28 09:53:42.993694257,98876,208,98704,108,99044,208,98655,208,99101,208,98520,208,99127,208,98470,208,99138,100,98461,100,99313,100,98452,100,99916,100,98224,100,99920,100,98149,100,99985,100,,,100085,100,,
2019-06-28 09:53:50.000000000,98876,187,98655,187,99044,187,98520,187,99101,187,98470,187,99127,187,98461,187,99138,187,98452,187,99313,100,98224,100,99916,100,98149,100,99920,100,,,99985,100,,,100085,100,,
2019-06-28 09:54:00.000000000,98876,187,98655,187,99044,187,98520,187,99101,187,98470,187,99127,187,98461,187,99138,187,98452,187,99313,100,98224,100,99916,100,98149,100,99920,100,,,99985,100,,,100085,100,,
2019-06-28 09:54:10.000000000,98876,208,98655,208,99044,208,98520,208,99101,208,98470,208,99127,208,98461,208,99138,100,98452,100,99313,100,98224,100,99916,100,98149,100,99920,100,,,99985,100,,,100085,100,,
2019-06-28 09:54:20.000000000,98876,187,98655,187,99044,187,98520,187,99101,187,98470,187,99127,187,98461,187,99138,187,98452,187,99313,100,98224,100,99916,100,98149,100,99920,100,,,99985,100,,,100085,100,,
2019-06-28 09:54:30.000000000,98876,317,98655,317,99044,317,98520,317,99101,100,98470,100,99127,100,98461,100,99138,100,98452,100,99313,100,98224,100,99916,100,98149,100,99920,100,,,99985,100,,,100085,100,,
2019-06-28 09:54:40.000000000,98876,317,98655,317,99044,317,98520,317,99101,100,98470,100,99127,100,98461,100,99138,100,98452,100,99313,100,98224,100,99916,100,98149,100,99920,100,,,99985,100,,,100085,100,,
2019-06-28 09:54:50.000000000,98876,317,98655,317,99044,317,98520,317,99101,100,98470,100,99127,100,98461,100,99138,100,98452,100,99313,100,98224,100,99916,100,98149,100,99920,100,,,99985,100,,,100085,100,,
2019-06-28 09:55:00.000000000,98876,208,98655,208,99044,208,98520,208,99101,208,98470,208,99127,208,98461,208,99138,100,98452,100,99313,100,98224,100,99916,100,98149,100,99920,100,,,99985,100,,,100085,100,,
2019-06-28 09:55:10.000000000,98876,187,98655,187,99044,187,98520,187,99101,187,98470,187,99127,187,98461,187,99138,187,98452,187,99313,100,98224,100,99916,100,98149,100,99920,100,,,99985,100,,,100085,100,,
2019-06-28 09:55:20.000000000,98876,187,98655,187,99044,187,98520,187,99101,187,98470,187,99127,187,98461,187,99138,187,98452,187,99313,100,98224,100,99916,100,98149,100,99920,100,,,99985,100,,,100085,100,,
2019-06-28 09:55:26.520152153,98876,87,98655,187,99044,187,98520,187,99101,187,98470,187,99127,187,98461,187,99138,187,98452,187,99313,100,98224,100,99916,100,98149,100,99920,100,,,99985,100,,,100085,100,,
2019-06-28 09:55:30.000000000,99044,208,98655,208,99101,208,98520,208,99127,208,98470,208,99138,208,98461,208,99313,100,98452,100,99916,100,98224,100,99920,100,98149,100,99985,100,,,100085,100,,,100113,100,,
2019-06-28 09:55:34.567236264,99044,208,98655,208,99101,208,98520,208,99127,208,98470,208,99138,208,98461,208,99313,100,98452,100,99916,100,98224,100,99920,100,98149,100,99985,100,97034,100,100085,100,,,100113,100,,
2019-06-28 09:55:40.000000000,99044,317,98655,317,99101,317,98520,317,99127,100,98470,100,99138,100,98461,100,99313,100,98452,100,99916,100,98224,100,99920,100,98149,100,99985,100,97034,100,100085,100,,,100113,100,,
2019-06-28 09:55:41.100973929,99044,317,98655,217,99101,317,98520,317,99127,100,98470,100,99313,100,98461,100,99916,100,98452,100,99920,100,98224,100,99985,100,98149,100,100085,100,97034,100,100113,100,,,100116,100,,
2019-06-28 09:55:50.000000000,99044,248,98520,248,99101,243,98470,243,99127,243,98461,243,99313,100,98452,100,99916,100,98224,100,99920,100,98149,100,99985,100,97034,100,100085,100,,,100113,100,,,100116,100,,
2019-06-28 09:56:00.000000000,99044,248,98520,248,99101,243,98470,243,99127,243,98461,243,99313,100,98452,100,99916,100,98224,100,99920,100,98149,100,99985,100,97034,100,100085,100,,,100113,100,,,100116,100,,
2019-06-28 09:56:01.045411213,99044,248,98520,148,99101,243,98470,243,99127,243,98461,243,99313,100,98452,100,99916,100,98224,100,99920,100,98149,100,99985,100,97034,100,100085,100,,,100113,100,,,100116,100,,
2019-06-28 09:56:07.268641258,99044,248,98520,48,99101,243,98470,243,99127,243,98461,143,99313,100,98452,100,99916,100,98224,100,99920,100,98149,100,99985,100,97034,100,100085,100,,,100113,100,,,100116,100,,
2019-06-28 09:56:10.000000000,99044,317,98470,317,99101,317,98452,317,99127,100,98224,100,99313,100,98149,100,99916,100,97034,100,99920,100,,,99985,100,,,100085,100,,,100113,100,,,100116,100,,
2019-06-28 09:56:16.051059692,99044,317,98470,217,99101,317,98452,317,99127,100,98149,100,99313,100,97034,100,99916,100,,,99920,100,,,99985,100,,,100085,100,,,100113,100,,,100116,100,,
2019-06-28 09:56:20.000000000,99044,317,98452,317,99101,317,98149,317,99127,100,97034,100,99313,100,,,99916,100,,,99920,100,,,99985,100,,,100085,100,,,100113,100,,,100116,100,,
2019-06-28 09:56:30.000000000,99044,248,98452,248,99101,243,98149,243,99127,243,97034,243,99313,100,,,99916,100,,,99920,100,,,99985,100,,,100085,100,,,100113,100,,,100116,100,,
2019-06-28 09:56:36.524157254,98520,100,98452,248,99044,248,98149,243,99101,243,97034,243,99127,243,,,99313,100,,,99916,100,,,99920,100,,,99985,100,,,100085,100,,,100113,100,,
2019-06-28 09:56:40.000000000,98520,534,98452,534,99044,100,98149,100,99101,100,97034,100,99127,100,,,99313,100,,,99916,100,,,99920,100,,,99985,100,,,100085,100,,,100113,100,,
2019-06-28 09:56:49.197511842,98520,534,98452,434,99044,100,98149,100,99101,100,97034,100,99127,100,,,99916,100,,,99920,100,,,99985,100,,,100085,100,,,100113,100,,,100116,100,,
2019-06-28 09:56:50.000000000,98520,317,98149,317,99044,317,97034,317,99101,100,,,99127,100,,,99916,100,,,99920,100,,,99985,100,,,100085,100,,,100113,100,,,100116,100,,
2019-06-28 09:57:00.000000000,98520,187,98149,187,99044,187,97034,187,99101,187,97033,87,99127,187,,,99916,187,,,99920,100,,,99985,100,,,100085,100,,,100113,100,,,100116,100,,
2019-06-28 09:57:10.000000000,98520,187,98149,187,99044,187,97034,187,99101,187,97033,87,99127,187,,,99916,187,,,99920,100,,,99985,100,,,100085,100,,,100113,100,,,100116,100,,
2019-06-28 09:57:20.000000000,98520,248,98149,248,99044,243,97034,243,99101,243,97033,143,99127,100,,,99916,100,,,99920,100,,,99985,100,,,100085,100,,,100113,100,,,100116,100,,
2019-06-28 09:57:30.000000000,98520,248,98149,248,99044,243,97034,243,99101,243,97033,143,99127,100,,,99916,100,,,99920,100,,,99985,100,,,100085,100,,,100113,100,,,100116,100,,
2019-06-28 09:57:40.000000000,98520,317,98149,317,99044,317,97034,317,99101,100,,,99127,100,,,99916,100,,,99920,100,,,99985,100,,,100085,100,,,100113,100,,,100116,100,,
2019-06-28 09:57:48.806402190,98520,317,98149,317,99044,317,97385,100,99101,100,97034,317,99127,100,,,99916,100,,,99920,100,,,99985,100,,,100085,100,,,100113,100,,,100116,100,,
2019-06-28 09:57:50.000000000,98520,317,98149,317,99044,317,97385,317,99101,100,97034,100,99127,100,,,99916,100,,,99920,100,,,99985,100,,,100085,100,,,100113,100,,,100116,100,,
2019-06-28 09:57:59.189016532,98520,317,98149,317,99044,317,97385,317,99101,100,97034,100,99127,100,96850,100,99916,100,,,99920,100,,,99985,100,,,100085,100,,,100113,100,,,100116,100,,
2019-06-28 09:58:00.000000000,98520,248,98149,248,99044,243,97385,243,99101,243,97034,243,99127,100,96850,100,99916,100,,,99920,100,,,99985,100,,,100085,100,,,100113,100,,,100116,100,,
2019-06-28 09:58:03.665288430,98520,248,98149,248,99044,243,97385,243,99101,243,97034,243,99127,100,96994,100,99916,100,96850,100,99920,100,,,99985,100,,,100085,100,,,100113,100,,,100116,100,,
2019-06-28 09:58:10.000000000,98520,534,98149,534,99044,100,97385,100,99101,100,97034,100,99127,100,96994,100,99916,100,96850,100,99920,100,,,99985,100,,,100085,100,,,100113,100,,,100116,100,,
2019-06-28 09:58:17.649799516,98520,534,98149,534,99044,100,97428,100,99101,100,97385,100,99127,100,97034,100,99916,100,96994,100,99920,100,96850,100,99985,100,,,100085,100,,,100113,100,,,100116,100,,
2019-06-28 09:58:20.000000000,98520,534,98149,534,99044,100,97428,100,99101,100,97385,100,99127,100,97034,100,99916,100,96994,100,99920,100,96850,100,99985,100,,,100085,100,,,100113,100,,,100116,100,,
2019-06-28 09:58:20.764550623,98470,100,98149,534,98520,534,97428,100,99044,100,97385,100,99101,100,97034,100,99127,100,96994,100,99916,100,96850,100,99920,100,,,99985,100,,,100085,100,,,100113,100,,
2019-06-28 09:58:30.000000000,98470,208,98149,208,98520,208,97428,208,99044,208,97385,208,99101,208,97034,208,99127,100,96994,100,99916,100,96850,100,99920,100,,,99985,100,,,100085,100,,,100113,100,,
2019-06-28 09:58:33.079169172,98470,208,98149,108,98520,208,97428,208,99044,208,97385,208,99101,208,97034,208,99127,100,96994,100,99916,100,96850,100,99920,100,,,99985,100,,,100085,100,,,100113,100,,
2019-06-28 09:58:40.000000000,98470,534,97428,534,98520,100,97385,100,99044,100,97034,100,99101,100,96994,100,99127,100,96850,100,99916,100,,,99920,100,,,99985,100,,,100085,100,,,100113,100,,
2019-06-28 09:58:40.908865481,98452,100,97428,534,98470,534,97385,100,98520,100,97034,100,99044,100,96994,100,99101,100,96850,100,99127,100,,,99916,100,,,99920,100,,,99985,100,,,100085,100,,
2019-06-28 09:58:46.959885209,98452,100,97428,534,98470,534,97385,100,98520,100,97034,100,99044,100,96994,100,99101,100,96984,100,99127,100,96850,100,99916,100,,,99920,100,,,99985,100,,,100085,100,,
2019-06-28 09:58:50.000000000,98452,534,97428,534,98470,100,97385,100,98520,100,97034,100,99044,100,96994,100,99101,100,96984,100,99127,100,96850,100,99916,100,,,99920,100,,,99985,100,,,100085,100,,
2019-06-28 09:59:00.000000000,98452,248,97428,248,98470,243,97385,243,98520,243,97034,243,99044,100,96994,100,99101,100,96984,100,99127,100,96850,100,99916,100,,,99920,100,,,99985,100,,,100085,100,,
2019-06-28 09:59:08.171877564,98452,248,97593,100,98470,243,97428,248,98520,243,97385,243,99044,100,97034,243,99101,100,96994,100,99127,100,96984,100,99916,100,96850,100,99920,100,,,99985,100,,,100085,100,,
2019-06-28 09:59:10.000000000,98452,317,97593,317,98470,317,97428,317,98520,100,97385,100,99044,100,97034,100,99101,100,96994,100,99127,100,96984,100,99916,100,96850,100,99920,100,,,99985,100,,,100085,100,,
2019-06-28 09:59:12.569106190,98452,317,97593,217,98470,317,97428,317,98520,100,97385,100,99044,100,97034,100,99101,100,96994,100,99127,100,96984,100,99916,100,96850,100,99920,100,,,99985,100,,,100085,100,,
2019-06-28 09:59:20.000000000,98452,534,97428,534,98470,100,97385,100,98520,100,97034,100,99044,100,96994,100,99101,100,96984,100,99127,100,96850,100,99916,100,,,99920,100,,,99985,100,,,100085,100,,
2019-06-28 09:59:30.000000000,98452,208,97428,208,98470,208,97385,208,98520,208,97034,208,99044,208,96994,208,99101,100,96984,100,99127,100,96850,100,99916,100,,,99920,100,,,99985,100,,,100085,100,,
2019-06-28 09:59:40.000000000,98452,208,97428,208,98470,208,97385,208,98520,208,97034,208,99044,208,96994,208,99101,100,96984,100,99127,100,96850,100,99916,100,,,99920,100,,,99985,100,,,100085,100,,
2019-06-28 09:59:50.000000000,98452,248,97428,248,98470,243,97385,243,98520,243,97034,243,99044,100,96994,100,99101,100,96984,100,99127,100,96850,100,99916,100,,,99920,100,,,99985,100,,,100085,100,,
2019-06-28 09:59:58.581504700,98452,248,97428,248,98470,243,97385,243,98520,243,97336,100,99044,100,97034,243,99101,100,96994,100,99127,100,96984,100,99916,100,96850,100,99920,100,,,99985,100,,,100085,100,,
2019-06-28 10:00:00.000000000,98452,187,97428,187,98470,187,97385,187,98520,187,97336,187,99044,187,97034,187,99101,187,96994,187,99127,100,96984,100,99916,100,96850,100,99920,100,,,99985,100,,,100085,100,,
2019-06-28 10:00:10.000000000,98452,208,97428,208,98470,208,97385,208,98520,208,97336,208,99044,208,97034,208,99101,100,96994,100,99127,100,96984,100,99916,100,96850,100,99920,100,,,99985,100,,,100085,100,,
2019-06-28 10:00:20.000000000,98452,248,97428,248,98470,243,97385,243,98520,243,97336,243,99044,100,97034,100,99101,100,96994,100,99127,100,96984,100,99916,100,96850,100,99920,100,,,99985,100,,,100085,100,,
2019-06-28 10:00:30.000000000,98452,534,97428,534,98470,100,97385,100,98520,100,97336,100,99044,100,97034,100,99101,100,96994,100,99127,100,96984,100,99916,100,96850,100,99920,100,,,99985,100,,,100085,100,,
2019-06-28 10:00:40.000000000,98452,248,97428,248,98470,243,97385,243,98520,243,97336,243,99044,100,97034,100,99101,100,96994,100,99127,100,96984,100,99916,100,96850,100,99920,100,,,99985,100,,,100085,100,,
2019-06-28 10:00:50.000000000,98452,534,97428,534,98470,100,97385,100,98520,100,97336,100,99044,100,97034,100,99101,100,96994,100,99127,100,96984,100,99916,100,96850,100,99920,100,,,99985,100,,,100085,100,,
2019-06-28 10:00:57.755275206,97446,100,97428,534,98452,534,97385,100,98470,100,97336,100,98520,100,97034,100,99044,100,96994,100,99101,100,96984,100,99127,100,96850,100,99916,100,,,99920,100,,,99985,100,,
2019-06-28 10:01:00.000000000,97446,317,97428,317,98452,317,97385,317,98470,100,97336,100,98520,100,97034,100,99044,100,96994,100,99101,100,96984,100,99127,100,96850,100,99916,100,,,99920,100,,,99985,100,,
2019-06-28 10:01:01.817917505,97446,317,97428,317,98149,100,97385,317,98452,317,97336,100,98470,100,97034,100,98520,100,96994,100,99044,100,96984,100,99101,100,96850,100,99127,100,,,99916,100,,,99920,100,,
2019-06-28 10:01:08.220303429,97446,317,97428,317,98149,200,97385,317,98452,317,97336,100,98470,100,97034,100,98520,100,96994,100,99044,100,96984,100,99101,100,96850,100,99127,100,,,99916,100,,,99920,100,,
2019-06-28 10:01:10.000000000,97446,317,97428,317,98149,417,97385,317,98452,100,97336,100,98470,100,97034,100,98520,100,96994,100,99044,100,96984,100,99101,100,96850,100,99127,100,,,99916,100,,,99920,100,,
2019-06-28 10:01:20.000000000,97446,187,97428,187,98149,287,97385,187,98452,187,97336,187,98470,187,97034,187,98520,187,96994,187,99044,100,96984,100,99101,100,96850,100,99127,100,,,99916,100,,,99920,100,,
2019-06-28 10:01:30.000000000,97446,208,97428,208,98149,308,97385,208,98452,208,97336,208,98470,208,97034,208,98520,100,96994,100,99044,100,96984,100,99101,100,96850,100,99127,100,,,99916,100,,,99920,100,,
2019-06-28 10:01:40.000000000,97446,187,97428,187,98149,287,97385,187,98452,187,97336,187,98470,187,97034,187,98520,187,96994,187,99044,100,96984,100,99101,100,96850,100,99127,100,,,99916,100,,,99920,100,,
2019-06-28 10:01:49.108379239,97446,87,97428,187,98149,287,97385,187,98452,187,97336,187,98470,187,97034,187,98520,187,96994,187,99044,100,96984,100,99101,100,96850,100,99127,100,,,99916,100,,,99920,100,,
2019-06-28 10:01:50.000000000,98149,417,97428,317,98452,317,97385,317,98470,100,97336,100,98520,100,97034,100,99044,100,96994,100,99101,100,96984,100,99127,100,96850,100,99916,100,,,99920,100,,,99985,100,,
2019-06-28 10:02:00.000000000,98149,308,97428,208,98452,208,97385,208,98470,208,97336,208,98520,208,97034,208,99044,100,96994,100,99101,100,96984,100,99127,100,96850,100,99916,100,,,99920,100,,,99985,100,,
2019-06-28 10:02:08.281677212,98149,308,97994,100,98452,208,97428,208,98470,208,97385,208,98520,208,97336,208,99044,100,97034,208,99101,100,96994,100,99127,100,96984,100,99916,100,96850,100,99920,100,,,99985,100,,
2019-06-28 10:02:10.000000000,98149,348,97994,248,98452,243,97428,243,98470,243,97385,243,98520,100,97336,100,99044,100,97034,100,99101,100,96994,100,99127,100,96984,100,99916,100,96850,100,99920,100,,,99985,100,,
2019-06-28 10:02:19.732038650,98149,348,97994,248,98225,100,97428,243,98452,243,97385,243,98470,243,97336,100,98520,100,97034,100,99044,100,96994,100,99101,100,96984,100,99127,100,96850,100,99916,100,,,99920,100,,
2019-06-28 10:02:20.000000000,98149,634,97994,534,98225,100,97428,100,98452,100,97385,100,98470,100,97336,100,98520,100,97034,100,99044,100,96994,100,99101,100,96984,100,99127,100,96850,100,99916,100,,,99920,100,,
2019-06-28 10:02:30.000000000,98149,417,97994,317,98225,317,97428,317,98452,100,97385,100,98470,100,97336,100,98520,100,97034,100,99044,100,96994,100,99101,100,96984,100,99127,100,96850,100,99916,100,,,99920,100,,
2019-06-28 10:02:30.776728765,98149,417,97994,317,98225,317,97446,100,98452,100,97428,317,98470,100,97385,100,98520,100,97336,100,99044,100,97034,100,99101,100,96994,100,99127,100,96984,100,99916,100,96850,100,99920,100,,
2019-06-28 10:02:35.666757135,98149,417,97994,317,98225,317,97862,100,98452,100,97446,100,98470,100,97428,317,98520,100,97385,100,99044,100,97336,100,99101,100,97034,100,99127,100,96994,100,99916,100,96984,100,99920,100,96850,100
2019-06-28 10:02:40.000000000,98149,417,97994,317,98225,317,97862,317,98452,100,97446,100,98470,100,97428,100,98520,100,97385,100,99044,100,97336,100,99101,100,97034,100,99127,100,96994,100,99916,100,96984,100,99920,100,96850,100
2019-06-28 10:02:49.626829084,98149,417,97994,217,98225,317,97862,317,98452,100,97446,100,98470,100,97428,100,98520,100,97385,100,99044,100,97336,100,99101,100,97034,100,99127,100,96994,100,99916,100,96984,100,99920,100,96850,100
2019-06-28 10:02:50.000000000,98149,308,97862,208,98225,208,97446,208,98452,208,97428,208,98470,208,97385,208,98520,100,97336,100,99044,100,97034,100,99101,100,96994,100,99127,100,96984,100,99916,100,96850,100,99920,100,,
2019-06-28 10:03:00.000000000,98149,287,97862,187,98225,187,97446,187,98452,187,97428,187,98470,187,97385,187,98520,187,97336,187,99044,100,97034,100,99101,100,96994,100,99127,100,96984,100,99916,100,96850,100,99920,100,,
2019-06-28 10:03:03.084832300,98106,100,97862,187,98149,287,97446,187,98225,187,97428,187,98452,187,97385,187,98470,187,97336,187,98520,187,97034,100,99044,100,96994,100,99101,100,96984,100,99127,100,96850,100,99916,100,,
2019-06-28 10:03:07.757296438,98106,100,97862,187,98149,287,97446,187,98220,100,97428,187,98225,187,97385,187,98452,187,97336,187,98470,187,97034,100,98520,187,96994,100,99044,100,96984,100,99101,100,96850,100,99127,100,,
2019-06-28 10:03:10.000000000,98106,534,97862,534,98149,200,97446,100,98220,100,97428,100,98225,100,97385,100,98452,100,97336,100,98470,100,97034,100,98520,100,96994,100,99044,100,96984,100,99101,100,96850,100,99127,100,,
2019-06-28 10:03:20.000000000,98106,534,97862,534,98149,200,97446,100,98220,100,97428,100,98225,100,97385,100,98452,100,97336,100,98470,100,97034,100,98520,100,96994,100,99044,100,96984,100,99101,100,96850,100,99127,100,,
2019-06-28 10:03:30.000000000,98106,187,97862,187,98149,287,97446,187,98220,187,97428,187,98225,187,97385,187,98452,187,97336,187,98470,100,97034,100,98520,100,96994,100,99044,100,96984,100,99101,100,96850,100,99127,100,,
2019-06-28 10:03:40.000000000,98106,317,97862,317,98149,417,97446,317,98220,100,97428,100,98225,100,97385,100,98452,100,97336,100,98470,100,97034,100,98520,100,96994,100,99044,100,96984,100,99101,100,96850,100,99127,100,,
2019-06-28 10:03:45.708654488,98106,217,97862,317,98149,417,97446,317,98220,100,97428,100,98225,100,97385,100,98452,100,97336,100,98470,100,97034,100,98520,100,96994,100,99044,100,96984,100,99101,100,96850,100,99127,100,,
2019-06-28 10:03:50.000000000,98149,287,97862,187,98220,187,97446,187,98225,187,97428,187,98452,187,97385,187,98470,187,97336,187,98520,100,97034,100,99044,100,96994,100,99101,100,96984,100,99127,100,96850,100,99916,100,,
2019-06-28 10:03:51.385719077,98149,287,97862,187,98220,187,97446,187,98225,187,97428,87,98452,187,97385,187,98470,187,97336,187,98520,100,97034,100,98806,100,96994,100,99044,100,96984,100,99101,100,96850,100,99127,100,,
2019-06-28 10:03:58.917715814,98149,287,97862,187,98220,187,97446,187,98225,187,97428,87,98452,187,97385,187,98470,187,97336,187,98520,100,97034,100,98806,100,96994,100,98961,100,96984,100,99044,100,96850,100,99101,100,,
2019-06-28 10:04:00.000000000,98149,287,97862,187,98220,187,97446,187,98225,187,97385,187,98452,187,97336,187,98470,187,97034,187,98520,100,96994,100,98806,100,96984,100,98961,100,96850,100,99044,100,,,99101,100,,
2019-06-28 10:04:10.000000000,98149,287,97862,187,98220,187,97446,187,98225,187,97385,187,98452,187,97336,187,98470,187,97034,187,98520,100,96994,100,98806,100,96984,100,98961,100,96850,100,99044,100,,,99101,100,,
2019-06-28 10:04:13.794655282,98149,287,97995,100,98220,187,97862,187,98225,187,97446,187,98452,187,97385,187,98470,87,97336,187,98520,100,97034,187,98806,100,96994,100,98961,100,96984,100,99044,100,96850,100,99101,100,,
2019-06-28 10:04:20.000000000,98149,308,97995,208,98220,208,97862,208,98225,208,97446,208,98452,208,97385,208,98520,100,97336,100,98806,100,97034,100,98961,100,96994,100,99044,100,96984,100,99101,100,96850,100,99127,100,,
2019-06-28 10:04:21.201872088,98149,308,97995,308,98220,208,97862,208,98225,208,97446,208,98452,208,97385,208,98520,100,97336,100,98806,100,97034,100,98961,100,96994,100,99044,100,96984,100,99101,100,96850,100,99916,100,,
2019-06-28 10:04:30.000000000,98149,287,97995,287,98220,187,97862,187,98225,187,97446,187,98452,187,97385,187,98520,187,97336,187,98806,100,97034,100,98961,100,96994,100,99044,100,96984,100,99101,100,96850,100,99916,100,,
2019-06-28 10:04:39.550589579,98149,187,97995,287,98220,187,97862,187,98225,187,97446,187,98452,187,97385,187,98520,187,97336,187,98806,100,97034,100,98961,100,96994,100,99044,100,96984,100,99101,100,96850,100,99916,100,,
2019-06-28 10:04:40.000000000,98149,187,97995,287,98220,187,97862,187,98225,187,97446,187,98452,187,97385,187,98520,187,97336,187,98806,100,97034,100,98961,100,96994,100,99044,100,96984,100,99101,100,96850,100,99916,100,,
2019-06-28 10:04:41.050441865,98149,87,97995,287,98220,187,97862,187,98225,187,97446,187,98452,187,97385,187,98520,187,97336,187,98806,100,97034,100,98961,100,96994,100,99044,100,96984,100,99101,100,96850,100,99916,100,,
2019-06-28 10:04:50.000000000,98220,208,97995,308,98225,208,97862,208,98452,208,97446,208,98520,208,97385,208,98806,100,97336,100,98961,100,97034,100,99044,100,96994,100,99101,100,96984,100,99916,100,96850,100,99920,100,,
2019-06-28 10:04:52.236282600,98220,108,97995,308,98225,208,97862,208,98452,208,97446,208,98520,208,97385,208,98806,100,97336,100,98961,100,97034,100,99044,100,96994,100,99101,100,96984,100,99916,100,96850,100,99920,100,,
2019-06-28 10:04:54.224537291,98220,8,97995,308,98225,208,97862,208,98452,208,97446,208,98520,208,97385,208,98806,100,97336,100,98961,100,97034,100,99044,100,96994,100,99101,100,96984,100,99916,100,96850,100,99920,100,,
2019-06-28 10:05:00.000000000,98225,317,97995,417,98452,317,97862,317,98520,100,97446,100,98806,100,97385,100,98961,100,97336,100,99044,100,97034,100,99101,100,96994,100,99916,100,96984,100,99920,100,96850,100,99985,100,,
2019-06-28 10:05:06.359981719,98225,217,97995,417,98452,317,97862,317,98520,100,97446,100,98961,100,97385,100,99044,100,97336,100,99101,100,97034,100,99916,100,96994,100,99920,100,96984,100,99985,100,96850,100,100162,100,,
2019-06-28 10:05:10.000000000,98452,317,97995,417,98520,317,97862,317,98961,100,97446,100,99044,100,97385,100,99101,100,97336,100,99916,100,97034,100,99920,100,96994,100,99985,100,96984,100,100162,100,96850,100,100876,100,,
2019-06-28 10:05:16.844120677,98452,317,97995,417,98474,100,97862,317,98520,317,97446,100,98961,100,97385,100,99044,100,97336,100,99101,100,97034,100,99916,100,96994,100,99920,100,96984,100,99985,100,96850,100,100162,100,,
2019-06-28 10:05:20.000000000,98452,248,97995,348,98474,243,97862,243,98520,243,97446,243,98961,100,97385,100,99044,100,97336,100,99101,100,97034,100,99916,100,96994,100,99920,100,96984,100,99985,100,96850,100,100162,100,,
2019-06-28 10:05:23.217016532,98452,248,97995,348,98474,243,97862,243,98520,243,97446,243,98589,100,97385,100,98961,100,97336,100,99044,100,97034,100,99101,100,96984,100,99916,100,96850,100,99920,100,,,99985,100,,
2019-06-28 10:05:30.000000000,98452,208,97995,308,98474,208,97862,208,98520,208,97446,208,98589,208,97385,208,98961,100,97336,100,99044,100,97034,100,99101,100,96984,100,99916,100,96850,100,99920,100,,,99985,100,,
2019-06-28 10:05:40.000000000,98452,208,97995,308,98474,208,97862,208,98520,208,97446,208,98589,208,97385,208,98961,100,97336,100,99044,100,97034,100,99101,100,96984,100,99916,100,96850,100,99920,100,,,99985,100,,
2019-06-28 10:05:47.208235288,98452,208,98220,100,98474,208,97995,308,98520,208,97862,208,98589,208,97446,208,98961,100,97385,208,99044,100,97336,100,99101,100,97034,100,99916,100,96984,100,99920,100,96850,100,99985,100,,
2019-06-28 10:05:50.000000000,98452,208,98220,208,98474,208,97995,308,98520,208,97862,208,98589,208,97446,208,98961,100,97385,100,99044,100,97336,100,99101,100,97034,100,99916,100,96984,100,99920,100,96850,100,99985,100,,
2019-06-28 10:06:00.000000000,98452,248,98220,248,98474,243,97995,343,98520,243,97862,243,98589,100,97446,100,98961,100,97385,100,99044,100,97336,100,99101,100,97034,100,99916,100,96984,100,99920,100,96850,100,99985,100,,
2019-06-28 10:06:09.645537191,98452,148,98220,248,98474,243,97995,343,98520,243,97862,243,98589,100,97446,100,98961,100,97385,100,99044,100,97336,100,99916,100,97034,100,99920,100,96984,100,99985,100,96850,100,100162,100,,
2019-06-28 10:06:10.000000000,98474,187,98220,187,98520,187,97995,287,98589,187,97862,187,98961,187,97446,187,99044,187,97385,187,99916,100,97336,100,99920,100,97034,100,99985,100,96984,100,100162,100,96850,100,100876,100,,
2019-06-28 10:06:20.000000000,98474,248,98220,248,98520,243,97995,343,98589,243,97862,243,98961,100,97446,100,99044,100,97385,100,99916,100,97336,100,99920,100,97034,100,99985,100,96984,100,100162,100,96850,100,100876,100,,
2019-06-28 10:06:25.576679151,98435,100,98220,248,98474,248,97995,343,98520,243,97862,243,98589,243,97446,100,98961,100,97385,100,99044,100,97336,100,99916,100,97034,100,99920,100,96984,100,99985,100,96850,100,100162,100,,
2019-06-28 10:06:30.000000000,98435,187,98220,187,98474,187,97995,287,98520,187,97862,187,98589,187,97446,187,98961,187,97385,187,99044,100,97336,100,99916,100,97034,100,99920,100,96984,100,99985,100,96850,100,100162,100,,
2019-06-28 10:06:32.211889180,98271,100,98220,187,98435,187,97995,287,98474,187,97862,187,98520,187,97446,187,98589,187,97385,187,98961,187,97336,100,99044,100,97034,100,99916,100,96984,100,99920,100,96850,100,99985,100,,
2019-06-28 10:06:40.000000000,98271,317,98220,317,98435,317,97995,417,98474,100,97862,100,98520,100,97446,100,98589,100,97385,100,98961,100,97336,100,99044,100,97034,100,99916,100,96984,100,99920,100,96850,100,99985,100,,
2019-06-28 10:06:47.375582134,98271,217,98220,317,98435,317,97995,417,98474,100,97862,100,98520,100,97446,100,98589,100,97385,100,98961,100,97336,100,99044,100,97034,100,99916,100,96984,100,99920,100,96850,100,99985,100,,
2019-06-28 10:06:50.000000000,98435,208,98220,208,98474,208,97995,308,98520,208,97862,208,98589,208,97446,208,98961,100,97385,100,99044,100,97336,100,99916,100,97034,100,99920,100,96984,100,99985,100,96850,100,100162,100,,
2019-06-28 10:07:00.000000000,98435,187,98220,187,98474,187,97995,287,98520,187,97862,187,98589,187,97446,187,98961,187,97385,187,99044,100,97336,100,99916,100,97034,100,99920,100,96984,100,99985,100,96850,100,100162,100,,
2019-06-28 10:07:10.000000000,98435,187,98220,187,98474,187,97995,287,98520,187,97862,187,98589,187,97446,187,98961,187,97385,187,99044,100,97336,100,99916,100,97034,100,99920,100,96984,100,99985,100,96850,100,100162,100,,
2019-06-28 10:07:20.000000000,98435,208,98220,208,98474,208,97995,308,98520,208,97862,208,98589,208,97446,208,98961,100,97385,100,99044,100,97336,100,99916,100,97034,100,99920,100,96984,100,99985,100,96850,100,100162,100,,
2019-06-28 10:07:30.000000000,98435,248,98220,248,98474,243,97995,343,98520,243,97862,243,98589,100,97446,100,98961,100,97385,100,99044,100,97336,100,99916,100,97034,100,99920,100,96984,100,99985,100,96850,100,100162,100,,
2019-06-28 10:07:40.000000000,98435,187,98220,187,98474,187,97995,287,98520,187,97862,187,98589,187,97446,187,98961,187,97385,187,99044,100,97336,100,99916,100,97034,100,99920,100,96984,100,99985,100,96850,100,100162,100,,
2019-06-28 10:07:47.806027394,98435,187,98220,187,98474,187,97995,287,98520,187,97862,187,98589,187,97446,187,98961,187,97385,187,99044,100,97336,100,99705,100,97034,100,99916,100,96984,100,99920,100,96850,100,99985,100,,
2019-06-28 10:07:50.000000000,98435,187,98220,187,98474,187,97995,287,98520,187,97862,187,98589,187,97446,187,98961,187,97385,187,99044,100,97336,100,99705,100,97034,100,99916,100,96984,100,99920,100,96850,100,99985,100,,
2019-06-28 10:08:00.000000000,98435,187,98220,187,98474,187,97995,287,98520,187,97862,187,98589,187,97446,187,98961,187,97385,187,99044,100,97336,100,99705,100,97034,100,99916,100,96984,100,99920,100,96850,100,99985,100,,
2019-06-28 10:08:06.858511184,98435,187,98220,187,98474,187,97995,287,98520,187,97862,187,98589,187,97446,187,98961,187,97385,187,99044,100,97336,100,99464,100,97034,100,99705,100,96984,100,99916,100,96850,100,99920,100,,
2019-06-28 10:08:10.000000000,98435,208,98220,208,98474,208,97995,308,98520,208,97862,208,98589,208,97446,208,98961,100,97385,100,99044,100,97336,100,99464,100,97034,100,99705,100,96984,100,99916,100,96850,100,99920,100,,
2019-06-28 10:08:20.000000000,98435,534,98220,534,98474,100,97995,200,98520,100,97862,100,98589,100,97446,100,98961,100,97385,100,99044,100,97336,100,99464,100,97034,100,99705,100,96984,100,99916,100,96850,100,99920,100,,
2019-06-28 10:08:23.015094255,98435,534,98220,534,98474,100,97995,200,98520,100,97862,100,98589,100,97446,100,98961,100,97385,100,99044,100,97336,100,99464,100,97034,100,99705,100,96984,100,99773,100,96850,100,99916,100,,
2019-06-28 10:08:25.005263636,98435,534,98220,534,98474,100,97995,200,98520,100,97862,100,98589,100,97446,100,98961,100,97385,100,99044,100,97336,100,99464,100,97034,100,99705,100,96984,100,99773,100,96850,100,99884,100,,
2019-06-28 10:08:25.351974669,98435,534,98271,100,98474,100,98220,534,98520,100,97995,200,98589,100,97862,100,98961,100,97446,100,99044,100,97385,100,99464,100,97336,100,99705,100,97034,100,99773,100,96984,100,99884,100,96850,100
2019-06-28 10:08:30.000000000,98435,317,98271,317,98474,317,98220,317,98520,100,97995,200,98589,100,97862,100,98961,100,97446,100,99044,100,97385,100,99464,100,97336,100,99705,100,97034,100,99773,100,96984,100,99884,100,96850,100
2019-06-28 10:08:40.000000000,98435,208,98271,208,98474,208,98220,208,98520,208,97995,308,98589,208,97862,208,98961,100,97446,100,99044,100,97385,100,99464,100,97336,100,99705,100,97034,100,99773,100,96984,100,99884,100,96850,100
2019-06-28 10:08:50.000000000,98435,317,98271,317,98474,317,98220,317,98520,100,97995,200,98589,100,97862,100,98961,100,97446,100,99044,100,97385,100,99464,100,97336,100,99705,100,97034,100,99773,100,96984,100,99884,100,96850,100
2019-06-28 10:08:50.652103105,98435,317,98271,417,98474,317,98220,317,98520,100,97995,200,98589,100,97862,100,98961,100,97446,100,99044,100,97385,100,99464,100,97336,100,99705,100,97034,100,99773,100,96984,100,99884,100,96850,100
2019-06-28 10:08:51.567055629,98435,317,98271,417,98474,317,98220,317,98520,100,97995,200,98589,100,97862,100,98961,100,97446,100,99044,100,97385,100,99464,100,97336,100,99615,100,97034,100,99705,100,96984,100,99773,100,96850,100
2019-06-28 10:09:00.000000000,98435,317,98271,417,98474,317,98220,317,98520,100,97995,200,98589,100,97862,100,98961,100,97446,100,99044,100,97385,100,99464,100,97336,100,99615,100,97034,100,99705,100,96984,100,99773,100,96850,100
2019-06-28 10:09:07.012792275,98435,317,98271,417,98474,317,98220,317,98520,100,97995,200,98589,100,97862,100,98961,100,97446,100,99044,100,97385,100,99464,100,97336,100,99523,100,97034,100,99615,100,96984,100,99705,100,96850,100
2019-06-28 10:09:10.000000000,98435,534,98271,634,98474,100,98220,100,98520,100,97995,200,98589,100,97862,100,98961,100,97446,100,99044,100,97385,100,99464,100,97336,100,99523,100,97034,100,99615,100,96984,100,99705,100,96850,100
2019-06-28 10:09:14.053834005,98435,534,98271,734,98474,100,98220,100,98520,100,97995,200,98589,100,97862,100,98961,100,97446,100,99044,100,97385,100,99464,100,97336,100,99523,100,97034,100,99615,100,96984,100,99705,100,96850,100
2019-06-28 10:09:20.000000000,98435,248,98271,448,98474,243,98220,243,98520,243,97995,343,98589,100,97862,100,98961,100,97446,100,99044,100,97385,100,99464,100,97336,100,99523,100,97034,100,99615,100,96984,100,99705,100,96850,100
2019-06-28 10:09:30.000000000,98435,208,98271,408,98474,208,98220,208,98520,208,97995,308,98589,208,97862,208,98961,100,97446,100,99044,100,97385,100,99464,100,97336,100,99523,100,97034,100,99615,100,96984,100,99705,100,96850,100
2019-06-28 10:09:40.000000000,98435,534,98271,734,98474,100,98220,100,98520,100,97995,200,98589,100,97862,100,98961,100,97446,100,99044,100,97385,100,99464,100,97336,100,99523,100,97034,100,99615,100,96984,100,99705,100,96850,100
2019-06-28 10:09:40.349060851,98435,534,98271,734,98474,100,98220,100,98520,100,97995,200,98589,100,97862,100,98961,100,97446,100,99044,100,97385,100,99464,100,97336,100,99523,100,97034,100,99614,100,96984,100,99615,100,96850,100
2019-06-28 10:09:45.959168180,98435,534,98271,834,98474,100,98220,100,98520,100,97995,100,98589,100,97862,100,98961,100,97446,100,99044,100,97385,100,99464,100,97336,100,99523,100,97034,100,99614,100,96984,100,99615,100,96850,100
2019-06-28 10:09:50.000000000,98435,208,98271,508,98474,208,98220,208,98520,208,97995,208,98589,208,97862,208,98961,100,97446,100,99044,100,97385,100,99464,100,97336,100,99523,100,97034,100,99614,100,96984,100,99615,100,96850,100
2019-06-28 10:10:00.000000000,98435,187,98271,487,98474,187,98220,187,98520,187,97995,187,98589,187,97862,187,98961,187,97446,187,99044,100,97385,100,99464,100,97336,100,99523,100,97034,100,99614,100,96984,100,99615,100,96850,100
2019-06-28 10:10:01.610858885,98435,187,98271,487,98474,187,98220,187,98520,187,97995,187,98589,187,97862,187,98961,187,97446,187,99044,100,97385,100,99229,100,97336,100,99464,100,97034,100,99523,100,96984,100,99614,100,96850,100
2019-06-28 10:10:09.674498940,98435,187,98271,587,98474,187,98220,187,98520,187,97995,187,98589,187,97862,187,98961,187,97446,187,99044,100,97385,100,99229,100,97336,100,99464,100,97034,100,99523,100,96984,100,99614,100,96850,100
2019-06-28 10:10:10.000000000,98435,187,98271,587,98474,187,98220,187,98520,187,97995,187,98589,187,97862,187,98961,187,97446,187,99044,100,97385,100,99229,100,97336,100,99464,100,97034,100,99523,100,96984,100,99614,100,96850,100
