,ask_price_1,ask_size_1,bid_price_1,bid_size_1,ask_price_2,ask_size_2,bid_price_2,bid_size_2,ask_price_3,ask_size_3,bid_price_3,bid_size_3,ask_price_4,ask_size_4,bid_price_4,bid_size_4,ask_price_5,ask_size_5,bid_price_5,bid_size_5,ask_price_6,ask_size_6,bid_price_6,bid_size_6,ask_price_7,ask_size_7,bid_price_7,bid_size_7,ask_price_8,ask_size_8,bid_price_8,bid_size_8,ask_price_9,ask_size_9,bid_price_9,bid_size_9,ask_price_10,ask_size_10,bid_price_10,bid_size_10
2019-06-28 09:30:00.000000000,,,99754,100,,,,,,,,,,,,,,,,,,,,,,,,,,,,,,,,,,,,
2019-06-28 09:30:00.000000001,,,99944,100,,,99754,100,,,,,,,,,,,,,,,,,,,,,,,,,,,,,,,,
2019-06-28 09:30:00.000000002,,,99953,100,,,99944,100,,,99754,100,,,,,,,,,,,,,,,,,,,,,,,,,,,,
2019-06-28 09:30:00.000000003,100002,100,99953,100,,,99944,100,,,99898,100,,,99754,100,,,,,,,,,,,,,,,,,,,,,,,,
2019-06-28 09:30:00.000000004,100002,100,99953,100,100080,100,99944,100,,,99898,100,,,99754,100,,,,,,,,,,,,,,,,,,,,,,,,
2019-06-28 09:30:00.000000005,99996,100,99953,100,100002,100,99944,100,100052,100,99898,100,100080,100,99754,100,,,,,,,,,,,,,,,,,,,,,,,,
2019-06-28 09:30:00.000000006,99996,100,99953,100,100002,100,99944,100,100052,100,99898,100,100080,100,99754,100,100163,100,,,,,,,,,,,,,,,,,,,,,,
2019-06-28 09:30:00.000000007,99996,100,99953,100,100002,100,99944,100,100052,100,99898,100,100080,100,99754,100,100145,100,,,100163,100,,,,,,,,,,,,,,,,,,
2019-06-28 09:30:00.000000009,99996,100,99953,100,100002,100,99944,100,100022,100,99898,100,100052,100,99754,100,100076,100,,,100080,100,,,100145,100,,,100163,100,,,,,,,,,,
2019-06-28 09:30:00.000000011,99996,100,99953,100,100002,100,99944,100,100022,100,99898,100,100052,100,99754,100,100076,100,,,100080,100,,,100123,100,,,100145,100,,,100163,100,,,,,,
2019-06-28 09:30:00.000000012,99996,100,99953,100,100002,100,99944,100,100022,100,99898,100,100047,100,99860,100,100052,100,99754,100,100076,100,,,100080,100,,,100123,100,,,100145,100,,,100163,100,,
2019-06-28 09:30:00.000000013,99996,100,99953,100,100002,100,99944,100,100022,100,99898,100,100047,100,99860,100,100052,100,99754,100,100076,100,,,100080,100,,,100123,100,,,100130,100,,,100145,100,,
2019-06-28 09:30:00.000000014,99996,100,99953,100,100002,100,99944,100,100022,100,99898,100,100047,100,99860,100,100052,100,99852,100,100076,100,99754,100,100080,100,,,100123,100,,,100130,100,,,100145,100,,
2019-06-28 09:30:00.000000015,99996,100,99970,100,100002,100,99953,100,100022,100,99944,100,100047,100,99898,100,100052,100,99860,100,100076,100,99852,100,100080,100,99754,100,100123,100,,,100130,100,,,100145,100,,
2019-06-28 09:30:00.000000017,99996,100,99970,100,100002,100,99953,100,100018,100,99944,100,100022,100,99898,100,100047,100,99873,100,100052,100,99860,100,100076,100,99852,100,100080,100,99754,100,100123,100,,,100130,100,,
2019-06-28 09:30:00.000000018,99996,100,99970,100,100002,100,99953,100,100018,100,99944,100,100022,100,99898,100,100047,100,99873,100,100050,100,99860,100,100052,100,99852,100,100076,100,99754,100,100080,100,,,100123,100,,
2019-06-28 09:30:00.000000019,99996,100,99970,100,100002,100,99953,100,100018,100,99944,100,100022,100,99898,100,100047,100,99873,100,100050,100,99860,100,100052,100,99852,100,100076,100,99754,100,100080,100,,,100089,100,,
2019-06-28 09:30:00.000000021,99996,100,99970,100,100002,100,99953,100,100018,100,99944,200,100022,100,99898,100,100024,100,99873,100,100047,100,99860,100,100050,100,99852,100,100052,100,99754,100,100076,100,,,100080,100,,
2019-06-28 09:30:00.000000023,99981,100,99970,100,99996,100,99953,100,100002,100,99944,200,100018,100,99898,100,100022,100,99890,100,100024,100,99873,100,100047,100,99870,100,100050,100,99860,100,100052,100,99852,100,100076,100,99754,100
2019-06-28 09:30:00.000000024,99981,100,99965,100,99996,100,99953,100,100002,100,99944,200,100018,100,99898,100,100022,100,99890,100,100024,100,99873,100,100047,100,99870,100,100050,100,99860,100,100052,100,99852,100,100076,100,99754,100
2019-06-28 09:30:00.000000025,99981,100,99965,100,99996,100,99953,100,100002,100,99944,200,100018,100,99923,100,100022,100,99898,100,100024,100,99890,100,100047,100,99873,100,100050,100,99870,100,100052,100,99860,100,100076,100,99852,100
2019-06-28 09:30:00.000000031,99981,100,99965,100,99996,100,99953,100,100002,100,99944,200,100018,100,99923,100,100022,100,99898,100,100024,100,99890,100,100047,100,99873,100,100050,100,99870,100,100052,100,99860,100,100076,100,99852,100
2019-06-28 09:30:00.000000033,99996,100,99965,100,100002,100,99953,100,100018,100,99944,200,100022,100,99923,100,100024,100,99898,100,100047,100,99890,100,100050,100,99873,100,100052,100,99870,100,100076,100,99860,100,100078,100,99852,100
2019-06-28 09:30:00.000000035,99996,100,99970,100,100002,100,99965,100,100018,100,99953,100,100022,100,99944,200,100024,100,99923,100,100047,100,99898,100,100050,100,99890,100,100052,100,99873,100,100076,100,99870,100,100078,100,99860,100
2019-06-28 09:30:00.000000037,99996,100,99970,100,100002,100,99965,100,100006,100,99953,100,100018,100,99944,200,100022,100,99923,100,100024,100,99898,100,100047,100,99890,100,100050,100,99873,100,100052,100,99870,100,100076,100,99860,100
2019-06-28 09:30:00.000000040,99996,100,99970,100,100002,100,99965,100,100006,100,99953,100,100018,100,99944,200,100022,100,99923,100,100024,100,99905,100,100047,100,99898,100,100050,100,99890,100,100052,100,99873,100,100076,100,99870,100
2019-06-28 09:30:00.000000047,100002,100,99970,100,100006,100,99965,100,100018,100,99953,100,100022,100,99944,200,100024,100,99923,100,100047,100,99905,100,100050,100,99898,100,100052,100,99890,100,100076,100,99873,100,100078,100,99870,100
2019-06-28 09:30:00.000000053,99974,100,99970,100,100002,100,99965,100,100006,100,99953,100,100018,100,99944,200,100022,100,99923,100,100024,100,99905,100,100047,100,99898,100,100050,100,99890,100,100052,100,99873,100,100076,100,99870,100
2019-06-28 09:30:00.000000054,99974,100,99965,100,100002,100,99953,100,100006,100,99944,200,100018,100,99923,100,100022,100,99905,100,100024,100,99898,100,100047,100,99890,100,100050,100,99873,100,100052,100,99870,100,100076,100,99860,100
2019-06-28 09:30:00.000000056,99974,100,99965,100,100002,100,99953,100,100006,100,99944,300,100018,100,99923,100,100022,100,99905,100,100024,100,99898,100,100047,100,99890,100,100050,100,99873,100,100052,100,99870,100,100076,100,99860,100
2019-06-28 09:30:00.000000057,99974,100,99965,100,100002,100,99953,100,100006,100,99944,300,100018,100,99923,100,100022,100,99905,100,100024,100,99898,100,100047,100,99890,100,100050,100,99873,100,100052,100,99870,100,100076,100,99860,100
2019-06-28 09:30:00.000000065,99974,100,99965,100,100002,100,99953,100,100006,100,99944,300,100014,100,99923,100,100018,100,99905,100,100022,100,99898,100,100024,100,99890,100,100047,100,99873,100,100050,100,99870,100,100052,100,99860,100
2019-06-28 09:30:00.000000066,99974,100,99965,100,100002,100,99953,100,100006,100,99944,300,100014,100,99923,100,100018,100,99905,200,100022,100,99898,100,100024,100,99890,100,100047,100,99873,100,100050,100,99870,100,100052,100,99860,100
2019-06-28 09:30:00.000000068,99974,100,99965,100,100002,100,99953,100,100006,100,99944,300,100014,100,99933,100,100018,100,99923,100,100022,100,99905,200,100024,100,99898,100,100047,100,99890,100,100050,100,99873,100,100052,100,99870,100
2019-06-28 09:30:00.000000069,99974,100,99965,100,100002,100,99953,100,100006,100,99944,300,100014,100,99933,100,100018,100,99923,100,100022,100,99905,200,100024,100,99898,100,100047,100,99890,100,100050,100,99888,100,100052,100,99873,100
2019-06-28 09:30:00.000000070,99974,100,99965,100,100002,100,99953,100,100006,100,99944,300,100014,100,99933,100,100018,100,99923,100,100022,100,99905,200,100024,100,99898,100,100047,100,99890,100,100050,100,99888,100,100052,100,99873,100
2019-06-28 09:30:00.000000071,100002,100,99965,100,100006,100,99953,100,100014,100,99944,300,100018,100,99933,100,100022,100,99923,100,100024,100,99905,200,100047,100,99898,100,100050,100,99890,100,100052,100,99888,100,100076,100,99873,100
2019-06-28 09:30:00.000000075,100002,100,99965,100,100006,100,99953,100,100014,100,99944,300,100018,100,99933,100,100021,100,99923,100,100022,100,99905,200,100024,100,99898,100,100047,100,99890,100,100050,100,99888,100,100052,100,99873,100
2019-06-28 09:30:00.000000076,100002,100,99965,100,100006,100,99953,100,100014,100,99944,300,100018,100,99933,100,100021,100,99924,100,100022,100,99923,100,100024,100,99905,200,100047,100,99898,100,100050,100,99890,100,100052,100,99888,100
2019-06-28 09:30:00.000000078,100002,100,99965,100,100006,100,99953,100,100014,100,99944,300,100018,100,99933,100,100021,100,99924,100,100022,100,99923,100,100024,100,99905,200,100047,100,99898,100,100050,100,99890,100,100052,100,99888,100
2019-06-28 09:30:00.000000080,100002,100,99965,100,100006,100,99953,100,100014,100,99944,300,100018,100,99933,100,100021,100,99931,100,100022,100,99924,100,100024,100,99923,100,100047,100,99905,200,100050,100,99898,100,100052,100,99890,100
2019-06-28 09:30:00.000000081,100002,100,99965,100,100006,100,99953,100,100014,100,99944,300,100018,100,99933,100,100021,100,99931,100,100022,100,99929,100,100024,100,99924,100,100047,100,99923,100,100050,100,99907,100,100052,100,99905,200
2019-06-28 09:30:00.000000082,100002,100,99970,100,100006,100,99965,100,100014,100,99953,100,100017,100,99944,300,100018,100,99933,100,100021,100,99931,100,100022,100,99929,100,100024,100,99924,100,100047,100,99923,100,100050,100,99907,100
2019-06-28 09:30:00.000000083,100002,100,99970,100,100006,100,99965,100,100014,100,99953,100,100017,100,99944,300,100018,100,99933,100,100021,100,99931,100,100022,100,99929,100,100024,100,99924,100,100047,100,99923,100,100050,100,99907,100
2019-06-28 09:30:00.000000086,100006,100,99970,100,100014,100,99965,100,100017,100,99953,100,100018,100,99944,300,100021,100,99933,100,100022,100,99931,100,100024,100,99929,100,100047,100,99924,100,100050,100,99923,100,100052,100,99907,100
2019-06-28 09:30:00.000000088,100014,100,99970,100,100017,100,99965,100,100018,100,99953,100,100021,100,99944,300,100022,100,99933,100,100024,100,99931,100,100047,100,99929,100,100050,100,99924,100,100052,100,99923,100,100076,100,99907,100
2019-06-28 09:30:00.000000094,100014,100,100002,100,100017,100,99970,100,100018,100,99965,100,100021,100,99953,100,100022,100,99944,300,100024,100,99933,100,100047,100,99931,100,100050,100,99929,100,100052,100,99924,100,100076,100,99923,100
2019-06-28 09:30:00.000000095,100014,100,100002,200,100017,100,99970,100,100018,100,99965,100,100021,100,99953,100,100022,100,99944,300,100024,100,99933,100,100047,100,99931,100,100050,100,99929,100,100052,100,99924,100,100076,100,99923,100
2019-06-28 09:30:00.000000097,100006,100,100002,200,100014,100,99970,100,100017,100,99965,100,100018,100,99953,100,100021,100,99944,300,100022,100,99933,100,100024,100,99931,100,100047,100,99930,100,100050,100,99929,100,100052,100,99924,100
2019-06-28 09:30:03.107978202,100006,100,100002,100,100014,100,99970,100,100017,100,99965,100,100018,100,99953,100,100021,100,99944,300,100022,100,99933,100,100024,100,99931,100,100047,100,99930,100,100050,100,99929,100,100052,100,99924,100
2019-06-28 09:30:10.000000000,100006,208,100002,208,100014,208,99970,208,100017,208,99965,208,100018,208,99953,208,100021,100,99944,300,100022,100,99933,100,100024,100,99931,100,100047,100,99930,100,100050,100,99929,100,100052,100,99924,100
2019-06-28 09:30:17.408478631,100006,208,100002,208,100014,208,99970,208,100017,208,99965,208,100018,208,99953,208,100021,100,99944,300,100022,100,99933,100,100024,100,99931,100,100047,100,99930,100,100050,100,99929,100,100052,100,99924,100
2019-06-28 09:30:20.000000000,100006,531,100002,531,100014,100,99970,100,100017,100,99965,100,100018,100,99953,100,100021,100,99944,300,100022,100,99933,100,100024,100,99931,100,100047,100,99930,100,100050,100,99929,100,100052,100,99924,100
2019-06-28 09:30:30.000000000,100006,316,100002,316,100014,316,99970,316,100017,100,99965,100,100018,100,99953,100,100021,100,99944,300,100022,100,99933,100,100024,100,99931,100,100047,100,99930,100,100050,100,99929,100,100052,100,99924,100
2019-06-28 09:30:31.808810049,100006,316,100002,216,100014,316,99970,316,100017,100,99965,100,100018,100,99953,100,100021,100,99944,300,100022,100,99933,100,100024,100,99931,100,100047,100,99930,100,100050,100,99924,100,100052,100,99923,100
2019-06-28 09:30:37.057268197,100006,316,100002,216,100014,316,99970,316,100017,100,99965,100,100018,100,99953,100,100021,100,99944,300,100022,100,99933,100,100024,100,99931,100,100047,100,99930,100,100050,100,99924,100,100052,100,99923,100
2019-06-28 09:30:40.000000000,100006,208,99970,208,100014,208,99965,208,100017,208,99953,208,100018,208,99944,408,100021,100,99933,100,100022,100,99931,100,100024,100,99930,100,100047,100,99924,100,100050,100,99923,100,100052,100,99907,100
2019-06-28 09:30:48.748260596,100006,208,99970,208,100014,208,99965,208,100017,208,99953,208,100018,208,99944,408,100021,100,99933,100,100022,100,99931,100,100024,100,99930,100,100047,100,99924,100,100050,100,99923,100,100052,100,99907,100
2019-06-28 09:30:50.000000000,100006,186,99970,186,100014,186,99965,186,100017,186,99953,186,100018,186,99944,386,100021,186,99933,186,100022,100,99931,100,100024,100,99930,100,100047,100,99924,100,100050,100,99923,100,100052,100,99907,100
2019-06-28 09:31:00.000000000,100006,208,99970,208,100014,208,99965,208,100017,208,99953,208,100018,208,99944,408,100021,100,99933,100,100022,100,99931,100,100024,100,99930,100,100047,100,99924,100,100050,100,99923,100,100052,100,99907,100
2019-06-28 09:31:09.477039140,100006,208,99970,208,100014,208,99965,208,100017,208,99953,208,100018,208,99944,408,100021,100,99933,100,100022,100,99931,100,100024,100,99930,100,100047,100,99924,100,100050,100,99923,100,100076,100,99907,100
2019-06-28 09:31:10.000000000,100006,316,99970,316,100014,316,99965,316,100017,100,99953,100,100018,100,99944,300,100021,100,99933,100,100022,100,99931,100,100024,100,99930,100,100047,100,99924,100,100050,100,99923,100,100076,100,99907,100
2019-06-28 09:31:20.000000000,100006,316,99970,316,100014,316,99965,316,100017,100,99953,100,100018,100,99944,300,100021,100,99933,100,100022,100,99931,100,100024,100,99930,100,100047,100,99924,100,100050,100,99923,100,100076,100,99907,100
2019-06-28 09:31:21.140980852,100006,316,99970,216,100014,316,99965,316,100017,100,99953,100,100018,100,99944,300,100021,100,99933,100,100022,100,99931,100,100024,100,99930,100,100047,100,99924,100,100050,100,99923,100,100076,100,99907,100
2019-06-28 09:31:30.000000000,100006,208,99965,208,100014,208,99953,208,100017,208,99944,408,100018,208,99933,208,100021,100,99931,100,100022,100,99930,100,100024,100,99924,100,100047,100,99923,100,100050,100,99907,100,100076,100,99905,200
2019-06-28 09:31:40.000000000,100006,247,99965,247,100014,242,99953,242,100017,242,99944,442,100018,100,99933,100,100021,100,99931,100,100022,100,99930,100,100024,100,99924,100,100047,100,99923,100,100050,100,99907,100,100076,100,99905,200
2019-06-28 09:31:42.392083734,100006,247,99965,147,100014,242,99953,242,100017,242,99944,342,100018,100,99933,100,100021,100,99931,100,100022,100,99930,100,100024,100,99924,100,100047,100,99923,100,100050,100,99907,100,100076,100,99905,200
2019-06-28 09:31:48.300693100,100006,247,99965,147,100014,242,99953,242,100017,242,99944,342,100018,100,99933,100,100021,100,99931,100,100022,100,99930,100,100024,100,99924,100,100047,100,99923,100,100050,100,99907,100,100076,100,99905,200
2019-06-28 09:31:50.000000000,100006,247,99953,247,100014,242,99944,342,100017,242,99933,242,100018,100,99931,100,100021,100,99930,100,100022,100,99924,100,100024,100,99923,100,100047,100,99907,100,100050,100,99905,200,100076,100,99898,100
2019-06-28 09:32:00.000000000,100006,186,99953,186,100014,186,99944,286,100017,186,99933,186,100018,186,99931,186,100021,186,99930,186,100022,100,99924,100,100024,100,99923,100,100047,100,99907,100,100050,100,99905,200,100076,100,99898,100
2019-06-28 09:32:10.000000000,100006,316,99953,316,100014,316,99944,416,100017,100,99933,100,100018,100,99931,100,100021,100,99930,100,100022,100,99924,100,100024,100,99923,100,100047,100,99907,100,100050,100,99905,200,100076,100,99898,100
2019-06-28 09:32:20.000000000,100006,531,99953,531,100014,100,99944,200,100017,100,99933,100,100018,100,99931,100,100021,100,99930,100,100022,100,99924,100,100024,100,99923,100,100047,100,99907,100,100050,100,99905,200,100076,100,99898,100
2019-06-28 09:32:30.000000000,100006,208,99953,208,100014,208,99944,308,100017,208,99933,208,100018,208,99931,208,100021,100,99930,100,100022,100,99924,100,100024,100,99923,100,100047,100,99907,100,100050,100,99905,200,100076,100,99898,100
2019-06-28 09:32:34.942434238,99970,100,99953,208,100006,208,99944,308,100014,208,99933,208,100017,208,99931,208,100018,208,99930,100,100021,100,99924,100,100022,100,99923,100,100024,100,99907,100,100047,100,99905,200,100050,100,99898,100
2019-06-28 09:32:40.000000000,99970,208,99953,208,100006,208,99944,308,100014,208,99933,208,100017,208,99931,208,100018,100,99930,100,100021,100,99924,100,100022,100,99923,100,100024,100,99907,100,100047,100,99905,200,100050,100,99898,100
2019-06-28 09:32:44.472868215,99970,208,99953,208,100006,208,99944,308,100014,208,99933,208,100017,208,99931,208,100018,100,99930,100,100021,100,99924,100,100022,100,99923,100,100024,100,99907,100,100047,100,99905,200,100050,100,99898,100
2019-06-28 09:32:50.000000000,99970,186,99953,186,100006,186,99944,286,100014,186,99933,186,100017,186,99931,186,100018,186,99930,186,100021,100,99924,100,100022,100,99923,100,100024,100,99907,100,100047,100,99905,200,100050,100,99898,100
2019-06-28 09:33:00.000000000,99970,247,99953,247,100006,242,99944,342,100014,242,99933,242,100017,100,99931,100,100018,100,99930,100,100021,100,99924,100,100022,100,99923,100,100024,100,99907,100,100047,100,99905,200,100050,100,99898,100
2019-06-28 09:33:10.000000000,99970,247,99953,247,100006,242,99944,342,100014,242,99933,242,100017,100,99931,100,100018,100,99930,100,100021,100,99924,100,100022,100,99923,100,100024,100,99907,100,100047,100,99905,200,100050,100,99898,100
2019-06-28 09:33:20.000000000,99970,247,99953,247,100006,242,99944,342,100014,242,99933,242,100017,100,99931,100,100018,100,99930,100,100021,100,99924,100,100022,100,99923,100,100024,100,99907,100,100047,100,99905,200,100050,100,99898,100
2019-06-28 09:33:30.000000000,99970,316,99953,316,100006,316,99944,416,100014,100,99933,100,100017,100,99931,100,100018,100,99930,100,100021,100,99924,100,100022,100,99923,100,100024,100,99907,100,100047,100,99905,200,100050,100,99898,100
2019-06-28 09:33:34.437737386,99970,316,99953,316,100006,316,99944,416,100014,100,99933,100,100017,100,99931,100,100018,100,99930,100,100021,100,99924,100,100022,100,99923,100,100024,100,99907,100,100047,100,99905,200,100050,100,99898,100
2019-06-28 09:33:40.000000000,99970,186,99953,186,100006,186,99944,286,100014,186,99933,186,100017,186,99931,186,100018,186,99930,186,100021,100,99924,100,100022,100,99923,100,100024,100,99907,100,100047,100,99905,200,100050,100,99898,100
2019-06-28 09:33:50.000000000,99970,247,99953,247,100006,242,99944,342,100014,242,99933,242,100017,100,99931,100,100018,100,99930,100,100021,100,99924,100,100022,100,99923,100,100024,100,99907,100,100047,100,99905,200,100050,100,99898,100
2019-06-28 09:34:00.000000000,99970,208,99953,208,100006,208,99944,308,100014,208,99933,208,100017,208,99931,208,100018,100,99930,100,100021,100,99924,100,100022,100,99923,100,100024,100,99907,100,100047,100,99905,200,100050,100,99898,100
2019-06-28 09:34:10.000000000,99970,316,99953,316,100006,316,99944,416,100014,100,99933,100,100017,100,99931,100,100018,100,99930,100,100021,100,99924,100,100022,100,99923,100,100024,100,99907,100,100047,100,99905,200,100050,100,99898,100
2019-06-28 09:34:17.452196694,99970,316,99953,316,100006,316,99944,416,100014,100,99933,100,100017,100,99931,100,100021,100,99930,100,100022,100,99924,100,100024,100,99923,100,100047,100,99907,100,100050,100,99905,200,100076,100,99898,100
2019-06-28 09:34:20.000000000,99970,531,99953,531,100006,100,99944,200,100014,100,99933,100,100017,100,99931,100,100021,100,99930,100,100022,100,99924,100,100024,100,99923,100,100047,100,99907,100,100050,100,99905,200,100076,100,99898,100
2019-06-28 09:34:30.000000000,99970,247,99953,247,100006,242,99944,342,100014,242,99933,242,100017,100,99931,100,100021,100,99930,100,100022,100,99924,100,100024,100,99923,100,100047,100,99907,100,100050,100,99905,200,100076,100,99898,100
2019-06-28 09:34:33.308121070,99970,247,99953,147,100006,242,99944,342,100014,242,99933,242,100017,100,99931,100,100021,100,99930,100,100022,100,99924,100,100024,100,99923,100,100047,100,99907,100,100050,100,99905,200,100076,100,99898,100
2019-06-28 09:34:39.010832173,99970,247,99953,147,100006,242,99944,342,100014,242,99933,242,100017,100,99931,100,100021,100,99930,100,100022,100,99924,100,100024,100,99923,100,100047,100,99907,100,100050,100,99905,200,100076,100,99898,100
2019-06-28 09:34:40.000000000,99970,186,99944,286,100006,186,99933,186,100014,186,99931,186,100017,186,99930,186,100021,186,99924,186,100022,100,99923,100,100024,100,99907,100,100047,100,99905,200,100050,100,99898,100,100076,100,99890,100
2019-06-28 09:34:50.000000000,99970,247,99944,347,100006,242,99933,242,100014,242,99931,242,100017,100,99930,100,100021,100,99924,100,100022,100,99923,100,100024,100,99907,100,100047,100,99905,200,100050,100,99898,100,100076,100,99890,100
2019-06-28 09:34:56.309270557,99970,247,99944,247,100006,242,99933,242,100014,242,99931,242,100017,100,99930,100,100021,100,99924,100,100022,100,99923,100,100024,100,99907,100,100047,100,99905,200,100050,100,99898,100,100076,100,99890,100
2019-06-28 09:35:00.000000000,99970,247,99944,247,100006,242,99933,242,100014,242,99931,242,100017,100,99930,100,100021,100,99924,100,100022,100,99923,100,100024,100,99907,100,100047,100,99905,200,100050,100,99898,100,100076,100,99890,100
2019-06-28 09:35:10.000000000,99970,531,99944,531,100006,100,99933,100,100014,100,99931,100,100017,100,99930,100,100021,100,99924,100,100022,100,99923,100,100024,100,99907,100,100047,100,99905,200,100050,100,99898,100,100076,100,99890,100
2019-06-28 09:35:16.172737236,99970,531,99944,431,100006,100,99933,100,100014,100,99931,100,100017,100,99924,100,100021,100,99923,100,100022,100,99907,100,100024,100,99905,200,100047,100,99898,100,100050,100,99890,100,100076,100,99888,100
2019-06-28 09:35:20.000000000,99970,186,99933,186,100006,186,99931,186,100014,186,99924,186,100017,186,99923,186,100021,186,99907,186,100022,100,99905,200,100024,100,99898,100,100047,100,99890,100,100050,100,99888,100,100076,100,99879,100
2019-06-28 09:35:29.851342361,99970,186,99933,86,100006,186,99931,186,100014,186,99924,186,100017,186,99923,186,100021,186,99907,186,100022,100,99905,200,100024,100,99898,100,100047,100,99890,100,100050,100,99888,100,100076,100,99879,100
2019-06-28 09:35:30.000000000,99970,316,99931,316,100006,316,99924,316,100014,100,99923,100,100017,100,99907,100,100021,100,99905,200,100022,100,99898,100,100024,100,99890,100,100047,100,99888,100,100050,100,99879,100,100076,100,99873,100
2019-06-28 09:35:40.000000000,99970,208,99931,208,100006,208,99924,208,100014,208,99923,208,100017,208,99907,208,100021,100,99905,200,100022,100,99898,100,100024,100,99890,100,100047,100,99888,100,100050,100,99879,100,100076,100,99873,100
2019-06-28 09:35:50.000000000,99970,316,99931,316,100006,316,99924,316,100014,100,99923,100,100017,100,99907,100,100021,100,99905,200,100022,100,99898,100,100024,100,99890,100,100047,100,99888,100,100050,100,99879,100,100076,100,99873,100
2019-06-28 09:36:00.000000000,99970,208,99931,208,100006,208,99924,208,100014,208,99923,208,100017,208,99907,208,100021,100,99905,200,100022,100,99898,100,100024,100,99890,100,100047,100,99888,100,100050,100,99879,100,100076,100,99873,100
2019-06-28 09:36:01.646410811,99970,208,99931,108,100006,208,99924,208,100014,208,99923,208,100017,208,99907,208,100021,100,99905,200,100022,100,99898,100,100024,100,99890,100,100047,100,99888,100,100050,100,99879,100,100076,100,99873,100
2019-06-28 09:36:10.000000000,99970,186,99924,186,100006,186,99923,186,100014,186,99907,186,100017,186,99905,286,100021,186,99898,186,100022,100,99890,100,100024,100,99888,100,100047,100,99879,100,100050,100,99873,100,100076,100,99870,100
2019-06-28 09:36:14.932338083,99970,186,99924,86,100006,186,99923,186,100014,186,99907,186,100017,186,99905,286,100021,186,99898,186,100022,100,99890,100,100024,100,99888,100,100050,100,99879,100,100076,100,99873,100,100078,100,99870,100
2019-06-28 09:36:17.219841032,99970,186,99924,86,100006,186,99923,186,100014,186,99907,186,100017,186,99905,286,100021,186,99898,186,100022,100,99890,100,100024,100,99888,100,100050,100,99879,100,100076,100,99873,100,100078,100,99870,100
2019-06-28 09:36:20.000000000,99970,186,99923,186,100006,186,99907,186,100014,186,99905,286,100017,186,99898,186,100021,186,99890,186,100022,100,99888,100,100024,100,99879,100,100050,100,99873,100,100076,100,99870,100,100078,100,99852,100
2019-06-28 09:36:20.570398329,99970,186,99923,186,100006,186,99907,186,100014,186,99905,286,100017,186,99898,186,100021,186,99890,186,100022,100,99888,100,100024,100,99879,100,100050,100,99873,100,100076,100,99870,100,100079,200,99852,100
2019-06-28 09:36:30.000000000,99970,186,99923,186,100006,186,99907,186,100014,186,99905,286,100017,186,99898,186,100021,186,99890,186,100022,100,99888,100,100024,100,99879,100,100050,100,99873,100,100076,100,99870,100,100079,200,99852,100
2019-06-28 09:36:37.957138413,99970,186,99923,86,100006,186,99907,186,100014,186,99905,286,100017,186,99898,186,100021,186,99890,186,100022,100,99888,100,100024,100,99879,100,100050,100,99873,100,100076,100,99870,100,100079,200,99852,100
2019-06-28 09:36:40.000000000,99970,316,99907,316,100006,316,99905,416,100014,100,99898,100,100017,100,99890,100,100021,100,99888,100,100022,100,99879,100,100024,100,99873,100,100050,100,99870,100,100076,100,99852,100,100079,200,99754,100
2019-06-28 09:36:42.382492452,99924,100,99907,316,99970,316,99905,416,100006,316,99898,100,100014,100,99890,100,100017,100,99888,100,100021,100,99879,100,100022,100,99873,100,100024,100,99870,100,100050,100,99852,100,100076,100,99754,100
2019-06-28 09:36:50.000000000,99924,208,99907,208,99970,208,99905,308,100006,208,99898,208,100014,208,99890,208,100017,100,99888,100,100021,100,99879,100,100022,100,99873,100,100024,100,99870,100,100050,100,99852,100,100076,100,99754,100
2019-06-28 09:36:52.502770515,99924,208,99907,108,99970,208,99905,308,100006,208,99898,208,100014,208,99890,208,100017,100,99888,100,100022,100,99879,100,100024,100,99873,100,100050,100,99870,100,100076,100,99852,100,100079,200,99754,100
2019-06-28 09:37:00.000000000,99924,208,99905,308,99970,208,99898,208,100006,208,99890,208,100014,208,99888,208,100017,100,99879,100,100022,100,99873,100,100024,100,99870,100,100050,100,99852,100,100076,100,99754,100,100079,200,99712,100
2019-06-28 09:37:09.959966927,99923,100,99905,308,99924,208,99898,208,99970,208,99890,208,100006,208,99888,208,100014,208,99879,100,100017,100,99873,100,100022,100,99870,100,100024,100,99852,100,100050,100,99754,100,100076,100,99712,100
2019-06-28 09:37:10.000000000,99923,531,99905,631,99924,100,99898,100,99970,100,99890,100,100006,100,99888,100,100014,100,99879,100,100017,100,99873,100,100022,100,99870,100,100024,100,99852,100,100050,100,99754,100,100076,100,99712,100
2019-06-28 09:37:20.000000000,99923,247,99905,347,99924,242,99898,242,99970,242,99890,242,100006,100,99888,100,100014,100,99879,100,100017,100,99873,100,100022,100,99870,100,100024,100,99852,100,100050,100,99754,100,100076,100,99712,100
2019-06-28 09:37:30.000000000,99923,316,99905,416,99924,316,99898,316,99970,100,99890,100,100006,100,99888,100,100014,100,99879,100,100017,100,99873,100,100022,100,99870,100,100024,100,99852,100,100050,100,99754,100,100076,100,99712,100
2019-06-28 09:37:37.278887063,99923,416,99905,416,99924,316,99898,316,99970,100,99890,100,100006,100,99888,100,100014,100,99879,100,100017,100,99873,100,100022,100,99870,100,100024,100,99852,100,100050,100,99754,100,100076,100,99712,100
2019-06-28 09:37:40.000000000,99923,416,99905,416,99924,316,99898,316,99970,100,99890,100,100006,100,99888,100,100014,100,99879,100,100017,100,99873,100,100022,100,99870,100,100024,100,99852,100,100050,100,99754,100,100076,100,99712,100
2019-06-28 09:37:47.760827642,99923,516,99905,416,99924,316,99898,316,100006,100,99890,100,100014,100,99888,100,100017,100,99879,100,100022,100,99873,100,100024,100,99870,100,100050,100,99852,100,100076,100,99754,100,100079,200,99712,100
2019-06-28 09:37:50.000000000,99923,731,99905,631,99924,100,99898,100,100006,100,99890,100,100014,100,99888,100,100017,100,99879,100,100022,100,99873,100,100024,100,99870,100,100050,100,99852,100,100076,100,99754,100,100079,200,99712,100
2019-06-28 09:38:00.000000000,99923,447,99905,347,99924,242,99898,242,100006,242,99890,242,100014,100,99888,100,100017,100,99879,100,100022,100,99873,100,100024,100,99870,100,100050,100,99852,100,100076,100,99754,100,100079,200,99712,100
2019-06-28 09:38:10.000000000,99923,731,99905,631,99924,100,99898,100,100006,100,99890,100,100014,100,99888,100,100017,100,99879,100,100022,100,99873,100,100024,100,99870,100,100050,100,99852,100,100076,100,99754,100,100079,200,99712,100
2019-06-28 09:38:15.333323935,99923,731,99905,631,99924,100,99898,100,100006,100,99890,100,100014,100,99888,100,100017,100,99879,100,100022,100,99873,100,100024,100,99870,100,100050,100,99852,100,100079,200,99754,100,100080,100,99712,100
2019-06-28 09:38:20.000000000,99923,408,99905,308,99924,208,99898,208,100006,208,99890,208,100014,208,99888,208,100017,100,99879,100,100022,100,99873,100,100024,100,99870,100,100050,100,99852,100,100079,200,99754,100,100080,100,99712,100
2019-06-28 09:38:20.998298625,99923,408,99905,308,99924,208,99898,208,100006,208,99890,208,100014,208,99888,208,100017,100,99879,100,100022,100,99873,100,100024,100,99870,100,100050,100,99852,100,100079,200,99754,100,100080,100,99712,100
2019-06-28 09:38:21.533868724,99923,408,99905,308,99924,208,99898,208,100006,208,99890,208,100014,208,99888,208,100017,100,99879,100,100022,100,99873,100,100024,100,99870,100,100050,100,99852,100,100079,200,99754,100,100080,100,99712,100
2019-06-28 09:38:22.949367164,99923,408,99905,208,99924,208,99898,208,100006,208,99890,208,100014,208,99888,208,100017,100,99879,100,100022,100,99873,100,100024,100,99870,100,100050,100,99852,100,100079,200,99754,100,100080,100,99712,100
2019-06-28 09:38:30.000000000,99923,447,99905,247,99924,242,99898,242,100006,242,99890,242,100014,100,99888,100,100017,100,99879,100,100022,100,99873,100,100024,100,99870,100,100050,100,99852,100,100079,200,99754,100,100080,100,99712,100
2019-06-28 09:38:33.183692160,99923,447,99905,247,99924,242,99898,242,100006,242,99890,242,100014,100,99888,100,100017,100,99879,100,100024,100,99873,100,100050,100,99870,100,100079,200,99852,100,100080,100,99754,100,100082,100,99712,100
2019-06-28 09:38:39.264400965,99923,447,99905,247,99924,242,99898,242,100006,242,99890,242,100014,100,99888,100,100017,100,99879,100,100024,100,99873,100,100050,100,99870,100,100079,200,99852,100,100080,100,99754,100,100082,100,99712,100
2019-06-28 09:38:40.000000000,99923,386,99905,186,99924,186,99898,186,100006,186,99890,186,100014,186,99888,186,100017,186,99879,186,100024,100,99873,100,100050,100,99870,100,100079,200,99852,100,100080,100,99754,100,100082,100,99712,100
2019-06-28 09:38:45.077411873,99923,386,99905,86,99924,186,99898,186,100006,186,99890,186,100014,186,99888,186,100017,186,99879,186,100024,100,99873,100,100050,100,99870,100,100079,200,99852,100,100080,100,99754,100,100082,100,99712,100
2019-06-28 09:38:50.000000000,99923,516,99898,316,99924,316,99890,316,100006,100,99888,100,100014,100,99879,100,100017,100,99873,100,100024,100,99870,100,100050,100,99852,100,100079,200,99754,100,100080,100,99712,100,100082,100,99631,100
2019-06-28 09:39:00.000000000,99923,386,99898,186,99924,186,99890,186,100006,186,99888,186,100014,186,99879,186,100017,186,99873,186,100024,100,99870,100,100050,100,99852,100,100079,200,99754,100,100080,100,99712,100,100082,100,99631,100
2019-06-28 09:39:10.000000000,99923,408,99898,208,99924,208,99890,208,100006,208,99888,208,100014,208,99879,208,100017,100,99873,100,100024,100,99870,100,100050,100,99852,100,100079,200,99754,100,100080,100,99712,100,100082,100,99631,100
2019-06-28 09:39:20.000000000,99923,408,99898,208,99924,208,99890,208,100006,208,99888,208,100014,208,99879,208,100017,100,99873,100,100024,100,99870,100,100050,100,99852,100,100079,200,99754,100,100080,100,99712,100,100082,100,99631,100
2019-06-28 09:39:28.597938940,99923,408,99898,108,99924,208,99890,208,100006,208,99888,208,100014,208,99879,208,100017,100,99873,100,100024,100,99870,100,100050,100,99852,100,100079,200,99754,100,100080,100,99712,100,100082,100,99631,100
2019-06-28 09:39:30.000000000,99923,516,99890,316,99924,316,99888,316,100006,100,99879,100,100014,100,99873,100,100017,100,99870,100,100024,100,99852,100,100050,100,99754,100,100079,200,99712,100,100080,100,99631,100,100082,100,99616,100
2019-06-28 09:39:40.000000000,99923,731,99890,531,99924,100,99888,100,100006,100,99879,100,100014,100,99873,100,100017,100,99870,100,100024,100,99852,100,100050,100,99754,100,100079,200,99712,100,100080,100,99631,100,100082,100,99616,100
2019-06-28 09:39:50.000000000,99923,408,99890,208,99924,208,99888,208,100006,208,99879,208,100014,208,99873,208,100017,100,99870,100,100024,100,99852,100,100050,100,99754,100,100079,200,99712,100,100080,100,99631,100,100082,100,99616,100
2019-06-28 09:40:00.000000000,99923,447,99890,247,99924,242,99888,242,100006,242,99879,242,100014,100,99873,100,100017,100,99870,100,100024,100,99852,100,100050,100,99754,100,100079,200,99712,100,100080,100,99631,100,100082,100,99616,100
2019-06-28 09:40:10.000000000,99923,731,99890,531,99924,100,99888,100,100006,100,99879,100,100014,100,99873,100,100017,100,99870,100,100024,100,99852,100,100050,100,99754,100,100079,200,99712,100,100080,100,99631,100,100082,100,99616,100
2019-06-28 09:40:20.000000000,99923,447,99890,247,99924,242,99888,242,100006,242,99879,242,100014,100,99873,100,100017,100,99870,100,100024,100,99852,100,100050,100,99754,100,100079,200,99712,100,100080,100,99631,100,100082,100,99616,100
2019-06-28 09:40:30.000000000,99923,731,99890,531,99924,100,99888,100,100006,100,99879,100,100014,100,99873,100,100017,100,99870,100,100024,100,99852,100,100050,100,99754,100,100079,200,99712,100,100080,100,99631,100,100082,100,99616,100
2019-06-28 09:40:33.285320788,99905,100,99890,531,99923,731,99888,100,99924,100,99879,100,100006,100,99873,100,100014,100,99870,100,100017,100,99754,100,100024,100,99712,100,100050,100,99631,100,100079,200,99616,100,100080,100,99470,100
2019-06-28 09:40:40.000000000,99905,316,99890,316,99923,516,99888,316,99924,100,99879,100,100006,100,99873,100,100014,100,99870,100,100017,100,99754,100,100024,100,99712,100,100050,100,99631,100,100079,200,99616,100,100080,100,99470,100
2019-06-28 09:40:50.000000000,99905,208,99890,208,99923,408,99888,208,99924,208,99879,208,100006,208,99873,208,100014,100,99870,100,100017,100,99754,100,100024,100,99712,100,100050,100,99631,100,100079,200,99616,100,100080,100,99470,100
2019-06-28 09:41:00.000000000,99905,208,99890,208,99923,408,99888,208,99924,208,99879,208,100006,208,99873,208,100014,100,99870,100,100017,100,99754,100,100024,100,99712,100,100050,100,99631,100,100079,200,99616,100,100080,100,99470,100
2019-06-28 09:41:05.374968345,99905,208,99890,108,99923,408,99888,208,99924,208,99879,208,100006,208,99873,208,100014,100,99870,100,100017,100,99754,100,100024,100,99712,100,100050,100,99631,100,100079,200,99616,100,100080,100,99470,100
2019-06-28 09:41:10.000000000,99905,247,99888,247,99923,442,99879,242,99924,242,99873,242,100006,100,99870,100,100014,100,99754,100,100017,100,99712,100,100024,100,99631,100,100050,100,99616,100,100079,200,99470,100,100080,100,99325,100
2019-06-28 09:41:17.231395588,99905,247,99888,247,99923,442,99879,242,99924,242,99873,242,100006,100,99870,100,100014,100,99754,100,100017,100,99712,100,100024,100,99631,100,100050,100,99616,100,100079,200,99435,100,100080,100,99325,100
2019-06-28 09:41:19.041642901,99905,247,99888,147,99923,442,99879,242,99924,242,99873,242,100006,100,99870,100,100014,100,99754,100,100017,100,99712,100,100024,100,99631,100,100050,100,99616,100,100079,100,99435,100,100080,100,99325,100
2019-06-28 09:41:20.000000000,99905,186,99879,186,99923,386,99873,186,99924,186,99870,186,100006,186,99754,186,100014,186,99712,186,100017,100,99631,100,100024,100,99616,100,100050,100,99435,100,100079,100,99325,100,100080,100,98965,100
2019-06-28 09:41:24.254720495,99905,186,99879,86,99923,386,99873,186,99924,186,99870,186,100006,186,99754,186,100014,186,99712,186,100017,100,99631,100,100024,100,99616,100,100050,100,99435,100,100079,100,99325,100,100080,100,98965,100
2019-06-28 09:41:25.382392903,99879,14,99873,186,99905,186,99870,186,99923,386,99754,186,99924,186,99712,186,100006,186,99631,100,100014,186,99616,100,100017,100,99435,100,100024,100,99325,100,100050,100,98965,100,100079,100,98896,100
2019-06-28 09:41:29.879716061,99905,186,99873,186,99923,386,99870,186,99924,186,99754,186,100006,186,99712,186,100014,186,99631,100,100017,100,99616,100,100024,100,99591,100,100050,100,99435,100,100079,100,99325,100,100080,100,98965,100
2019-06-28 09:41:30.000000000,99905,208,99873,208,99923,408,99870,208,99924,208,99754,208,100006,208,99712,208,100014,100,99631,100,100017,100,99616,100,100024,100,99591,100,100050,100,99435,100,100079,100,99325,100,100080,100,98965,100
2019-06-28 09:41:40.000000000,99905,316,99873,316,99923,516,99870,316,99924,100,99754,100,100006,100,99712,100,100014,100,99631,100,100017,100,99616,100,100024,100,99591,100,100050,100,99435,100,100079,100,99325,100,100080,100,98965,100
2019-06-28 09:41:50.000000000,99905,316,99873,316,99923,516,99870,316,99924,100,99754,100,100006,100,99712,100,100014,100,99631,100,100017,100,99616,100,100024,100,99591,100,100050,100,99435,100,100079,100,99325,100,100080,100,98965,100
2019-06-28 09:42:00.000000000,99905,186,99873,186,99923,386,99870,186,99924,186,99754,186,100006,186,99712,186,100014,186,99631,186,100017,100,99616,100,100024,100,99591,100,100050,100,99435,100,100079,100,99325,100,100080,100,98965,100
2019-06-28 09:42:04.311066097,99905,186,99873,86,99923,386,99870,186,99924,186,99754,186,100006,186,99712,186,100014,186,99631,186,100017,100,99616,100,100024,100,99591,100,100050,100,99435,100,100079,100,99325,100,100080,100,98965,100
2019-06-28 09:42:10.000000000,99905,316,99870,316,99923,516,99754,316,99924,100,99712,100,100006,100,99631,100,100014,100,99616,100,100017,100,99591,100,100024,100,99435,100,100050,100,99325,100,100079,100,98965,100,100080,100,98896,100
2019-06-28 09:42:11.378407364,99905,316,99870,316,99923,516,99754,316,99924,100,99712,100,100006,100,99631,100,100014,100,99616,100,100017,100,99591,100,100024,100,99435,100,100050,100,99325,100,100079,100,98965,100,100080,100,98896,100
2019-06-28 09:42:20.000000000,99905,316,99870,316,99923,516,99754,316,99924,100,99712,100,100006,100,99631,100,100014,100,99616,100,100017,100,99591,100,100024,100,99435,100,100050,100,99325,100,100079,100,98965,100,100080,100,98896,100
2019-06-28 09:42:30.000000000,99905,247,99870,247,99923,442,99754,242,99924,242,99712,242,100006,100,99631,100,100014,100,99616,100,100017,100,99591,100,100024,100,99435,100,100050,100,99325,100,100079,100,98965,100,100080,100,98896,100
2019-06-28 09:42:34.224492084,99905,247,99870,247,99923,442,99754,242,99924,242,99712,242,100006,100,99631,100,100014,100,99616,100,100017,100,99591,100,100024,100,99435,100,100050,100,99381,100,100079,100,99325,100,100080,100,98965,100
2019-06-28 09:42:40.000000000,99905,247,99870,247,99923,442,99754,242,99924,242,99712,242,100006,100,99631,100,100014,100,99616,100,100017,100,99591,100,100024,100,99435,100,100050,100,99381,100,100079,100,99325,100,100080,100,98965,100
2019-06-28 09:42:50.000000000,99905,316,99870,316,99923,516,99754,316,99924,100,99712,100,100006,100,99631,100,100014,100,99616,100,100017,100,99591,100,100024,100,99435,100,100050,100,99381,100,100079,100,99325,100,100080,100,98965,100
2019-06-28 09:42:53.061101170,99879,100,99870,316,99905,316,99754,216,99923,516,99712,100,99924,100,99631,100,100006,100,99616,100,100014,100,99591,100,100017,100,99435,100,100024,100,99381,100,100050,100,99325,100,100079,100,98965,100
2019-06-28 09:43:00.000000000,99879,186,99870,186,99905,186,99712,186,99923,386,99631,186,99924,186,99616,186,100006,186,99591,186,100014,100,99435,100,100017,100,99381,100,100024,100,99325,100,100050,100,98965,100,100079,100,98896,100
2019-06-28 09:43:05.795962464,99879,286,99870,186,99905,186,99712,186,99923,386,99631,186,99924,186,99616,186,100006,186,99591,186,100014,100,99435,100,100017,100,99381,100,100024,100,99325,100,100050,100,98965,100,100079,100,98896,100
2019-06-28 09:43:10.000000000,99879,286,99870,186,99905,186,99712,186,99923,386,99631,186,99924,186,99616,186,100006,186,99591,186,100014,100,99435,100,100017,100,99381,100,100024,100,99325,100,100050,100,98965,100,100079,100,98896,100
2019-06-28 09:43:20.000000000,99879,286,99870,186,99905,186,99712,186,99923,386,99631,186,99924,186,99616,186,100006,186,99591,186,100014,100,99435,100,100017,100,99381,100,100024,100,99325,100,100050,100,98965,100,100079,100,98896,100
2019-06-28 09:43:28.354096886,99879,286,99870,186,99905,186,99712,186,99923,386,99631,186,99924,186,99616,186,100006,186,99591,186,100014,100,99435,100,100017,100,99381,100,100024,100,99325,100,100050,100,98965,100,100058,100,98896,100
2019-06-28 09:43:30.000000000,99879,631,99870,531,99905,100,99712,100,99923,300,99631,100,99924,100,99616,100,100006,100,99591,100,100014,100,99435,100,100017,100,99381,100,100024,100,99325,100,100050,100,98965,100,100058,100,98896,100
2019-06-28 09:43:35.901302381,99879,631,99870,531,99905,100,99712,100,99923,300,99631,100,99924,100,99616,100,99956,100,99591,100,100006,100,99435,100,100014,100,99381,100,100017,100,99325,100,100024,100,98965,100,100050,100,98896,100
2019-06-28 09:43:40.000000000,99879,286,99870,186,99905,186,99712,186,99923,386,99631,186,99924,186,99616,186,99956,186,99591,186,100006,100,99435,100,100014,100,99381,100,100017,100,99325,100,100024,100,98965,100,100050,100,98896,100
2019-06-28 09:43:49.567637974,99879,386,99870,186,99905,186,99712,186,99923,386,99631,186,99924,186,99616,186,99956,186,99591,186,100006,100,99435,100,100014,100,99381,100,100017,100,99325,100,100024,100,98965,100,100050,100,98896,100
2019-06-28 09:43:50.000000000,99879,516,99870,316,99905,316,99712,316,99923,300,99631,100,99924,100,99616,100,99956,100,99591,100,100006,100,99435,100,100014,100,99381,100,100017,100,99325,100,100024,100,98965,100,100050,100,98896,100
2019-06-28 09:44:00.000000000,99879,447,99870,247,99905,242,99712,242,99923,442,99631,242,99924,100,99616,100,99956,100,99591,100,100006,100,99435,100,100014,100,99381,100,100017,100,99325,100,100024,100,98965,100,100050,100,98896,100
2019-06-28 09:44:00.795711764,99879,447,99870,247,99905,242,99756,100,99923,442,99712,242,99924,100,99631,242,99956,100,99616,100,100006,100,99591,100,100014,100,99435,100,100017,100,99381,100,100024,100,99325,100,100050,100,98965,100
2019-06-28 09:44:01.120158484,99879,547,99870,247,99905,242,99756,100,99923,442,99712,242,99924,100,99631,242,99956,100,99616,100,100006,100,99591,100,100014,100,99435,100,100017,100,99381,100,100024,100,99325,100,100050,100,98965,100
2019-06-28 09:44:03.360027553,99879,447,99870,247,99905,242,99756,100,99923,442,99712,242,99924,100,99631,242,99956,100,99616,100,100006,100,99591,100,100014,100,99435,100,100017,100,99381,100,100024,100,99325,100,100050,100,98965,100
2019-06-28 09:44:07.206411239,99878,100,99870,247,99879,347,99756,100,99905,242,99712,242,99923,442,99631,242,99924,100,99616,100,99956,100,99591,100,100006,100,99435,100,100014,100,99381,100,100017,100,99325,100,100024,100,98965,100
2019-06-28 09:44:10.000000000,99878,531,99870,531,99879,200,99756,100,99905,100,99712,100,99923,300,99631,100,99924,100,99616,100,99956,100,99591,100,100006,100,99435,100,100014,100,99381,100,100017,100,99325,100,100024,100,98965,100
2019-06-28 09:44:19.500756332,99878,531,99870,531,99879,200,99756,100,99905,100,99712,100,99923,300,99631,100,99924,100,99616,100,99956,100,99591,100,100006,100,99435,100,100014,100,99381,100,100017,100,99325,100,100024,100,98965,100
2019-06-28 09:44:20.000000000,99878,186,99870,186,99879,286,99756,186,99905,186,99712,186,99923,386,99631,186,99924,186,99616,186,99956,100,99591,100,100006,100,99435,100,100014,100,99381,100,100017,100,99325,100,100024,100,98965,100
2019-06-28 09:44:30.000000000,99878,531,99870,531,99879,200,99756,100,99905,100,99712,100,99923,300,99631,100,99924,100,99616,100,99956,100,99591,100,100006,100,99435,100,100014,100,99381,100,100017,100,99325,100,100024,100,98965,100
2019-06-28 09:44:30.477461005,99878,531,99870,531,99879,200,99756,100,99905,100,99712,100,99923,300,99631,100,99924,100,99616,100,99956,100,99591,100,100006,100,99549,100,100017,100,99435,100,100024,100,99381,100,100050,100,99325,100
2019-06-28 09:44:35.377821468,99878,431,99870,531,99879,200,99756,100,99905,100,99712,100,99923,300,99631,100,99924,100,99616,100,99956,100,99591,100,100006,100,99549,100,100017,100,99435,100,100024,100,99381,100,100050,100,99325,100
2019-06-28 09:44:35.526558204,99878,431,99870,531,99879,200,99794,100,99905,100,99756,100,99923,300,99712,100,99924,100,99631,100,99956,100,99616,100,100006,100,99591,100,100017,100,99549,100,100024,100,99435,100,100050,100,99381,100
2019-06-28 09:44:36.724905288,99878,431,99870,531,99879,200,99794,100,99894,100,99756,100,99905,100,99712,100,99923,300,99631,100,99924,100,99616,100,99956,100,99591,100,100006,100,99549,100,100017,100,99435,100,100024,100,99381,100
2019-06-28 09:44:40.000000000,99879,286,99870,186,99894,186,99794,186,99905,186,99756,186,99923,386,99712,186,99924,186,99631,186,99956,100,99616,100,100006,100,99591,100,100017,100,99549,100,100024,100,99435,100,100050,100,99381,100
2019-06-28 09:44:46.585159570,99879,286,99870,186,99894,186,99794,186,99905,186,99756,186,99923,386,99712,186,99924,186,99641,100,99956,100,99631,186,100006,100,99616,100,100017,100,99591,100,100024,100,99549,100,100050,100,99435,100
2019-06-28 09:44:50.000000000,99879,308,99870,208,99894,208,99794,208,99905,208,99756,208,99923,408,99712,208,99924,100,99641,100,99956,100,99631,100,100006,100,99616,100,100017,100,99591,100,100024,100,99549,100,100050,100,99435,100
2019-06-28 09:45:00.000000000,99879,308,99870,208,99894,208,99794,208,99905,208,99756,208,99923,408,99712,208,99924,100,99641,100,99956,100,99631,100,100006,100,99616,100,100017,100,99591,100,100024,100,99549,100,100050,100,99435,100
2019-06-28 09:45:10.000000000,99879,308,99870,208,99894,208,99794,208,99905,208,99756,208,99923,408,99712,208,99924,100,99641,100,99956,100,99631,100,100006,100,99616,100,100017,100,99591,100,100024,100,99549,100,100050,100,99435,100
2019-06-28 09:45:20.000000000,99879,416,99870,316,99894,316,99794,316,99905,100,99756,100,99923,300,99712,100,99924,100,99641,100,99956,100,99631,100,100006,100,99616,100,100017,100,99591,100,100024,100,99549,100,100050,100,99435,100
2019-06-28 09:45:30.000000000,99879,631,99870,531,99894,100,99794,100,99905,100,99756,100,99923,300,99712,100,99924,100,99641,100,99956,100,99631,100,100006,100,99616,100,100017,100,99591,100,100024,100,99549,100,100050,100,99435,100
2019-06-28 09:45:40.000000000,99879,631,99870,531,99894,100,99794,100,99905,100,99756,100,99923,300,99712,100,99924,100,99641,100,99956,100,99631,100,100006,100,99616,100,100017,100,99591,100,100024,100,99549,100,100050,100,99435,100
2019-06-28 09:45:50.000000000,99879,347,99870,247,99894,242,99794,242,99905,242,99756,242,99923,300,99712,100,99924,100,99641,100,99956,100,99631,100,100006,100,99616,100,100017,100,99591,100,100024,100,99549,100,100050,100,99435,100
2019-06-28 09:45:50.381228358,99879,347,99870,247,99894,242,99794,242,99905,242,99756,242,99923,300,99712,100,99924,100,99641,100,99956,100,99631,100,100006,100,99616,100,100009,100,99591,100,100017,100,99549,100,100024,100,99435,100
2019-06-28 09:46:00.000000000,99879,286,99870,186,99894,186,99794,186,99905,186,99756,186,99923,386,99712,186,99924,186,99641,186,99956,100,99631,100,100006,100,99616,100,100009,100,99591,100,100017,100,99549,100,100024,100,99435,100
2019-06-28 09:46:10.000000000,99879,308,99870,208,99894,208,99794,208,99905,208,99756,208,99923,408,99712,208,99924,100,99641,100,99956,100,99631,100,100006,100,99616,100,100009,100,99591,100,100017,100,99549,100,100024,100,99435,100
2019-06-28 09:46:14.414278259,99879,308,99878,100,99894,208,99870,208,99905,208,99794,208,99923,408,99756,208,99924,100,99712,208,99956,100,99641,100,100006,100,99631,100,100009,100,99616,100,100017,100,99591,100,100024,100,99549,100
2019-06-28 09:46:20.000000000,99879,416,99878,316,99894,316,99870,316,99905,100,99794,100,99923,300,99756,100,99924,100,99712,100,99956,100,99641,100,100006,100,99631,100,100009,100,99616,100,100017,100,99591,100,100024,100,99549,100
2019-06-28 09:46:28.099885230,99879,416,99878,416,99894,316,99870,316,99905,100,99794,100,99923,300,99756,100,99924,100,99712,100,99956,100,99641,100,100006,100,99631,100,100009,100,99616,100,100017,100,99591,100,100024,100,99549,100
2019-06-28 09:46:30.000000000,99879,308,99878,308,99894,208,99870,208,99905,208,99794,208,99923,408,99756,208,99924,100,99712,100,99956,100,99641,100,100006,100,99631,100,100009,100,99616,100,100017,100,99591,100,100024,100,99549,100
2019-06-28 09:46:38.616290564,99879,308,99878,308,99894,208,99870,208,99905,208,99794,208,99923,408,99756,208,99924,100,99712,100,99956,100,99641,100,100006,100,99631,100,100009,100,99616,100,100017,100,99591,100,100024,100,99549,100
2019-06-28 09:46:40.000000000,99879,308,99878,308,99894,208,99870,208,99905,208,99794,208,99923,408,99756,208,99924,100,99712,100,99956,100,99641,100,100006,100,99631,100,100009,100,99616,100,100017,100,99591,100,100024,100,99549,100
2019-06-28 09:46:42.900113132,99879,308,99878,308,99894,208,99870,208,99905,208,99794,208,99923,408,99756,208,99924,100,99712,100,99956,100,99641,100,100006,100,99631,100,100009,100,99616,100,100017,100,99591,100,100024,100,99549,100
2019-06-28 09:46:44.661098755,99879,208,99878,308,99894,208,99870,208,99905,208,99794,208,99923,408,99756,208,99924,100,99712,100,99956,100,99641,100,100006,100,99631,100,100009,100,99616,100,100017,100,99591,100,100024,100,99549,100
2019-06-28 09:46:50.000000000,99879,208,99878,308,99894,208,99870,208,99905,208,99794,208,99923,408,99756,208,99924,100,99712,100,99956,100,99641,100,100006,100,99631,100,100009,100,99616,100,100017,100,99591,100,100024,100,99549,100
2019-06-28 09:47:00.000000000,99879,531,99878,631,99894,100,99870,100,99905,100,99794,100,99923,300,99756,100,99924,100,99712,100,99956,100,99641,100,100006,100,99631,100,100009,100,99616,100,100017,100,99591,100,100024,100,99549,100
2019-06-28 09:47:10.000000000,99879,186,99878,286,99894,186,99870,186,99905,186,99794,186,99923,386,99756,186,99924,186,99712,186,99956,100,99641,100,100006,100,99631,100,100009,100,99616,100,100017,100,99591,100,100024,100,99549,100
2019-06-28 09:47:10.088764824,99879,186,99878,286,99894,186,99870,186,99905,186,99794,186,99923,386,99756,186,99924,186,99712,186,99956,100,99641,100,100006,100,99631,100,100009,100,99616,100,100017,100,99591,100,100024,100,99549,100
2019-06-28 09:47:19.290462312,99879,186,99878,186,99894,186,99870,186,99905,186,99794,86,99923,386,99756,186,99924,186,99712,186,99956,100,99641,100,100006,100,99631,100,100009,100,99616,100,100017,100,99591,100,100024,100,99549,100
2019-06-28 09:47:20.000000000,99879,186,99878,186,99894,186,99870,186,99905,186,99756,186,99923,386,99712,186,99924,186,99641,186,99956,100,99631,100,100006,100,99616,100,100009,100,99591,100,100017,100,99549,100,100024,100,99435,100
2019-06-28 09:47:25.632888222,99879,186,99878,186,99894,186,99870,186,99905,186,99756,186,99923,286,99712,186,99924,186,99641,186,99956,100,99631,100,100006,100,99616,100,100009,100,99591,100,100017,100,99549,100,100024,100,99435,100
2019-06-28 09:47:30.000000000,99879,208,99878,208,99894,208,99870,208,99905,208,99756,208,99923,308,99712,208,99924,100,99641,100,99956,100,99631,100,100006,100,99616,100,100009,100,99591,100,100017,100,99549,100,100024,100,99435,100
2019-06-28 09:47:40.000000000,99879,316,99878,316,99894,316,99870,316,99905,100,99756,100,99923,200,99712,100,99924,100,99641,100,99956,100,99631,100,100006,100,99616,100,100009,100,99591,100,100017,100,99549,100,100024,100,99435,100
2019-06-28 09:47:44.209628700,99879,316,99878,316,99894,316,99870,316,99905,100,99756,100,99923,200,99712,100,99924,100,99641,100,100006,100,99631,100,100009,100,99616,100,100017,100,99591,100,100024,100,99549,100,100058,100,99470,100
2019-06-28 09:47:50.000000000,99879,531,99878,531,99894,100,99870,100,99905,100,99756,100,99923,200,99712,100,99924,100,99641,100,100006,100,99631,100,100009,100,99616,100,100017,100,99591,100,100024,100,99549,100,100058,100,99470,100
2019-06-28 09:47:50.925316397,99879,531,99878,431,99894,100,99870,100,99905,100,99756,100,99923,200,99712,100,99924,100,99641,100,100006,100,99631,100,100009,100,99616,100,100017,100,99591,100,100024,100,99549,100,100058,100,99470,100
2019-06-28 09:47:53.783197801,99879,531,99878,331,99894,100,99870,100,99905,100,99756,100,99923,200,99712,100,99924,100,99641,100,100006,100,99631,100,100009,100,99616,100,100017,100,99591,100,100024,100,99549,100,100058,100,99470,100
2019-06-28 09:48:00.000000000,99879,247,99870,247,99894,242,99756,242,99905,242,99712,242,99923,200,99641,100,99924,100,99631,100,100006,100,99616,100,100009,100,99591,100,100017,100,99549,100,100024,100,99470,100,100058,100,99435,100
2019-06-28 09:48:10.000000000,99879,208,99870,208,99894,208,99756,208,99905,208,99712,208,99923,308,99641,208,99924,100,99631,100,100006,100,99616,100,100009,100,99591,100,100017,100,99549,100,100024,100,99470,100,100058,100,99435,100
2019-06-28 09:48:20.000000000,99879,208,99870,208,99894,208,99756,208,99905,208,99712,208,99923,308,99641,208,99924,100,99631,100,100006,100,99616,100,100009,100,99591,100,100017,100,99549,100,100024,100,99470,100,100058,100,99435,100
2019-06-28 09:48:30.000000000,99879,208,99870,208,99894,208,99756,208,99905,208,99712,208,99923,308,99641,208,99924,100,99631,100,100006,100,99616,100,100009,100,99591,100,100017,100,99549,100,100024,100,99470,100,100058,100,99435,100
2019-06-28 09:48:34.473686627,99879,108,99870,208,99894,208,99756,208,99905,208,99712,208,99923,308,99641,208,99924,100,99631,100,100006,100,99616,100,100009,100,99591,100,100017,100,99549,100,100024,100,99470,100,100058,100,99435,100
2019-06-28 09:48:37.834642683,99878,100,99870,208,99879,108,99756,208,99894,208,99712,208,99905,208,99641,208,99923,308,99631,100,99924,100,99616,100,100006,100,99591,100,100009,100,99549,100,100017,100,99470,100,100024,100,99435,100
2019-06-28 09:48:40.000000000,99878,531,99870,531,99894,100,99756,100,99905,100,99712,100,99923,200,99641,100,99924,100,99631,100,100006,100,99616,100,100009,100,99591,100,100017,100,99549,100,100024,100,99470,100,100058,100,99435,100
2019-06-28 09:48:47.303404619,99878,531,99870,531,99894,100,99756,100,99903,100,99712,100,99905,100,99641,100,99923,200,99631,100,99924,100,99616,100,100006,100,99591,100,100009,100,99549,100,100017,100,99470,100,100024,100,99435,100
2019-06-28 09:48:50.000000000,99878,247,99870,247,99894,242,99756,242,99903,242,99712,242,99905,100,99641,100,99923,200,99631,100,99924,100,99616,100,100006,100,99591,100,100009,100,99549,100,100017,100,99470,100,100024,100,99435,100
2019-06-28 09:48:55.046365351,99878,247,99870,247,99894,242,99756,242,99903,242,99712,242,99904,100,99641,100,99905,100,99631,100,99923,200,99616,100,99924,100,99591,100,100006,100,99549,100,100009,100,99470,100,100017,100,99435,100
2019-06-28 09:49:00.000000000,99878,186,99870,186,99894,186,99756,186,99903,186,99712,186,99904,186,99641,186,99905,186,99631,186,99923,200,99616,100,99924,100,99591,100,100006,100,99549,100,100009,100,99470,100,100017,100,99435,100
2019-06-28 09:49:07.987376374,99878,286,99870,186,99894,186,99756,186,99903,186,99712,186,99904,186,99641,186,99905,186,99631,186,99923,200,99616,100,99924,100,99591,100,100006,100,99549,100,100009,100,99470,100,100017,100,99435,100
2019-06-28 09:49:10.000000000,99878,308,99870,208,99894,208,99756,208,99903,208,99712,208,99904,208,99641,208,99905,100,99631,100,99923,200,99616,100,99924,100,99591,100,100006,100,99549,100,100009,100,99470,100,100017,100,99435,100
2019-06-28 09:49:11.941632405,99878,308,99870,208,99894,208,99756,208,99903,208,99712,208,99904,208,99675,100,99905,100,99641,208,99923,200,99631,100,99924,100,99616,100,100006,100,99591,100,100009,100,99549,100,100017,100,99470,100
2019-06-28 09:49:19.392151775,99878,208,99870,208,99894,208,99756,208,99903,208,99712,208,99904,208,99675,100,99905,100,99641,208,99923,200,99631,100,99924,100,99616,100,100006,100,99591,100,100009,100,99549,100,100017,100,99470,100
2019-06-28 09:49:20.000000000,99878,208,99870,208,99894,208,99756,208,99903,208,99712,208,99904,208,99675,208,99905,100,99641,100,99923,200,99631,100,99924,100,99616,100,100006,100,99591,100,100009,100,99549,100,100017,100,99470,100
2019-06-28 09:49:20.748881352,99878,208,99870,108,99894,208,99756,208,99903,208,99712,208,99904,208,99675,208,99905,100,99641,100,99923,200,99631,100,99924,100,99616,100,100006,100,99591,100,100009,100,99549,100,100017,100,99435,100
2019-06-28 09:49:30.000000000,99878,186,99756,186,99894,186,99712,186,99903,186,99675,186,99904,186,99641,186,99905,186,99631,186,99923,200,99616,100,99924,100,99591,100,100006,100,99549,100,100009,100,99435,100,100017,100,99381,100
2019-06-28 09:49:34.869517389,99878,186,99756,186,99894,186,99712,186,99903,186,99675,186,99904,186,99641,186,99905,186,99631,186,99914,100,99616,100,99923,200,99591,100,99924,100,99549,100,100006,100,99435,100,100009,100,99381,100
2019-06-28 09:49:40.000000000,99878,186,99756,186,99894,186,99712,186,99903,186,99675,186,99904,186,99641,186,99905,186,99631,186,99914,100,99616,100,99923,200,99591,100,99924,100,99549,100,100006,100,99435,100,100009,100,99381,100
2019-06-28 09:49:44.955751948,99878,186,99756,186,99894,186,99712,186,99903,186,99675,186,99904,186,99641,186,99905,186,99631,186,99914,100,99616,100,99923,100,99591,100,99924,100,99549,100,100006,100,99435,100,100009,100,99381,100
2019-06-28 09:49:50.000000000,99878,531,99756,531,99894,100,99712,100,99903,100,99675,100,99904,100,99641,100,99905,100,99631,100,99914,100,99616,100,99923,100,99591,100,99924,100,99549,100,100006,100,99435,100,100009,100,99381,100
2019-06-28 09:49:57.773521626,99877,100,99756,531,99878,531,99712,100,99894,100,99675,100,99903,100,99641,100,99904,100,99631,100,99905,100,99616,100,99914,100,99591,100,99923,100,99549,100,99924,100,99435,100,100006,100,99381,100
2019-06-28 09:49:59.501345040,99877,200,99756,531,99878,531,99712,100,99894,100,99675,100,99903,100,99641,100,99904,100,99631,100,99905,100,99616,100,99914,100,99591,100,99923,100,99549,100,99924,100,99435,100,100006,100,99381,100
2019-06-28 09:50:00.000000000,99877,286,99756,186,99878,186,99712,186,99894,186,99675,186,99903,186,99641,186,99904,186,99631,186,99905,100,99616,100,99914,100,99591,100,99923,100,99549,100,99924,100,99435,100,100006,100,99381,100
2019-06-28 09:50:10.000000000,99877,631,99756,531,99878,100,99712,100,99894,100,99675,100,99903,100,99641,100,99904,100,99631,100,99905,100,99616,100,99914,100,99591,100,99923,100,99549,100,99924,100,99435,100,100006,100,99381,100
2019-06-28 09:50:20.000000000,99877,416,99756,316,99878,316,99712,316,99894,100,99675,100,99903,100,99641,100,99904,100,99631,100,99905,100,99616,100,99914,100,99591,100,99923,100,99549,100,99924,100,99435,100,100006,100,99381,100
2019-06-28 09:50:26.246848793,99877,416,99756,316,99878,316,99712,316,99894,100,99675,100,99903,100,99641,100,99904,100,99631,100,99905,100,99591,100,99914,100,99549,100,99923,100,99435,100,99924,100,99381,100,100006,100,99325,100
2019-06-28 09:50:30.000000000,99877,347,99756,247,99878,242,99712,242,99894,242,99675,242,99903,100,99641,100,99904,100,99631,100,99905,100,99591,100,99914,100,99549,100,99923,100,99435,100,99924,100,99381,100,100006,100,99325,100
2019-06-28 09:50:40.000000000,99877,631,99756,531,99878,100,99712,100,99894,100,99675,100,99903,100,99641,100,99904,100,99631,100,99905,100,99591,100,99914,100,99549,100,99923,100,99435,100,99924,100,99381,100,100006,100,99325,100
2019-06-28 09:50:42.015863176,99877,731,99756,531,99878,100,99712,100,99894,100,99675,100,99903,100,99641,100,99904,100,99631,100,99905,100,99591,100,99914,100,99549,100,99923,100,99435,100,99924,100,99381,100,100006,100,99325,100
2019-06-28 09:50:42.355975842,99877,731,99756,431,99878,100,99712,100,99894,100,99675,100,99903,100,99641,100,99904,100,99631,100,99905,100,99591,100,99923,100,99549,100,99924,100,99435,100,100006,100,99381,100,100009,100,99325,100
2019-06-28 09:50:50.000000000,99877,731,99712,531,99878,100,99675,100,99894,100,99641,100,99903,100,99631,100,99904,100,99591,100,99905,100,99549,100,99923,100,99435,100,99924,100,99381,100,100006,100,99325,100,100009,100,98896,100
2019-06-28 09:51:00.000000000,99877,516,99712,316,99878,316,99675,316,99894,100,99641,100,99903,100,99631,100,99904,100,99591,100,99905,100,99549,100,99923,100,99435,100,99924,100,99381,100,100006,100,99325,100,100009,100,98896,100
2019-06-28 09:51:10.000000000,99877,516,99712,316,99878,316,99675,316,99894,100,99641,100,99903,100,99631,100,99904,100,99591,100,99905,100,99549,100,99923,100,99435,100,99924,100,99381,100,100006,100,99325,100,100009,100,98896,100
2019-06-28 09:51:20.000000000,99877,516,99712,316,99878,316,99675,316,99894,100,99641,100,99903,100,99631,100,99904,100,99591,100,99905,100,99549,100,99923,100,99435,100,99924,100,99381,100,100006,100,99325,100,100009,100,98896,100
2019-06-28 09:51:26.467071634,99870,100,99712,316,99877,516,99675,316,99878,316,99641,100,99894,100,99631,100,99903,100,99591,100,99904,100,99549,100,99905,100,99435,100,99923,100,99381,100,99924,100,99325,100,100006,100,98896,100
2019-06-28 09:51:30.000000000,99870,186,99712,186,99877,386,99675,186,99878,186,99641,186,99894,186,99631,186,99903,186,99591,186,99904,100,99549,100,99905,100,99435,100,99923,100,99381,100,99924,100,99325,100,100006,100,98896,100
2019-06-28 09:51:40.000000000,99870,316,99712,316,99877,516,99675,316,99878,100,99641,100,99894,100,99631,100,99903,100,99591,100,99904,100,99549,100,99905,100,99435,100,99923,100,99381,100,99924,100,99325,100,100006,100,98896,100
2019-06-28 09:51:45.087197307,99870,316,99712,216,99877,516,99675,316,99878,100,99641,100,99894,100,99631,100,99903,100,99591,100,99904,100,99549,100,99905,100,99435,100,99923,100,99381,100,99924,100,99325,100,100006,100,98896,100
2019-06-28 09:51:50.000000000,99870,186,99675,186,99877,386,99641,186,99878,186,99631,186,99894,186,99591,186,99903,186,99549,186,99904,100,99435,100,99905,100,99381,100,99923,100,99325,100,99924,100,98896,100,100006,100,98661,100
2019-06-28 09:51:52.120406107,99870,186,99675,186,99877,386,99641,186,99878,186,99631,186,99894,186,99591,186,99903,186,99549,186,99904,100,99435,100,99905,100,99325,100,99923,100,98896,100,99924,100,98661,100,100006,100,98606,100
2019-06-28 09:52:00.000000000,99870,531,99675,531,99877,300,99641,100,99878,100,99631,100,99894,100,99591,100,99903,100,99549,100,99904,100,99435,100,99905,100,99325,100,99923,100,98896,100,99924,100,98661,100,100006,100,98606,100
2019-06-28 09:52:06.098110997,99870,531,99675,531,99877,300,99641,100,99878,100,99631,100,99894,100,99591,100,99903,100,99549,100,99904,100,99435,100,99905,100,99325,100,99923,100,98896,100,99924,100,98661,100,100006,100,98606,100
2019-06-28 09:52:10.000000000,99870,316,99675,316,99877,516,99641,316,99878,100,99631,100,99894,100,99591,100,99903,100,99549,100,99904,100,99435,100,99905,100,99325,100,99923,100,98896,100,99924,100,98661,100,100006,100,98606,100
2019-06-28 09:52:20.000000000,99870,208,99675,208,99877,408,99641,208,99878,208,99631,208,99894,208,99591,208,99903,100,99549,100,99904,100,99435,100,99905,100,99325,100,99923,100,98896,100,99924,100,98661,100,100006,100,98606,100
2019-06-28 09:52:20.732481979,99870,108,99675,208,99877,408,99641,208,99878,208,99631,208,99894,208,99591,208,99903,100,99549,100,99904,100,99435,100,99905,100,99325,100,99923,100,98896,100,99924,100,98661,100,100006,100,98606,100
2019-06-28 09:52:29.003937646,99870,108,99675,208,99877,408,99641,208,99878,208,99631,208,99894,208,99591,208,99903,100,99549,100,99904,100,99435,100,99905,100,99325,100,99923,100,98896,100,99924,100,98661,100,100006,100,98606,100
2019-06-28 09:52:30.000000000,99877,408,99675,208,99878,208,99641,208,99894,208,99631,208,99903,208,99591,208,99904,100,99549,100,99905,100,99435,100,99923,100,99325,100,99924,100,98896,100,100006,100,98661,100,100009,100,98606,100
2019-06-28 09:52:36.196466552,99877,408,99675,108,99878,208,99641,208,99894,208,99631,208,99903,208,99591,108,99904,100,99549,100,99905,100,99435,100,99923,100,99325,100,99924,100,98896,100,100006,100,98661,100,100009,100,98606,100
2019-06-28 09:52:37.382171259,99877,408,99675,108,99878,208,99641,208,99894,208,99631,208,99903,208,99591,108,99904,100,99549,100,99905,100,99435,100,99923,100,99325,100,99924,100,98896,100,100006,100,98661,100,100009,100,98606,100
2019-06-28 09:52:40.000000000,99877,408,99641,208,99878,208,99631,208,99894,208,99549,208,99903,208,99435,208,99904,100,99325,100,99905,100,98896,100,99923,100,98661,100,99924,100,98606,100,100006,100,98495,100,100009,100,98343,100
2019-06-28 09:52:50.000000000,99877,516,99641,316,99878,316,99631,316,99894,100,99549,100,99903,100,99435,100,99904,100,99325,100,99905,100,98896,100,99923,100,98661,100,99924,100,98606,100,100006,100,98495,100,100009,100,98343,100
2019-06-28 09:53:00.000000000,99877,386,99641,186,99878,186,99631,186,99894,186,99549,186,99903,186,99435,186,99904,186,99325,186,99905,100,98896,100,99923,100,98661,100,99924,100,98606,100,100006,100,98495,100,100009,100,98343,100
2019-06-28 09:53:02.214611666,99877,386,99641,86,99878,186,99631,186,99894,186,99549,186,99903,186,99435,186,99904,186,99325,186,99905,100,98896,100,99923,100,98661,100,99924,100,98606,100,100006,100,98495,100,100009,100,98343,100
2019-06-28 09:53:10.000000000,99877,516,99631,316,99878,316,99549,316,99894,100,99435,100,99903,100,99325,100,99904,100,98896,100,99905,100,98661,100,99923,100,98606,100,99924,100,98495,100,100006,100,98343,100,100009,100,98280,100
2019-06-28 09:53:20.000000000,99877,386,99631,186,99878,186,99549,186,99894,186,99435,186,99903,186,99325,186,99904,186,98896,186,99905,100,98661,100,99923,100,98606,100,99924,100,98495,100,100006,100,98343,100,100009,100,98280,100
2019-06-28 09:53:30.000000000,99877,447,99631,247,99878,242,99549,242,99894,242,99435,242,99903,100,99325,100,99904,100,98896,100,99905,100,98661,100,99923,100,98606,100,99924,100,98495,100,100006,100,98343,100,100009,100,98280,100
2019-06-28 09:53:40.000000000,99877,386,99631,186,99878,186,99549,186,99894,186,99435,186,99903,186,99325,186,99904,186,98896,186,99905,100,98661,100,99923,100,98606,100,99924,100,98495,100,100006,100,98343,100,100009,100,98280,100
2019-06-28 09:53:50.000000000,99877,447,99631,247,99878,242,99549,242,99894,242,99435,242,99903,100,99325,100,99904,100,98896,100,99905,100,98661,100,99923,100,98606,100,99924,100,98495,100,100006,100,98343,100,100009,100,98280,100
2019-06-28 09:53:58.837990105,99877,447,99631,147,99878,242,99549,242,99894,242,99435,242,99903,100,99325,100,99904,100,98896,100,99905,100,98661,100,99923,100,98606,100,99924,100,98495,100,100006,100,98343,100,100009,100,98280,100
2019-06-28 09:54:00.000000000,99877,386,99549,186,99878,186,99435,186,99894,186,99325,186,99903,186,98896,186,99904,186,98661,186,99905,100,98606,100,99923,100,98495,100,99924,100,98343,100,100006,100,98280,100,100009,100,,
2019-06-28 09:54:10.000000000,99877,408,99549,208,99878,208,99435,208,99894,208,99325,208,99903,208,98896,208,99904,100,98661,100,99905,100,98606,100,99923,100,98495,100,99924,100,98343,100,100006,100,98280,100,100009,100,,
2019-06-28 09:54:12.132482094,99877,408,99549,208,99878,208,99435,208,99894,208,99325,208,99903,208,98896,208,99904,100,98661,100,99905,100,98606,100,99923,100,98495,100,99924,100,98343,100,100006,100,98280,100,100009,100,98170,100
2019-06-28 09:54:15.407368389,99877,408,99549,108,99878,208,99435,208,99894,208,99325,208,99903,208,98896,208,99904,100,98661,100,99905,100,98606,100,99923,100,98495,100,99924,100,98343,100,100006,100,98280,100,100009,100,98170,100
2019-06-28 09:54:20.000000000,99877,447,99435,247,99878,242,99325,242,99894,242,98896,242,99903,100,98661,100,99904,100,98606,100,99905,100,98495,100,99923,100,98343,100,99924,100,98280,100,100006,100,98170,100,100009,100,,
2019-06-28 09:54:30.000000000,99877,731,99435,531,99878,100,99325,100,99894,100,98896,100,99903,100,98661,100,99904,100,98606,100,99905,100,98495,100,99923,100,98343,100,99924,100,98280,100,100006,100,98170,100,100009,100,,
2019-06-28 09:54:37.747979189,99877,731,99435,531,99878,100,99325,100,99894,100,98896,100,99903,100,98661,100,99904,100,98606,100,99905,100,98495,100,99923,100,98343,100,99924,100,98280,100,100006,100,98257,100,100009,100,98170,100
2019-06-28 09:54:40.000000000,99877,731,99435,531,99878,100,99325,100,99894,100,98896,100,99903,100,98661,100,99904,100,98606,100,99905,100,98495,100,99923,100,98343,100,99924,100,98280,100,100006,100,98257,100,100009,100,98170,100
2019-06-28 09:54:40.335298105,99877,731,99435,531,99878,100,99325,100,99894,100,98896,100,99903,100,98661,100,99904,100,98606,100,99905,100,98495,100,99923,100,98343,100,99924,100,98296,100,100006,100,98280,100,100009,100,98257,100
2019-06-28 09:54:50.000000000,99877,447,99435,247,99878,242,99325,242,99894,242,98896,242,99903,100,98661,100,99904,100,98606,100,99905,100,98495,100,99923,100,98343,100,99924,100,98296,100,100006,100,98280,100,100009,100,98257,100
2019-06-28 09:55:00.000000000,99877,386,99435,186,99878,186,99325,186,99894,186,98896,186,99903,186,98661,186,99904,186,98606,186,99905,100,98495,100,99923,100,98343,100,99924,100,98296,100,100006,100,98280,100,100009,100,98257,100
2019-06-28 09:55:04.667182497,99877,386,99435,186,99878,186,99325,186,99894,186,98896,186,99903,186,98661,186,99904,186,98606,186,99905,100,98495,100,99923,100,98381,100,99924,100,98343,100,100006,100,98296,100,100009,100,98280,100
2019-06-28 09:55:10.000000000,99877,516,99435,316,99878,316,99325,316,99894,100,98896,100,99903,100,98661,100,99904,100,98606,100,99905,100,98495,100,99923,100,98381,100,99924,100,98343,100,100006,100,98296,100,100009,100,98280,100
2019-06-28 09:55:20.000000000,99877,447,99435,247,99878,242,99325,242,99894,242,98896,242,99903,100,98661,100,99904,100,98606,100,99905,100,98495,100,99923,100,98381,100,99924,100,98343,100,100006,100,98296,100,100009,100,98280,100
2019-06-28 09:55:27.932295276,99877,347,99435,247,99878,242,99325,242,99894,242,98896,242,99903,100,98661,100,99904,100,98606,100,99905,100,98495,100,99923,100,98381,100,99924,100,98343,100,100006,100,98296,100,100009,100,98280,100
2019-06-28 09:55:30.000000000,99877,308,99435,208,99878,208,99325,208,99894,208,98896,208,99903,208,98661,208,99904,100,98606,100,99905,100,98495,100,99923,100,98381,100,99924,100,98343,100,100006,100,98296,100,100009,100,98280,100
2019-06-28 09:55:31.887705913,99631,100,99435,208,99877,308,99325,208,99878,208,98896,208,99894,208,98661,208,99903,208,98606,100,99904,100,98495,100,99905,100,98381,100,99923,100,98343,100,99924,100,98296,100,100006,100,98280,100
2019-06-28 09:55:40.000000000,99631,316,99435,316,99877,416,99325,316,99878,100,98896,100,99894,100,98661,100,99903,100,98606,100,99904,100,98495,100,99905,100,98381,100,99923,100,98343,100,99924,100,98296,100,100006,100,98280,100
2019-06-28 09:55:50.000000000,99631,316,99435,316,99877,416,99325,316,99878,100,98896,100,99894,100,98661,100,99903,100,98606,100,99904,100,98495,100,99905,100,98381,100,99923,100,98343,100,99924,100,98296,100,100006,100,98280,100
2019-06-28 09:56:00.000000000,99631,316,99435,316,99877,416,99325,316,99878,100,98896,100,99894,100,98661,100,99903,100,98606,100,99904,100,98495,100,99905,100,98381,100,99923,100,98343,100,99924,100,98296,100,100006,100,98280,100
2019-06-28 09:56:10.000000000,99631,208,99435,208,99877,308,99325,208,99878,208,98896,208,99894,208,98661,208,99903,100,98606,100,99904,100,98495,100,99905,100,98381,100,99923,100,98343,100,99924,100,98296,100,100006,100,98280,100
2019-06-28 09:56:20.000000000,99631,208,99435,208,99877,308,99325,208,99878,208,98896,208,99894,208,98661,208,99903,100,98606,100,99904,100,98495,100,99905,100,98381,100,99923,100,98343,100,99924,100,98296,100,100006,100,98280,100
2019-06-28 09:56:30.000000000,99631,186,99435,186,99877,286,99325,186,99878,186,98896,186,99894,186,98661,186,99903,186,98606,186,99904,100,98495,100,99905,100,98381,100,99923,100,98343,100,99924,100,98296,100,100006,100,98280,100
2019-06-28 09:56:36.535711380,99631,286,99435,186,99877,286,99325,186,99878,186,98896,186,99894,186,98661,186,99903,186,98606,186,99904,100,98495,100,99905,100,98381,100,99923,100,98343,100,99924,100,98296,100,100006,100,98280,100
2019-06-28 09:56:40.000000000,99631,416,99435,316,99877,416,99325,316,99878,100,98896,100,99894,100,98661,100,99903,100,98606,100,99904,100,98495,100,99905,100,98381,100,99923,100,98343,100,99924,100,98296,100,100006,100,98280,100
2019-06-28 09:56:45.886659638,99631,416,99435,216,99877,416,99325,316,99878,100,98896,100,99894,100,98661,100,99903,100,98606,100,99904,100,98495,100,99905,100,98381,100,99923,100,98343,100,99924,100,98296,100,100006,100,98280,100
2019-06-28 09:56:50.000000000,99631,308,99325,208,99877,308,98896,208,99878,208,98661,208,99894,208,98606,208,99903,100,98495,100,99904,100,98381,100,99905,100,98343,100,99923,100,98296,100,99924,100,98280,100,100006,100,98257,100
2019-06-28 09:57:00.000000000,99631,286,99325,186,99877,286,98896,186,99878,186,98661,186,99894,186,98606,186,99903,186,98495,186,99904,100,98381,100,99905,100,98343,100,99923,100,98296,100,99924,100,98280,100,100006,100,98257,100
2019-06-28 09:57:09.751478477,99631,286,99325,186,99877,286,98896,186,99878,186,98661,186,99894,186,98606,186,99903,186,98495,186,99905,100,98438,100,99923,100,98381,100,99924,100,98343,100,100006,100,98296,100,100009,100,98280,100
2019-06-28 09:57:10.000000000,99631,416,99325,316,99877,416,98896,316,99878,100,98661,100,99894,100,98606,100,99903,100,98495,100,99905,100,98438,100,99923,100,98381,100,99924,100,98343,100,100006,100,98296,100,100009,100,98280,100
2019-06-28 09:57:20.000000000,99631,286,99325,186,99877,286,98896,186,99878,186,98661,186,99894,186,98606,186,99903,186,98495,186,99905,100,98438,100,99923,100,98381,100,99924,100,98343,100,100006,100,98296,100,100009,100,98280,100
2019-06-28 09:57:30.000000000,99631,416,99325,316,99877,416,98896,316,99878,100,98661,100,99894,100,98606,100,99903,100,98495,100,99905,100,98438,100,99923,100,98381,100,99924,100,98343,100,100006,100,98296,100,100009,100,98280,100
2019-06-28 09:57:39.130675054,99631,416,99325,216,99877,416,98896,316,99878,100,98661,100,99894,100,98606,100,99903,100,98495,100,99905,100,98438,100,99923,100,98381,100,99924,100,98343,100,100006,100,98296,100,100009,100,98280,100
2019-06-28 09:57:39.146653620,99631,416,99325,116,99877,416,98896,316,99878,100,98661,100,99894,100,98606,100,99903,100,98495,100,99905,100,98438,100,99923,100,98381,100,99924,100,98343,100,100006,100,98296,100,100009,100,98280,100
2019-06-28 09:57:40.000000000,99631,347,98896,247,99877,342,98661,242,99878,242,98606,242,99894,100,98495,100,99903,100,98438,100,99905,100,98381,100,99923,100,98343,100,99924,100,98296,100,100006,100,98280,100,100009,100,98257,100
2019-06-28 09:57:41.494656753,99027,100,98896,247,99631,347,98661,242,99877,342,98606,242,99878,242,98495,100,99894,100,98438,100,99903,100,98381,100,99905,100,98343,100,99923,100,98296,100,99924,100,98280,100,100006,100,98257,100
2019-06-28 09:57:50.000000000,99027,208,98896,208,99631,308,98661,208,99877,308,98606,208,99878,208,98495,208,99894,100,98438,100,99903,100,98381,100,99905,100,98343,100,99923,100,98296,100,99924,100,98280,100,100006,100,98257,100
2019-06-28 09:57:58.624833825,99027,208,98896,208,99197,100,98661,208,99631,308,98606,208,99877,308,98495,208,99878,208,98438,100,99894,100,98381,100,99903,100,98343,100,99905,100,98296,100,99923,100,98280,100,99924,100,98257,100
2019-06-28 09:58:00.000000000,99027,531,98896,531,99197,100,98661,100,99631,200,98606,100,99877,200,98495,100,99878,100,98438,100,99894,100,98381,100,99903,100,98343,100,99905,100,98296,100,99923,100,98280,100,99924,100,98257,100
2019-06-28 09:58:01.491364296,99027,531,98896,531,99197,100,98661,100,99469,100,98606,100,99631,200,98495,100,99877,200,98438,100,99878,100,98381,100,99894,100,98343,100,99903,100,98296,100,99905,100,98280,100,99923,100,98257,100
2019-06-28 09:58:04.570067494,99027,531,98896,531,99197,100,98661,100,99469,100,98606,100,99557,100,98495,100,99631,200,98438,100,99877,200,98381,100,99878,100,98343,100,99894,100,98296,100,99903,100,98280,100,99905,100,98257,100
2019-06-28 09:58:10.000000000,99027,186,98896,186,99197,186,98661,186,99469,186,98606,186,99557,186,98495,186,99631,286,98438,186,99877,200,98381,100,99878,100,98343,100,99894,100,98296,100,99903,100,98280,100,99905,100,98257,100
2019-06-28 09:58:18.296796318,99027,186,99000,100,99197,186,98896,186,99469,186,98661,186,99557,186,98606,186,99631,286,98495,186,99877,200,98438,186,99878,100,98381,100,99894,100,98343,100,99903,100,98296,100,99905,100,98280,100
2019-06-28 09:58:20.000000000,99027,316,99000,316,99197,316,98896,316,99469,100,98661,100,99557,100,98606,100,99631,200,98495,100,99877,200,98438,100,99878,100,98381,100,99894,100,98343,100,99903,100,98296,100,99905,100,98280,100
2019-06-28 09:58:20.144956128,99027,316,99000,316,99197,316,98896,316,99403,100,98661,100,99469,100,98606,100,99557,100,98495,100,99631,200,98438,100,99877,200,98381,100,99878,100,98343,100,99894,100,98296,100,99903,100,98280,100
2019-06-28 09:58:30.000000000,99027,247,99000,247,99197,242,98896,242,99403,242,98661,242,99469,100,98606,100,99557,100,98495,100,99631,200,98438,100,99877,200,98381,100,99878,100,98343,100,99894,100,98296,100,99903,100,98280,100
2019-06-28 09:58:35.189890106,99027,147,99000,247,99197,242,98896,142,99403,242,98661,242,99469,100,98606,100,99557,100,98495,100,99631,200,98438,100,99877,200,98381,100,99878,100,98343,100,99894,100,98296,100,99903,100,98280,100
2019-06-28 09:58:36.538075448,99027,147,99000,247,99197,242,98896,142,99403,242,98661,242,99469,100,98606,100,99492,100,98495,100,99557,100,98438,100,99631,200,98381,100,99877,200,98343,100,99878,100,98296,100,99894,100,98280,100
2019-06-28 09:58:36.830491217,99027,147,99006,100,99197,242,99000,247,99403,242,98896,142,99469,100,98661,242,99492,100,98606,100,99557,100,98495,100,99631,200,98438,100,99877,200,98381,100,99878,100,98343,100,99894,100,98280,100
2019-06-28 09:58:40.000000000,99197,531,99006,531,99403,100,99000,100,99469,100,98661,100,99492,100,98606,100,99557,100,98495,100,99631,200,98438,100,99877,200,98381,100,99878,100,98343,100,99894,100,98280,100,99903,100,98257,100
2019-06-28 09:58:49.473663428,99197,531,99006,531,99403,100,99000,100,99469,100,98661,100,99492,100,98606,100,99557,100,98495,100,99631,200,98438,100,99639,100,98381,100,99877,200,98343,100,99878,100,98280,100,99894,100,98257,100
2019-06-28 09:58:50.000000000,99197,208,99006,208,99403,208,99000,208,99469,208,98661,208,99492,208,98606,208,99557,100,98495,100,99631,200,98438,100,99639,100,98381,100,99877,200,98343,100,99878,100,98280,100,99894,100,98257,100
2019-06-28 09:59:00.000000000,99197,208,99006,208,99403,208,99000,208,99469,208,98661,208,99492,208,98606,208,99557,100,98495,100,99631,200,98438,100,99639,100,98381,100,99877,200,98343,100,99878,100,98280,100,99894,100,98257,100
2019-06-28 09:59:10.000000000,99197,247,99006,247,99403,242,99000,242,99469,242,98661,242,99492,100,98606,100,99557,100,98495,100,99631,200,98438,100,99639,100,98381,100,99877,200,98343,100,99878,100,98280,100,99894,100,98257,100
2019-06-28 09:59:20.000000000,99197,208,99006,208,99403,208,99000,208,99469,208,98661,208,99492,208,98606,208,99557,100,98495,100,99631,200,98438,100,99639,100,98381,100,99877,200,98343,100,99878,100,98280,100,99894,100,98257,100
2019-06-28 09:59:26.305788125,99197,208,99027,100,99403,208,99006,208,99469,208,99000,208,99492,208,98661,208,99557,100,98606,208,99631,200,98495,100,99639,100,98438,100,99877,200,98381,100,99878,100,98343,100,99894,100,98280,100
2019-06-28 09:59:30.000000000,99197,186,99027,186,99403,186,99006,186,99469,186,99000,186,99492,186,98661,186,99557,186,98606,186,99631,200,98495,100,99639,100,98438,100,99877,200,98381,100,99878,100,98343,100,99894,100,98280,100
2019-06-28 09:59:40.000000000,99197,247,99027,247,99403,242,99006,242,99469,242,99000,242,99492,100,98661,100,99557,100,98606,100,99631,200,98495,100,99639,100,98438,100,99877,200,98381,100,99878,100,98343,100,99894,100,98280,100
2019-06-28 09:59:44.561994362,99197,247,99027,247,99325,100,99006,242,99403,242,99000,242,99469,242,98661,100,99492,100,98606,100,99557,100,98495,100,99631,200,98438,100,99639,100,98381,100,99877,200,98343,100,99878,100,98280,100
2019-06-28 09:59:47.054459746,99197,247,99171,100,99325,100,99027,247,99403,242,99006,242,99469,242,99000,242,99492,100,98661,100,99557,100,98606,100,99631,200,98495,100,99639,100,98438,100,99877,200,98381,100,99878,100,98343,100
2019-06-28 09:59:50.000000000,99197,531,99171,531,99325,100,99027,100,99403,100,99006,100,99469,100,99000,100,99492,100,98661,100,99557,100,98606,100,99631,200,98495,100,99639,100,98438,100,99877,200,98381,100,99878,100,98343,100
2019-06-28 09:59:53.084483375,99197,531,99171,531,99325,100,99027,100,99403,100,99006,100,99469,100,99000,100,99483,100,98661,100,99492,100,98606,100,99557,100,98495,100,99631,200,98438,100,99639,100,98381,100,99877,200,98343,100
2019-06-28 09:59:53.233472160,99197,531,99171,531,99325,100,99027,200,99403,100,99006,100,99469,100,99000,100,99483,100,98661,100,99492,100,98606,100,99557,100,98495,100,99631,200,98438,100,99639,100,98381,100,99877,200,98343,100
2019-06-28 10:00:00.000000000,99197,208,99171,208,99325,208,99027,308,99403,208,99006,208,99469,208,99000,208,99483,100,98661,100,99492,100,98606,100,99557,100,98495,100,99631,200,98438,100,99639,100,98381,100,99877,200,98343,100
2019-06-28 10:00:08.696362007,99197,108,99171,208,99325,208,99027,308,99403,208,99006,208,99469,208,99000,208,99483,100,98661,100,99492,100,98606,100,99557,100,98495,100,99631,200,98438,100,99639,100,98381,100,99877,200,98343,100
2019-06-28 10:00:10.000000000,99325,186,99171,186,99403,186,99027,286,99469,186,99006,186,99483,186,99000,186,99492,186,98661,186,99557,100,98606,100,99631,200,98495,100,99639,100,98438,100,99877,200,98381,100,99878,100,98343,100
2019-06-28 10:00:20.000000000,99325,186,99171,186,99403,186,99027,286,99469,186,99006,186,99483,186,99000,186,99492,186,98661,186,99557,100,98606,100,99631,200,98495,100,99639,100,98438,100,99877,200,98381,100,99878,100,98343,100
2019-06-28 10:00:21.609479278,99325,186,99171,186,99403,186,99027,286,99446,100,99006,186,99469,186,99000,186,99483,186,98661,186,99492,186,98606,100,99557,100,98495,100,99631,200,98438,100,99639,100,98381,100,99877,200,98343,100
2019-06-28 10:00:30.000000000,99325,208,99171,208,99403,208,99027,308,99446,208,99006,208,99469,208,99000,208,99483,100,98661,100,99492,100,98606,100,99557,100,98495,100,99631,200,98438,100,99639,100,98381,100,99877,200,98343,100
2019-06-28 10:00:34.149799937,99325,208,99171,208,99403,208,99027,308,99446,308,99006,208,99469,208,99000,208,99483,100,98661,100,99492,100,98606,100,99557,100,98495,100,99631,200,98438,100,99639,100,98381,100,99877,200,98343,100
2019-06-28 10:00:40.000000000,99325,186,99171,186,99403,186,99027,286,99446,286,99006,186,99469,186,99000,186,99483,186,98661,186,99492,100,98606,100,99557,100,98495,100,99631,200,98438,100,99639,100,98381,100,99877,200,98343,100
2019-06-28 10:00:50.000000000,99325,186,99171,186,99403,186,99027,286,99446,286,99006,186,99469,186,99000,186,99483,186,98661,186,99492,100,98606,100,99557,100,98495,100,99631,200,98438,100,99639,100,98381,100,99877,200,98343,100
2019-06-28 10:00:53.768951724,99325,186,99263,100,99403,186,99171,186,99446,286,99027,286,99469,186,99006,186,99483,186,99000,186,99492,100,98661,186,99557,100,98606,100,99631,200,98495,100,99639,100,98438,100,99877,200,98381,100
2019-06-28 10:00:59.488550317,99325,186,99284,100,99403,186,99263,100,99446,286,99171,186,99469,186,99027,286,99483,186,99006,186,99492,100,99000,186,99557,100,98661,186,99631,200,98606,100,99639,100,98495,100,99877,200,98438,100
2019-06-28 10:01:00.000000000,99325,316,99284,316,99403,316,99263,316,99446,200,99171,100,99469,100,99027,200,99483,100,99006,100,99492,100,99000,100,99557,100,98661,100,99631,200,98606,100,99639,100,98495,100,99877,200,98438,100
2019-06-28 10:01:10.000000000,99325,247,99284,247,99403,242,99263,242,99446,342,99171,242,99469,100,99027,200,99483,100,99006,100,99492,100,99000,100,99557,100,98661,100,99631,200,98606,100,99639,100,98495,100,99877,200,98438,100
2019-06-28 10:01:11.628476474,99325,247,99284,147,99403,242,99263,242,99446,342,99171,242,99469,100,99027,200,99483,100,99006,100,99492,100,99000,100,99557,100,98661,100,99631,100,98606,100,99639,100,98495,100,99877,200,98438,100
2019-06-28 10:01:20.000000000,99325,247,99263,247,99403,242,99171,242,99446,342,99027,342,99469,100,99006,100,99483,100,99000,100,99492,100,98661,100,99557,100,98606,100,99631,100,98495,100,99639,100,98438,100,99877,200,98381,100
2019-06-28 10:01:30.000000000,99325,316,99263,316,99403,316,99171,316,99446,200,99027,200,99469,100,99006,100,99483,100,99000,100,99492,100,98661,100,99557,100,98606,100,99631,100,98495,100,99639,100,98438,100,99877,200,98381,100
2019-06-28 10:01:40.000000000,99325,247,99263,247,99403,242,99171,242,99446,342,99027,342,99469,100,99006,100,99483,100,99000,100,99492,100,98661,100,99557,100,98606,100,99631,100,98495,100,99639,100,98438,100,99877,200,98381,100
2019-06-28 10:01:50.000000000,99325,208,99263,208,99403,208,99171,208,99446,308,99027,308,99469,208,99006,208,99483,100,99000,100,99492,100,98661,100,99557,100,98606,100,99631,100,98495,100,99639,100,98438,100,99877,200,98381,100
2019-06-28 10:01:56.612008993,99325,208,99263,208,99403,208,99171,208,99446,308,99163,100,99469,208,99027,308,99483,100,99006,208,99557,100,99000,100,99631,100,98661,100,99639,100,98606,100,99877,200,98495,100,99878,100,98438,100
2019-06-28 10:02:00.000000000,99325,247,99263,247,99403,242,99171,242,99446,342,99163,242,99469,100,99027,200,99483,100,99006,100,99557,100,99000,100,99631,100,98661,100,99639,100,98606,100,99877,200,98495,100,99878,100,98438,100
2019-06-28 10:02:02.620003659,99325,247,99263,247,99331,100,99171,242,99403,242,99163,242,99446,342,99027,200,99469,100,99006,100,99483,100,99000,100,99557,100,98661,100,99631,100,98606,100,99639,100,98438,100,99877,200,98381,100
2019-06-28 10:02:08.675188055,99325,247,99263,247,99331,100,99171,242,99335,100,99163,242,99403,242,99027,200,99446,342,99006,100,99469,100,99000,100,99483,100,98661,100,99557,100,98606,100,99631,100,98438,100,99639,100,98381,100
2019-06-28 10:02:10.000000000,99325,316,99263,316,99331,316,99171,316,99335,100,99163,100,99403,100,99027,200,99446,200,99006,100,99469,100,99000,100,99483,100,98661,100,99557,100,98606,100,99631,100,98438,100,99639,100,98381,100
2019-06-28 10:02:20.000000000,99325,531,99263,531,99331,100,99171,100,99335,100,99163,100,99403,100,99027,200,99446,200,99006,100,99469,100,99000,100,99483,100,98661,100,99557,100,98606,100,99631,100,98438,100,99639,100,98381,100
2019-06-28 10:02:30.000000000,99325,208,99263,208,99331,208,99171,208,99335,208,99163,208,99403,208,99027,308,99446,200,99006,100,99469,100,99000,100,99483,100,98661,100,99557,100,98606,100,99631,100,98438,100,99639,100,98381,100
2019-06-28 10:02:40.000000000,99325,531,99263,531,99331,100,99171,100,99335,100,99163,100,99403,100,99027,200,99446,200,99006,100,99469,100,99000,100,99483,100,98661,100,99557,100,98606,100,99631,100,98438,100,99639,100,98381,100
2019-06-28 10:02:50.000000000,99325,208,99263,208,99331,208,99171,208,99335,208,99163,208,99403,208,99027,308,99446,200,99006,100,99469,100,99000,100,99483,100,98661,100,99557,100,98606,100,99631,100,98438,100,99639,100,98381,100
2019-06-28 10:02:59.691240658,99325,208,99263,108,99331,208,99171,208,99335,208,99163,208,99403,208,99027,308,99446,200,99006,100,99469,100,99000,100,99483,100,98661,100,99557,100,98606,100,99631,100,98438,100,99639,100,98381,100
2019-06-28 10:03:00.000000000,99325,186,99171,186,99331,186,99163,186,99335,186,99027,286,99403,186,99006,186,99446,286,99000,186,99469,100,98661,100,99483,100,98606,100,99557,100,98438,100,99631,100,98381,100,99639,100,98343,100
2019-06-28 10:03:10.000000000,99325,208,99171,208,99331,208,99163,208,99335,208,99027,308,99403,208,99006,208,99446,200,99000,100,99469,100,98661,100,99483,100,98606,100,99557,100,98438,100,99631,100,98381,100,99639,100,98343,100
2019-06-28 10:03:20.000000000,99325,186,99171,186,99331,186,99163,186,99335,186,99027,286,99403,186,99006,186,99446,286,99000,186,99469,100,98661,100,99483,100,98606,100,99557,100,98438,100,99631,100,98381,100,99639,100,98343,100
2019-06-28 10:03:30.000000000,99325,531,99171,531,99331,100,99163,100,99335,100,99027,200,99403,100,99006,100,99446,200,99000,100,99469,100,98661,100,99483,100,98606,100,99557,100,98438,100,99631,100,98381,100,99639,100,98343,100
2019-06-28 10:03:35.177147357,99325,531,99171,531,99331,100,99163,100,99335,100,99027,200,99403,100,99006,100,99446,200,99000,100,99469,100,98661,100,99483,100,98606,100,99557,100,98438,100,99639,100,98381,100,99877,200,98343,100
2019-06-28 10:03:40.000000000,99325,316,99171,316,99331,316,99163,316,99335,100,99027,200,99403,100,99006,100,99446,200,99000,100,99469,100,98661,100,99483,100,98606,100,99557,100,98438,100,99639,100,98381,100,99877,200,98343,100
2019-06-28 10:03:50.000000000,99325,208,99171,208,99331,208,99163,208,99335,208,99027,308,99403,208,99006,208,99446,200,99000,100,99469,100,98661,100,99483,100,98606,100,99557,100,98438,100,99639,100,98381,100,99877,200,98343,100
2019-06-28 10:03:54.250353334,99325,208,99171,108,99331,208,99163,208,99335,208,99027,308,99403,208,99006,208,99446,200,99000,100,99469,100,98661,100,99483,100,98606,100,99557,100,98438,100,99639,100,98381,100,99877,200,98343,100
2019-06-28 10:03:55.095550711,99263,100,99171,108,99325,208,99163,208,99331,208,99027,308,99335,208,99006,208,99403,208,99000,100,99446,200,98661,100,99469,100,98606,100,99483,100,98438,100,99557,100,98381,100,99639,100,98343,100
2019-06-28 10:04:00.000000000,99263,316,99163,316,99325,316,99027,416,99331,100,99006,100,99335,100,99000,100,99403,100,98661,100,99446,200,98606,100,99469,100,98438,100,99483,100,98381,100,99557,100,98343,100,99639,100,98257,100
2019-06-28 10:04:02.289787251,99263,316,99163,316,99325,316,99027,416,99331,100,99006,100,99335,100,99000,100,99403,100,98791,100,99446,200,98661,100,99469,100,98606,100,99483,100,98438,100,99557,100,98381,100,99639,100,98343,100
2019-06-28 10:04:10.000000000,99263,186,99163,186,99325,186,99027,286,99331,186,99006,186,99335,186,99000,186,99403,186,98791,186,99446,200,98661,100,99469,100,98606,100,99483,100,98438,100,99557,100,98381,100,99639,100,98343,100
2019-06-28 10:04:20.000000000,99263,316,99163,316,99325,316,99027,416,99331,100,99006,100,99335,100,99000,100,99403,100,98791,100,99446,200,98661,100,99469,100,98606,100,99483,100,98438,100,99557,100,98381,100,99639,100,98343,100
2019-06-28 10:04:24.889610349,99263,316,99163,316,99325,316,99027,416,99331,100,99006,100,99335,100,99000,100,99403,100,98791,100,99446,200,98661,100,99469,100,98606,100,99483,100,98438,100,99557,100,98381,100,99639,100,98343,100
2019-06-28 10:04:30.000000000,99263,316,99163,316,99325,316,99027,416,99331,100,99006,100,99335,100,99000,100,99403,100,98791,100,99446,200,98661,100,99469,100,98606,100,99483,100,98438,100,99557,100,98381,100,99639,100,98343,100
2019-06-28 10:04:40.000000000,99263,186,99163,186,99325,186,99027,286,99331,186,99006,186,99335,186,99000,186,99403,186,98791,186,99446,200,98661,100,99469,100,98606,100,99483,100,98438,100,99557,100,98381,100,99639,100,98343,100
2019-06-28 10:04:50.000000000,99263,531,99163,531,99325,100,99027,200,99331,100,99006,100,99335,100,99000,100,99403,100,98791,100,99446,200,98661,100,99469,100,98606,100,99483,100,98438,100,99557,100,98381,100,99639,100,98343,100
2019-06-28 10:04:53.244338331,99263,531,99163,531,99325,100,99027,200,99331,100,99006,100,99335,100,99000,100,99403,100,98791,100,99446,200,98661,100,99469,100,98606,100,99483,100,98438,100,99557,100,98381,100,99639,100,98343,100
2019-06-28 10:05:00.000000000,99263,531,99163,531,99325,100,99027,200,99331,100,99006,100,99335,100,99000,100,99403,100,98791,100,99446,200,98661,100,99469,100,98606,100,99483,100,98438,100,99557,100,98381,100,99639,100,98343,100
2019-06-28 10:05:00.600389219,99263,531,99163,531,99325,100,99027,200,99331,100,99006,100,99335,100,99000,100,99403,100,98791,100,99446,200,98661,100,99469,100,98606,100,99483,100,98438,100,99557,100,98381,100,99639,100,98343,100
2019-06-28 10:05:10.000000000,99263,531,99163,531,99325,100,99027,200,99331,100,99006,100,99335,100,99000,100,99403,100,98791,100,99446,200,98661,100,99469,100,98606,100,99483,100,98438,100,99557,100,98381,100,99639,100,98343,100
2019-06-28 10:05:10.685252189,99263,531,99250,100,99325,100,99163,531,99331,100,99027,200,99403,100,99006,100,99446,200,99000,100,99469,100,98791,100,99483,100,98661,100,99557,100,98606,100,99639,100,98438,100,99877,100,98381,100
2019-06-28 10:05:12.129150581,99263,531,99250,100,99325,100,99163,531,99331,100,99027,200,99403,100,99006,100,99446,200,99000,100,99483,100,98922,100,99557,100,98791,100,99639,100,98661,100,99877,100,98606,100,99894,100,98438,100
2019-06-28 10:05:20.000000000,99263,531,99250,531,99325,100,99163,100,99331,100,99027,200,99403,100,99006,100,99446,200,99000,100,99483,100,98922,100,99557,100,98791,100,99639,100,98661,100,99877,100,98606,100,99894,100,98438,100
2019-06-28 10:05:25.446301996,99263,531,99250,531,99325,100,99163,100,99331,100,99027,200,99403,100,99006,100,99446,100,99000,100,99483,100,98961,100,99557,100,98922,100,99639,100,98791,100,99877,100,98661,100,99894,100,98606,100
2019-06-28 10:05:30.000000000,99263,531,99250,531,99325,100,99163,100,99331,100,99027,200,99403,100,99006,100,99446,100,99000,100,99483,100,98961,100,99557,100,98922,100,99639,100,98791,100,99877,100,98661,100,99894,100,98606,100
2019-06-28 10:05:30.267285220,99263,531,99250,531,99325,100,99167,100,99331,100,99027,200,99403,100,99006,100,99446,100,99000,100,99483,100,98961,100,99557,100,98922,100,99639,100,98791,100,99877,100,98661,100,99894,100,98606,100
2019-06-28 10:05:40.000000000,99263,247,99250,247,99325,242,99167,242,99331,242,99027,342,99403,100,99006,100,99446,100,99000,100,99483,100,98961,100,99557,100,98922,100,99639,100,98791,100,99877,100,98661,100,99894,100,98606,100
2019-06-28 10:05:50.000000000,99263,208,99250,208,99325,208,99167,208,99331,208,99027,308,99403,208,99006,208,99446,100,99000,100,99483,100,98961,100,99557,100,98922,100,99639,100,98791,100,99877,100,98661,100,99894,100,98606,100
2019-06-28 10:05:52.305603491,99263,208,99250,108,99325,208,99167,208,99331,208,99027,308,99403,208,99006,208,99446,100,99000,100,99483,100,98961,100,99557,100,98922,100,99639,100,98791,100,99877,100,98661,100,99894,100,98606,100
2019-06-28 10:06:00.000000000,99263,316,99167,316,99325,316,99027,416,99331,100,99006,100,99403,100,99000,100,99446,100,98961,100,99483,100,98922,100,99557,100,98791,100,99639,100,98661,100,99877,100,98606,100,99894,100,98438,100
2019-06-28 10:06:06.026482353,99250,100,99167,316,99263,316,99027,416,99325,316,99006,100,99331,100,99000,100,99403,100,98961,100,99446,100,98922,100,99483,100,98791,100,99557,100,98661,100,99639,100,98606,100,99877,100,98438,100
2019-06-28 10:06:10.000000000,99250,208,99167,208,99263,208,99027,308,99325,208,99006,208,99331,208,99000,208,99403,100,98961,100,99446,100,98922,100,99483,100,98791,100,99557,100,98661,100,99639,100,98606,100,99877,100,98438,100
2019-06-28 10:06:16.349243478,99250,208,99167,208,99263,208,99027,308,99325,208,99006,208,99329,100,99000,208,99331,208,98961,100,99403,100,98922,100,99446,100,98791,100,99483,100,98661,100,99557,100,98606,100,99639,100,98438,100
2019-06-28 10:06:20.000000000,99250,247,99167,247,99263,242,99027,342,99325,242,99006,242,99329,100,99000,100,99331,100,98961,100,99403,100,98922,100,99446,100,98791,100,99483,100,98661,100,99557,100,98606,100,99639,100,98438,100
2019-06-28 10:06:30.000000000,99250,531,99167,531,99263,100,99027,200,99325,100,99006,100,99329,100,99000,100,99331,100,98961,100,99403,100,98922,100,99446,100,98791,100,99483,100,98661,100,99557,100,98606,100,99639,100,98438,100
2019-06-28 10:06:30.791647620,99250,431,99167,531,99263,100,99027,200,99325,100,99006,100,99329,100,99000,100,99331,100,98961,100,99403,100,98922,100,99446,100,98791,100,99483,100,98661,100,99557,100,98606,100,99639,100,98438,100
2019-06-28 10:06:35.037694507,99250,331,99167,531,99263,100,99027,200,99325,100,99006,100,99329,100,99000,100,99331,100,98961,100,99403,100,98922,100,99446,100,98791,100,99483,100,98661,100,99557,100,98606,100,99639,100,98438,100
2019-06-28 10:06:40.000000000,99263,531,99167,531,99325,100,99027,200,99329,100,99006,100,99331,100,99000,100,99403,100,98961,100,99446,100,98922,100,99483,100,98791,100,99557,100,98661,100,99639,100,98606,100,99877,100,98438,100
2019-06-28 10:06:50.000000000,99263,186,99167,186,99325,186,99027,286,99329,186,99006,186,99331,186,99000,186,99403,186,98961,186,99446,100,98922,100,99483,100,98791,100,99557,100,98661,100,99639,100,98606,100,99877,100,98438,100
2019-06-28 10:06:57.109841540,99263,186,99167,186,99325,186,99027,286,99329,186,99006,186,99331,186,99000,186,99403,186,98961,186,99446,100,98922,100,99483,100,98791,100,99557,100,98661,100,99639,100,98606,100,99830,100,98438,100
2019-06-28 10:07:00.000000000,99263,208,99167,208,99325,208,99027,308,99329,208,99006,208,99331,208,99000,208,99403,100,98961,100,99446,100,98922,100,99483,100,98791,100,99557,100,98661,100,99639,100,98606,100,99830,100,98438,100
2019-06-28 10:07:10.000000000,99263,531,99167,531,99325,100,99027,200,99329,100,99006,100,99331,100,99000,100,99403,100,98961,100,99446,100,98922,100,99483,100,98791,100,99557,100,98661,100,99639,100,98606,100,99830,100,98438,100
2019-06-28 10:07:11.264998998,99263,531,99167,531,99325,100,99027,100,99329,100,99006,100,99331,100,99000,100,99403,100,98961,100,99446,100,98922,100,99483,100,98791,100,99557,100,98661,100,99639,100,98606,100,99830,100,98438,100
2019-06-28 10:07:20.000000000,99263,186,99167,186,99325,186,99027,186,99329,186,99006,186,99331,186,99000,186,99403,186,98961,186,99446,100,98922,100,99483,100,98791,100,99557,100,98661,100,99639,100,98606,100,99830,100,98438,100
2019-06-28 10:07:30.000000000,99263,531,99167,531,99325,100,99027,100,99329,100,99006,100,99331,100,99000,100,99403,100,98961,100,99446,100,98922,100,99483,100,98791,100,99557,100,98661,100,99639,100,98606,100,99830,100,98438,100
2019-06-28 10:07:31.625864177,99263,531,99167,531,99325,100,99027,100,99329,100,99006,100,99331,100,99000,100,99403,100,98961,100,99446,100,98922,100,99483,100,98791,100,99557,100,98661,100,99639,100,98606,100,99713,100,98438,100
2019-06-28 10:07:40.000000000,99263,247,99167,247,99325,242,99027,242,99329,242,99006,242,99331,100,99000,100,99403,100,98961,100,99446,100,98922,100,99483,100,98791,100,99557,100,98661,100,99639,100,98606,100,99713,100,98438,100
2019-06-28 10:07:50.000000000,99263,186,99167,186,99325,186,99027,186,99329,186,99006,186,99331,186,99000,186,99403,186,98961,186,99446,100,98922,100,99483,100,98791,100,99557,100,98661,100,99639,100,98606,100,99713,100,98438,100
