,ask_price_1,ask_size_1,bid_price_1,bid_size_1,ask_price_2,ask_size_2,bid_price_2,bid_size_2,ask_price_3,ask_size_3,bid_price_3,bid_size_3,ask_price_4,ask_size_4,bid_price_4,bid_size_4,ask_price_5,ask_size_5,bid_price_5,bid_size_5,ask_price_6,ask_size_6,bid_price_6,bid_size_6,ask_price_7,ask_size_7,bid_price_7,bid_size_7,ask_price_8,ask_size_8,bid_price_8,bid_size_8,ask_price_9,ask_size_9,bid_price_9,bid_size_9,ask_price_10,ask_size_10,bid_price_10,bid_size_10
2019-06-28 09:30:00.000000000,,,99930,100,,,,,,,,,,,,,,,,,,,,,,,,,,,,,,,,,,,,
2019-06-28 09:30:00.000000001,100029,100,99930,100,100047,100,,,,,,,,,,,,,,,,,,,,,,,,,,,,,,,,,,
2019-06-28 09:30:00.000000005,99932,100,99930,100,100029,100,,,100047,100,,,100084,100,,,,,,,,,,,,,,,,,,,,,,,,,,
2019-06-28 09:30:00.000000013,99932,100,99930,200,100029,100,,,100047,100,,,100084,100,,,,,,,,,,,,,,,,,,,,,,,,,,
2019-06-28 09:30:00.000000014,100029,100,99930,200,100047,100,,,100070,100,,,100084,100,,,100124,100,,,,,,,,,,,,,,,,,,,,,,
2019-06-28 09:30:00.000000015,100029,100,99930,200,100047,100,99929,100,100070,100,,,100083,100,,,100084,100,,,100124,100,,,,,,,,,,,,,,,,,,
2019-06-28 09:30:00.000000018,100029,100,99930,200,100047,100,99929,100,100070,100,,,100083,100,,,100084,100,,,100124,100,,,100138,100,,,,,,,,,,,,,,
2019-06-28 09:30:00.000000019,100029,100,99930,200,100047,100,99929,100,100070,100,99917,100,100083,100,99898,100,100084,100,,,100124,100,,,100138,100,,,,,,,,,,,,,,
2019-06-28 09:30:00.000000020,99972,100,99930,200,100029,100,99929,100,100047,100,99917,100,100070,100,99898,100,100083,100,,,100084,100,,,100124,100,,,100138,100,,,,,,,,,,
2019-06-28 09:30:00.000000021,100029,100,99930,200,100047,100,99929,100,100070,100,99917,100,100083,100,99898,100,100084,100,,,100124,100,,,100138,100,,,,,,,,,,,,,,
2019-06-28 09:30:00.000000022,100029,100,99930,200,100047,100,99929,100,100070,100,99917,100,100083,100,99898,100,100084,100,,,100124,100,,,100138,100,,,100198,100,,,,,,,,,,
2019-06-28 09:30:00.000000023,99972,100,99930,200,100029,100,99929,100,100047,100,99917,100,100070,100,99898,100,100083,100,,,100084,100,,,100124,100,,,100138,100,,,100162,100,,,100198,100,,
2019-06-28 09:30:00.000000024,99972,100,99945,100,100029,100,99930,200,100047,100,99929,100,100070,100,99917,100,100083,100,99898,100,100084,100,,,100124,100,,,100138,100,,,100162,100,,,100198,100,,
2019-06-28 09:30:00.000000026,100029,100,99945,100,100047,100,99930,200,100064,100,99929,100,100070,100,99917,100,100083,100,99898,100,100084,100,,,100124,100,,,100138,100,,,100162,100,,,100198,100,,
2019-06-28 09:30:00.000000027,100029,100,99945,100,100047,100,99930,200,100064,100,99929,100,100070,100,99917,100,100083,100,99898,100,100084,100,,,100100,100,,,100124,100,,,100138,100,,,100162,100,,
2019-06-28 09:30:00.000000028,100029,100,99972,200,100047,100,99945,100,100064,100,99930,200,100070,100,99929,100,100072,100,99917,100,100083,100,99898,100,100084,100,,,100100,100,,,100124,100,,,100138,100,,
2019-06-28 09:30:00.000000029,100029,100,99972,200,100047,100,99945,100,100064,100,99930,200,100070,100,99929,100,100072,100,99917,100,100083,100,99898,100,100084,100,,,100089,100,,,100100,100,,,100124,100,,
2019-06-28 09:30:00.000000036,100029,100,99972,200,100047,100,99945,100,100064,100,99930,200,100070,100,99929,100,100072,100,99917,100,100083,100,99898,100,100084,100,,,100087,100,,,100089,100,,,100100,100,,
2019-06-28 09:30:00.000000038,100029,100,99972,200,100047,100,99945,100,100064,100,99930,200,100070,100,99929,100,100072,100,99917,100,100083,100,99898,100,100084,100,,,100087,100,,,100089,100,,,100100,100,,
2019-06-28 09:30:00.000000042,100027,100,99972,200,100029,100,99945,100,100047,100,99930,200,100064,100,99929,100,100070,100,99917,100,100072,100,99898,100,100083,100,99870,100,100084,100,,,100087,100,,,100089,100,,
2019-06-28 09:30:00.000000043,100009,100,99972,200,100027,100,99945,100,100029,100,99930,300,100047,100,99929,100,100064,100,99917,100,100070,100,99898,100,100072,100,99870,100,100083,100,99813,100,100084,100,,,100087,100,,
2019-06-28 09:30:00.000000044,100009,100,99972,200,100027,100,99945,100,100029,100,99930,300,100036,100,99929,100,100047,100,99917,100,100064,100,99898,100,100070,100,99870,100,100072,100,99813,100,100083,100,,,100084,100,,
2019-06-28 09:30:00.000000045,100009,100,99972,200,100027,100,99945,100,100029,100,99930,300,100036,100,99929,100,100047,100,99917,100,100064,100,99898,100,100070,200,99870,100,100072,100,99813,100,100083,100,,,100084,100,,
2019-06-28 09:30:00.000000046,100009,100,99972,200,100027,100,99945,100,100029,100,99930,300,100036,100,99929,100,100047,100,99917,100,100064,100,99898,100,100070,200,99881,100,100072,100,99870,100,100083,100,99813,100,100084,100,,
2019-06-28 09:30:00.000000055,100009,100,99972,200,100027,100,99953,100,100029,100,99945,100,100036,100,99930,300,100047,100,99929,100,100064,100,99917,100,100070,200,99898,100,100072,100,99881,100,100083,100,99870,100,100084,100,99813,100
2019-06-28 09:30:00.000000056,100009,100,99972,300,100027,100,99953,100,100029,100,99945,100,100036,100,99930,300,100047,100,99929,100,100064,100,99917,100,100070,200,99898,100,100072,100,99881,100,100083,100,99870,100,100084,100,99813,100
2019-06-28 09:30:00.000000058,100009,100,99972,400,100027,100,99953,100,100029,100,99945,100,100036,100,99930,300,100047,100,99929,100,100064,100,99917,100,100070,200,99898,100,100072,100,99881,100,100083,100,99870,100,100084,100,99813,100
2019-06-28 09:30:00.000000061,100009,100,99972,400,100027,100,99953,100,100029,100,99945,100,100036,100,99930,300,100047,100,99929,100,100053,100,99917,100,100064,100,99898,100,100070,200,99881,100,100072,100,99870,100,100083,100,99813,100
2019-06-28 09:30:00.000000062,100009,100,99972,400,100027,100,99953,100,100029,100,99945,100,100036,100,99930,300,100047,100,99929,100,100053,100,99917,100,100064,100,99898,100,100070,200,99881,100,100072,100,99870,100,100083,100,99813,100
2019-06-28 09:30:00.000000063,99995,100,99972,400,100009,100,99953,100,100027,100,99945,100,100029,100,99930,300,100036,100,99929,100,100047,100,99917,100,100053,100,99898,100,100064,100,99881,100,100070,200,99870,100,100072,100,99813,100
2019-06-28 09:30:00.000000066,99995,100,99972,400,100009,100,99953,100,100012,100,99945,100,100027,100,99930,300,100029,100,99929,100,100036,100,99917,100,100047,100,99898,100,100053,100,99881,100,100064,100,99870,100,100070,200,99813,100
2019-06-28 09:30:00.000000068,99995,100,99972,300,100009,100,99953,100,100012,100,99945,100,100027,100,99930,300,100029,100,99929,100,100036,100,99917,100,100047,100,99898,100,100053,100,99881,100,100064,100,99870,100,100070,200,99813,100
2019-06-28 09:30:00.000000069,100009,100,99972,300,100012,100,99953,100,100027,100,99945,100,100029,100,99930,300,100036,100,99929,100,100047,100,99917,100,100053,100,99898,100,100064,100,99881,100,100070,200,99870,100,100072,100,99860,100
2019-06-28 09:30:00.000000072,100009,100,99972,300,100012,100,99953,100,100027,100,99945,100,100029,100,99930,300,100036,100,99929,100,100047,100,99917,100,100053,100,99898,200,100064,100,99881,100,100070,200,99870,100,100072,100,99860,100
2019-06-28 09:30:00.000000074,100009,100,99972,300,100012,100,99953,100,100027,100,99945,100,100029,100,99930,300,100036,100,99929,100,100047,100,99917,100,100053,100,99898,200,100064,100,99881,100,100070,200,99870,100,100072,100,99860,100
2019-06-28 09:30:00.000000077,100009,100,99973,100,100012,100,99972,300,100027,100,99953,100,100029,100,99945,100,100036,100,99930,300,100047,100,99929,100,100053,100,99917,100,100064,100,99898,200,100070,200,99881,100,100072,100,99870,100
2019-06-28 09:30:00.000000080,100009,100,99973,100,100012,100,99972,300,100027,100,99953,100,100029,100,99945,100,100036,100,99930,300,100047,100,99929,100,100053,100,99917,100,100064,100,99898,200,100070,200,99881,100,100072,100,99870,100
2019-06-28 09:30:00.000000082,100009,100,99973,100,100012,100,99972,300,100027,100,99953,100,100029,100,99952,100,100036,100,99945,100,100047,100,99930,300,100053,100,99929,100,100064,100,99917,100,100070,200,99898,200,100072,100,99881,100
2019-06-28 09:30:00.000000084,100009,100,99973,100,100012,100,99972,300,100027,100,99953,100,100029,100,99952,100,100036,100,99945,100,100047,100,99930,300,100053,100,99929,100,100064,100,99917,100,100070,200,99898,200,100072,100,99881,100
2019-06-28 09:30:00.000000085,100009,100,99973,100,100012,100,99972,300,100027,100,99953,100,100029,100,99952,100,100036,100,99945,100,100047,100,99930,300,100053,100,99929,100,100064,100,99917,100,100070,200,99898,200,100072,100,99881,100
2019-06-28 09:30:00.000000087,100009,100,99973,100,100012,100,99972,300,100027,100,99953,100,100029,100,99952,100,100036,100,99945,100,100047,100,99930,300,100053,100,99929,100,100064,100,99917,100,100070,200,99898,200,100072,100,99881,100
2019-06-28 09:30:00.000000088,100009,100,99973,100,100012,100,99972,300,100027,100,99960,100,100029,100,99953,100,100036,100,99952,100,100047,100,99945,100,100053,100,99930,300,100064,100,99929,100,100070,200,99917,100,100072,100,99898,200
2019-06-28 09:30:00.000000091,100009,100,99973,100,100012,100,99972,300,100027,100,99960,100,100029,100,99953,100,100036,100,99952,100,100047,100,99945,100,100053,100,99930,300,100064,100,99929,100,100070,200,99917,100,100072,100,99898,200
2019-06-28 09:30:00.000000095,99976,100,99973,100,100009,100,99972,300,100012,100,99960,100,100027,100,99953,100,100029,100,99952,100,100036,100,99945,100,100047,100,99930,300,100053,100,99929,100,100064,100,99917,100,100070,200,99898,200
2019-06-28 09:30:00.000000099,99976,100,99973,200,100009,100,99972,300,100012,100,99960,100,100027,100,99953,100,100029,100,99952,100,100036,100,99945,100,100047,100,99930,300,100053,100,99929,100,100064,100,99917,100,100070,200,99898,200
2019-06-28 09:30:10.000000000,99976,366,99973,466,100009,100,99972,300,100012,100,99960,100,100027,100,99953,100,100029,100,99952,100,100036,100,99945,100,100047,100,99930,300,100053,100,99929,100,100064,100,99917,100,100070,200,99898,200
2019-06-28 09:30:20.000000000,99976,153,99973,253,100009,153,99972,353,100012,153,99960,153,100027,153,99953,153,100029,153,99952,153,100036,100,99945,100,100047,100,99930,300,100053,100,99929,100,100064,100,99917,100,100070,200,99898,200
2019-06-28 09:30:30.000000000,99976,153,99973,253,100009,153,99972,353,100012,153,99960,153,100027,153,99953,153,100029,153,99952,153,100036,100,99945,100,100047,100,99930,300,100053,100,99929,100,100064,100,99917,100,100070,200,99898,200
2019-06-28 09:30:34.357456319,99976,153,99973,153,100009,153,99972,353,100012,153,99960,153,100027,153,99953,153,100029,153,99952,53,100036,100,99945,100,100047,100,99930,300,100053,100,99929,100,100064,100,99917,100,100070,200,99898,200
2019-06-28 09:30:36.024687564,99976,153,99973,153,100009,153,99972,353,100012,153,99960,153,100019,100,99953,153,100027,153,99952,53,100029,153,99945,100,100036,100,99930,300,100047,100,99929,100,100053,100,99917,100,100064,100,99898,200
2019-06-28 09:30:40.000000000,99976,190,99973,190,100009,188,99972,388,100012,188,99960,188,100019,100,99953,100,100027,100,99945,100,100029,100,99930,300,100036,100,99929,100,100047,100,99917,100,100053,100,99898,200,100064,100,99881,100
2019-06-28 09:30:44.641252332,99976,190,99973,190,100009,188,99972,388,100012,188,99960,188,100019,100,99953,100,100027,100,99945,100,100029,100,99930,200,100036,100,99929,100,100047,100,99917,100,100053,100,99898,200,100064,100,99881,100
2019-06-28 09:30:50.000000000,99976,166,99973,166,100009,166,99972,366,100012,166,99960,166,100019,166,99953,166,100027,100,99945,100,100029,100,99930,200,100036,100,99929,100,100047,100,99917,100,100053,100,99898,200,100064,100,99881,100
2019-06-28 09:31:00.000000000,99976,153,99973,153,100009,153,99972,353,100012,153,99960,153,100019,153,99953,153,100027,153,99945,153,100029,100,99930,200,100036,100,99929,100,100047,100,99917,100,100053,100,99898,200,100064,100,99881,100
2019-06-28 09:31:10.000000000,99976,190,99973,190,100009,188,99972,388,100012,188,99960,188,100019,100,99953,100,100027,100,99945,100,100029,100,99930,200,100036,100,99929,100,100047,100,99917,100,100053,100,99898,200,100064,100,99881,100
2019-06-28 09:31:20.000000000,99976,153,99973,153,100009,153,99972,353,100012,153,99960,153,100019,153,99953,153,100027,153,99945,153,100029,100,99930,200,100036,100,99929,100,100047,100,99917,100,100053,100,99898,200,100064,100,99881,100
2019-06-28 09:31:30.000000000,99976,166,99973,166,100009,166,99972,366,100012,166,99960,166,100019,166,99953,166,100027,100,99945,100,100029,100,99930,200,100036,100,99929,100,100047,100,99917,100,100053,100,99898,200,100064,100,99881,100
2019-06-28 09:31:40.000000000,99976,166,99973,166,100009,166,99972,366,100012,166,99960,166,100019,166,99953,166,100027,100,99945,100,100029,100,99930,200,100036,100,99929,100,100047,100,99917,100,100053,100,99898,200,100064,100,99881,100
2019-06-28 09:31:42.455748376,99976,166,99973,66,100009,166,99972,366,100012,166,99960,166,100019,166,99953,166,100027,100,99945,100,100029,100,99930,200,100036,100,99929,100,100047,100,99917,100,100053,100,99898,200,100064,100,99881,100
2019-06-28 09:31:50.000000000,99976,366,99972,566,100009,100,99960,100,100012,100,99953,100,100019,100,99945,100,100027,100,99930,200,100029,100,99929,100,100036,100,99917,100,100047,100,99898,200,100053,100,99881,100,100064,100,99870,100
2019-06-28 09:32:00.000000000,99976,190,99972,390,100009,188,99960,188,100012,188,99953,188,100019,100,99945,100,100027,100,99930,200,100029,100,99929,100,100036,100,99917,100,100047,100,99898,200,100053,100,99881,100,100064,100,99870,100
2019-06-28 09:32:10.000000000,99976,166,99972,366,100009,166,99960,166,100012,166,99953,166,100019,166,99945,166,100027,100,99930,200,100029,100,99929,100,100036,100,99917,100,100047,100,99898,200,100053,100,99881,100,100064,100,99870,100
2019-06-28 09:32:20.000000000,99976,153,99972,353,100009,153,99960,153,100012,153,99953,153,100019,153,99945,153,100027,153,99930,253,100029,100,99929,100,100036,100,99917,100,100047,100,99898,200,100053,100,99881,100,100064,100,99870,100
2019-06-28 09:32:30.000000000,99976,366,99972,566,100009,100,99960,100,100012,100,99953,100,100019,100,99945,100,100027,100,99930,200,100029,100,99929,100,100036,100,99917,100,100047,100,99898,200,100053,100,99881,100,100064,100,99870,100
2019-06-28 09:32:32.182108738,99976,266,99972,466,100009,100,99960,100,100012,100,99953,100,100019,100,99945,100,100027,100,99930,200,100029,100,99929,100,100036,100,99917,100,100047,100,99898,200,100053,100,99881,100,100064,100,99870,100
2019-06-28 09:32:40.000000000,100009,233,99972,333,100012,233,99960,233,100019,100,99953,100,100027,100,99945,100,100029,100,99930,200,100036,100,99929,100,100047,100,99917,100,100053,100,99898,200,100064,100,99881,100,100070,200,99870,100
2019-06-28 09:32:50.000000000,100009,166,99972,266,100012,166,99960,166,100019,166,99953,166,100027,166,99945,166,100029,100,99930,200,100036,100,99929,100,100047,100,99917,100,100053,100,99898,200,100064,100,99881,100,100070,200,99870,100
2019-06-28 09:33:00.000000000,100009,166,99972,266,100012,166,99960,166,100019,166,99953,166,100027,166,99945,166,100029,100,99930,200,100036,100,99929,100,100047,100,99917,100,100053,100,99898,200,100064,100,99881,100,100070,200,99870,100
2019-06-28 09:33:10.000000000,100009,233,99972,333,100012,233,99960,233,100019,100,99953,100,100027,100,99945,100,100029,100,99930,200,100036,100,99929,100,100047,100,99917,100,100053,100,99898,200,100064,100,99881,100,100070,200,99870,100
2019-06-28 09:33:20.000000000,100009,153,99972,253,100012,153,99960,153,100019,153,99953,153,100027,153,99945,153,100029,153,99930,253,100036,100,99929,100,100047,100,99917,100,100053,100,99898,200,100064,100,99881,100,100070,200,99870,100
2019-06-28 09:33:30.000000000,100009,153,99972,253,100012,153,99960,153,100019,153,99953,153,100027,153,99945,153,100029,153,99930,253,100036,100,99929,100,100047,100,99917,100,100053,100,99898,200,100064,100,99881,100,100070,200,99870,100
2019-06-28 09:33:40.000000000,100009,153,99972,253,100012,153,99960,153,100019,153,99953,153,100027,153,99945,153,100029,153,99930,253,100036,100,99929,100,100047,100,99917,100,100053,100,99898,200,100064,100,99881,100,100070,200,99870,100
2019-06-28 09:33:46.625942377,100009,153,99972,153,100012,153,99960,153,100019,153,99953,153,100027,153,99945,153,100029,153,99930,253,100036,100,99929,100,100047,100,99917,100,100053,100,99898,200,100070,200,99881,100,100072,100,99870,100
2019-06-28 09:33:47.856339954,100009,153,99972,53,100012,153,99960,153,100019,153,99953,153,100027,153,99945,153,100029,153,99930,253,100036,100,99929,100,100047,100,99917,100,100053,100,99898,200,100070,200,99881,100,100072,100,99870,100
2019-06-28 09:33:50.000000000,100009,153,99960,153,100012,153,99953,153,100019,153,99945,153,100027,153,99930,253,100029,153,99929,153,100036,100,99917,100,100047,100,99898,200,100053,100,99881,100,100070,200,99870,100,100072,100,99860,100
2019-06-28 09:34:00.000000000,100009,166,99960,166,100012,166,99953,166,100019,166,99945,166,100027,166,99930,266,100029,100,99929,100,100036,100,99917,100,100047,100,99898,200,100053,100,99881,100,100070,200,99870,100,100072,100,99860,100
2019-06-28 09:34:07.199856608,100009,166,99960,66,100012,166,99953,166,100019,166,99945,166,100027,166,99930,266,100029,100,99929,100,100036,100,99917,100,100047,100,99898,100,100053,100,99881,100,100070,200,99870,100,100072,100,99860,100
2019-06-28 09:34:10.000000000,100009,166,99953,166,100012,166,99945,166,100019,166,99930,266,100027,166,99929,166,100029,100,99917,100,100036,100,99898,100,100047,100,99881,100,100053,100,99870,100,100070,200,99860,100,100072,100,99841,100
2019-06-28 09:34:11.374706765,100009,166,99953,166,100012,166,99945,166,100019,166,99930,266,100027,166,99929,166,100029,100,99917,100,100036,100,99898,100,100047,100,99881,100,100053,100,99870,100,100070,200,99860,100,100072,100,99841,100
2019-06-28 09:34:20.000000000,100009,190,99953,190,100012,188,99945,188,100019,188,99930,288,100027,100,99929,100,100029,100,99917,100,100036,100,99898,100,100047,100,99881,100,100053,100,99870,100,100070,200,99860,100,100072,100,99841,100
2019-06-28 09:34:30.000000000,100009,190,99953,190,100012,188,99945,188,100019,188,99930,288,100027,100,99929,100,100029,100,99917,100,100036,100,99898,100,100047,100,99881,100,100053,100,99870,100,100070,200,99860,100,100072,100,99841,100
2019-06-28 09:34:32.715143730,99972,100,99953,190,100009,190,99945,188,100012,188,99930,288,100019,188,99929,100,100027,100,99917,100,100029,100,99898,100,100036,100,99881,100,100047,100,99870,100,100053,100,99860,100,100070,200,99841,100
2019-06-28 09:34:34.089851659,99972,100,99953,190,100009,190,99945,188,100012,188,99930,288,100019,188,99929,100,100027,100,99917,100,100029,100,99898,100,100036,100,99870,100,100047,100,99860,100,100053,100,99841,100,100070,200,99813,100
2019-06-28 09:34:35.465497369,99972,100,99953,190,100009,90,99945,188,100012,188,99930,288,100019,188,99929,100,100027,100,99917,100,100029,100,99898,100,100036,100,99870,100,100047,100,99860,100,100053,100,99841,100,100070,200,99813,100
2019-06-28 09:34:40.000000000,99972,166,99953,166,100012,166,99945,166,100019,166,99930,266,100027,166,99929,166,100029,100,99917,100,100036,100,99898,100,100047,100,99870,100,100053,100,99860,100,100070,200,99841,100,100072,100,99813,100
2019-06-28 09:34:50.000000000,99972,233,99953,233,100012,233,99945,233,100019,100,99930,200,100027,100,99929,100,100029,100,99917,100,100036,100,99898,100,100047,100,99870,100,100053,100,99860,100,100070,200,99841,100,100072,100,99813,100
2019-06-28 09:34:52.861002194,99972,233,99953,133,100012,233,99945,233,100019,100,99930,200,100027,100,99929,100,100029,100,99917,100,100036,100,99898,100,100047,100,99870,100,100053,100,99860,100,100070,200,99841,100,100072,100,99813,100
2019-06-28 09:35:00.000000000,99972,366,99945,366,100012,100,99930,200,100019,100,99929,100,100027,100,99917,100,100029,100,99898,100,100036,100,99870,100,100047,100,99860,100,100053,100,99841,100,100070,200,99813,100,100072,100,99812,100
2019-06-28 09:35:10.000000000,99972,190,99945,190,100012,188,99930,288,100019,188,99929,188,100027,100,99917,100,100029,100,99898,100,100036,100,99870,100,100047,100,99860,100,100053,100,99841,100,100070,200,99813,100,100072,100,99812,100
2019-06-28 09:35:20.000000000,99972,153,99945,153,100012,153,99930,253,100019,153,99929,153,100027,153,99917,153,100029,153,99898,153,100036,100,99870,100,100047,100,99860,100,100053,100,99841,100,100070,200,99813,100,100072,100,99812,100
2019-06-28 09:35:30.000000000,99972,233,99945,233,100012,233,99930,333,100019,100,99929,100,100027,100,99917,100,100029,100,99898,100,100036,100,99870,100,100047,100,99860,100,100053,100,99841,100,100070,200,99813,100,100072,100,99812,100
2019-06-28 09:35:33.512124763,99960,100,99945,233,99972,233,99930,333,100012,233,99929,100,100019,100,99917,100,100027,100,99898,100,100029,100,99870,100,100036,100,99860,100,100047,100,99841,100,100053,100,99813,100,100070,200,99812,100
2019-06-28 09:35:35.133463195,99960,100,99945,233,99972,233,99930,333,100012,233,99929,100,100019,100,99917,100,100027,100,99898,100,100029,100,99870,100,100036,100,99860,100,100047,100,99841,100,100053,100,99813,100,100070,200,99812,100
2019-06-28 09:35:40.000000000,99960,366,99945,366,99972,100,99930,200,100012,100,99929,100,100019,100,99917,100,100027,100,99898,100,100029,100,99870,100,100036,100,99860,100,100047,100,99841,100,100053,100,99813,100,100070,200,99812,100
2019-06-28 09:35:50.000000000,99960,366,99945,366,99972,100,99930,200,100012,100,99929,100,100019,100,99917,100,100027,100,99898,100,100029,100,99870,100,100036,100,99860,100,100047,100,99841,100,100053,100,99813,100,100070,200,99812,100
2019-06-28 09:36:00.000000000,99960,233,99945,233,99972,233,99930,333,100012,100,99929,100,100019,100,99917,100,100027,100,99898,100,100029,100,99870,100,100036,100,99860,100,100047,100,99841,100,100053,100,99813,100,100070,200,99812,100
2019-06-28 09:36:10.000000000,99960,166,99945,166,99972,166,99930,266,100012,166,99929,166,100019,166,99917,166,100027,100,99898,100,100029,100,99870,100,100036,100,99860,100,100047,100,99841,100,100053,100,99813,100,100070,200,99812,100
2019-06-28 09:36:20.000000000,99960,233,99945,233,99972,233,99930,333,100012,100,99929,100,100019,100,99917,100,100027,100,99898,100,100029,100,99870,100,100036,100,99860,100,100047,100,99841,100,100053,100,99813,100,100070,200,99812,100
2019-06-28 09:36:23.730266222,99960,333,99945,233,99972,233,99930,333,100012,100,99929,100,100019,100,99917,100,100027,100,99898,100,100029,100,99870,100,100036,100,99860,100,100047,100,99841,100,100053,100,99813,100,100070,200,99812,100
2019-06-28 09:36:30.000000000,99960,290,99945,190,99972,188,99930,288,100012,188,99929,188,100019,100,99917,100,100027,100,99898,100,100029,100,99870,100,100036,100,99860,100,100047,100,99841,100,100053,100,99813,100,100070,200,99812,100
2019-06-28 09:36:40.000000000,99960,290,99945,190,99972,188,99930,288,100012,188,99929,188,100019,100,99917,100,100027,100,99898,100,100029,100,99870,100,100036,100,99860,100,100047,100,99841,100,100053,100,99813,100,100070,200,99812,100
2019-06-28 09:36:45.391827218,99960,290,99945,90,99972,188,99930,288,100012,188,99929,188,100019,100,99917,100,100027,100,99898,100,100029,100,99870,100,100036,100,99860,100,100047,100,99841,100,100053,100,99813,100,100070,100,99812,100
2019-06-28 09:36:50.000000000,99960,290,99930,290,99972,188,99929,188,100012,188,99917,188,100019,100,99898,100,100027,100,99870,100,100029,100,99860,100,100036,100,99841,100,100047,100,99813,100,100053,100,99812,100,100070,100,99390,100
2019-06-28 09:36:56.907792239,99960,290,99930,190,99972,188,99929,188,100012,188,99917,188,100019,100,99870,100,100027,100,99860,100,100029,100,99841,100,100036,100,99813,100,100047,100,99812,100,100053,100,99390,100,100070,100,99108,100
2019-06-28 09:36:58.668649967,99960,290,99930,190,99972,188,99929,188,100012,188,99917,188,100019,100,99870,100,100027,100,99860,100,100029,100,99841,100,100036,100,99813,100,100047,100,99812,100,100053,100,99459,100,100070,100,99390,100
2019-06-28 09:37:00.000000000,99960,253,99930,153,99972,153,99929,153,100012,153,99917,153,100019,153,99870,153,100027,153,99860,153,100029,100,99841,100,100036,100,99813,100,100047,100,99812,100,100053,100,99459,100,100070,100,99390,100
2019-06-28 09:37:10.000000000,99960,466,99930,366,99972,100,99929,100,100012,100,99917,100,100019,100,99870,100,100027,100,99860,100,100029,100,99841,100,100036,100,99813,100,100047,100,99812,100,100053,100,99459,100,100070,100,99390,100
2019-06-28 09:37:10.429648409,99960,466,99930,366,99972,100,99929,100,100012,100,99917,100,100019,100,99870,100,100027,100,99860,100,100029,100,99841,100,100036,100,99813,100,100047,100,99812,100,100053,100,99662,100,100070,100,99459,100
2019-06-28 09:37:20.000000000,99960,333,99930,233,99972,233,99929,233,100012,100,99917,100,100019,100,99870,100,100027,100,99860,100,100029,100,99841,100,100036,100,99813,100,100047,100,99812,100,100053,100,99662,100,100070,100,99459,100
2019-06-28 09:37:30.000000000,99960,266,99930,166,99972,166,99929,166,100012,166,99917,166,100019,166,99870,166,100027,100,99860,100,100029,100,99841,100,100036,100,99813,100,100047,100,99812,100,100053,100,99662,100,100070,100,99459,100
2019-06-28 09:37:40.000000000,99960,290,99930,190,99972,188,99929,188,100012,188,99917,188,100019,100,99870,100,100027,100,99860,100,100029,100,99841,100,100036,100,99813,100,100047,100,99812,100,100053,100,99662,100,100070,100,99459,100
2019-06-28 09:37:42.942008912,99960,190,99930,190,99972,188,99929,188,100012,188,99917,188,100019,100,99870,100,100027,100,99860,100,100029,100,99841,100,100036,100,99813,100,100047,100,99812,100,100053,100,99662,100,100070,100,99459,100
2019-06-28 09:37:44.853270313,99960,190,99943,100,99972,188,99930,190,100012,88,99929,188,100019,100,99917,188,100027,100,99870,100,100029,100,99860,100,100036,100,99841,100,100047,100,99813,100,100053,100,99812,100,100070,100,99662,100
2019-06-28 09:37:48.736152865,99960,90,99943,100,99972,188,99930,190,100012,88,99929,188,100019,100,99917,188,100029,100,99870,100,100036,100,99860,100,100047,100,99841,100,100053,100,99813,100,100070,100,99812,100,100072,100,99662,100
2019-06-28 09:37:50.000000000,99972,166,99943,166,100019,166,99930,166,100029,166,99929,166,100036,166,99917,166,100047,100,99870,100,100053,100,99860,100,100070,100,99841,100,100072,100,99813,100,100080,100,99812,100,100083,100,99662,100
2019-06-28 09:37:57.176536297,99972,166,99960,100,100019,166,99943,166,100029,166,99930,166,100036,166,99929,166,100047,100,99917,166,100053,100,99870,100,100070,100,99860,100,100072,100,99841,100,100080,100,99813,100,100083,100,99812,100
2019-06-28 09:37:58.920579283,99972,166,99960,100,100019,166,99943,166,100029,166,99930,166,100036,166,99929,166,100044,100,99917,166,100047,100,99870,100,100053,100,99860,100,100070,100,99841,100,100072,100,99813,100,100080,100,99812,100
2019-06-28 09:38:00.000000000,99972,233,99960,233,100019,233,99943,233,100029,100,99930,100,100036,100,99929,100,100044,100,99917,100,100047,100,99870,100,100053,100,99860,100,100070,100,99841,100,100072,100,99813,100,100080,100,99812,100
2019-06-28 09:38:10.000000000,99972,153,99960,153,100019,153,99943,153,100029,153,99930,153,100036,153,99929,153,100044,153,99917,153,100047,100,99870,100,100053,100,99860,100,100070,100,99841,100,100072,100,99813,100,100080,100,99812,100
2019-06-28 09:38:20.000000000,99972,233,99960,233,100019,233,99943,233,100029,100,99930,100,100036,100,99929,100,100044,100,99917,100,100047,100,99870,100,100053,100,99860,100,100070,100,99841,100,100072,100,99813,100,100080,100,99812,100
2019-06-28 09:38:30.000000000,99972,233,99960,233,100019,233,99943,233,100029,100,99930,100,100036,100,99929,100,100044,100,99917,100,100047,100,99870,100,100053,100,99860,100,100070,100,99841,100,100072,100,99813,100,100080,100,99812,100
2019-06-28 09:38:40.000000000,99972,153,99960,153,100019,153,99943,153,100029,153,99930,153,100036,153,99929,153,100044,153,99917,153,100047,100,99870,100,100053,100,99860,100,100070,100,99841,100,100072,100,99813,100,100080,100,99812,100
2019-06-28 09:38:46.373569143,99972,153,99960,153,100019,153,99943,153,100029,153,99930,153,100036,153,99929,153,100044,153,99917,153,100047,100,99870,100,100053,100,99860,100,100070,100,99841,100,100072,100,99813,100,100080,100,99812,100
2019-06-28 09:38:50.000000000,99972,366,99960,366,100019,100,99943,100,100029,100,99930,100,100036,100,99929,100,100044,100,99917,100,100047,100,99870,100,100053,100,99860,100,100070,100,99841,100,100072,100,99813,100,100080,100,99812,100
2019-06-28 09:38:51.327271655,99972,366,99960,466,100019,100,99943,100,100029,100,99930,100,100036,100,99929,100,100044,100,99917,100,100047,100,99870,100,100053,100,99860,100,100070,100,99841,100,100072,100,99813,100,100080,100,99812,100
2019-06-28 09:39:00.000000000,99972,166,99960,266,100019,166,99943,166,100029,166,99930,166,100036,166,99929,166,100044,100,99917,100,100047,100,99870,100,100053,100,99860,100,100070,100,99841,100,100072,100,99813,100,100080,100,99812,100
2019-06-28 09:39:07.451639566,99972,66,99960,266,100019,166,99943,166,100029,166,99930,166,100036,166,99929,166,100044,100,99917,100,100047,100,99870,100,100053,100,99860,100,100070,100,99841,100,100072,100,99813,100,100080,100,99812,100
2019-06-28 09:39:10.000000000,100019,166,99960,266,100029,166,99943,166,100036,166,99930,166,100044,166,99929,166,100047,100,99917,100,100053,100,99870,100,100070,100,99860,100,100072,100,99841,100,100080,100,99813,100,100083,100,99812,100
2019-06-28 09:39:20.000000000,100019,233,99960,333,100029,233,99943,233,100036,100,99930,100,100044,100,99929,100,100047,100,99917,100,100053,100,99870,100,100070,100,99860,100,100072,100,99841,100,100080,100,99813,100,100083,100,99812,100
2019-06-28 09:39:22.924804576,100019,133,99960,333,100029,233,99943,233,100036,100,99930,100,100044,100,99929,100,100047,100,99917,100,100070,100,99870,100,100072,100,99860,100,100080,100,99841,100,100083,100,99813,100,100084,100,99812,100
2019-06-28 09:39:23.780872844,99986,100,99960,333,100019,133,99943,233,100029,233,99930,100,100036,100,99929,100,100044,100,99917,100,100047,100,99870,100,100070,100,99860,100,100072,100,99841,100,100080,100,99813,100,100083,100,99812,100
2019-06-28 09:39:30.000000000,99986,153,99960,253,100029,153,99943,153,100036,153,99930,153,100044,153,99929,153,100047,153,99917,153,100070,100,99870,100,100072,100,99860,100,100080,100,99841,100,100083,100,99813,100,100084,100,99812,100
2019-06-28 09:39:40.000000000,99986,190,99960,290,100029,188,99943,188,100036,188,99930,188,100044,100,99929,100,100047,100,99917,100,100070,100,99870,100,100072,100,99860,100,100080,100,99841,100,100083,100,99813,100,100084,100,99812,100
2019-06-28 09:39:43.181783520,99986,190,99960,290,100029,188,99943,188,100036,188,99930,188,100044,100,99929,100,100047,100,99917,100,100070,100,99870,100,100072,100,99860,100,100080,100,99841,100,100083,100,99834,100,100084,100,99813,100
2019-06-28 09:39:47.608208644,99986,90,99960,290,100029,188,99943,188,100036,188,99930,188,100044,100,99929,100,100047,100,99917,100,100070,100,99870,100,100072,100,99860,100,100080,100,99841,100,100083,100,99834,100,100084,100,99813,100
2019-06-28 09:39:50.000000000,100029,366,99960,466,100036,100,99943,100,100044,100,99930,100,100047,100,99929,100,100070,100,99917,100,100072,100,99870,100,100080,100,99860,100,100083,100,99841,100,100084,100,99834,100,100085,100,99813,100
2019-06-28 09:40:00.000000000,100029,166,99960,266,100036,166,99943,166,100044,166,99930,166,100047,166,99929,166,100070,100,99917,100,100072,100,99870,100,100080,100,99860,100,100083,100,99841,100,100084,100,99834,100,100085,100,99813,100
2019-06-28 09:40:10.000000000,100029,233,99960,333,100036,233,99943,233,100044,100,99930,100,100047,100,99929,100,100070,100,99917,100,100072,100,99870,100,100080,100,99860,100,100083,100,99841,100,100084,100,99834,100,100085,100,99813,100
2019-06-28 09:40:20.000000000,100029,153,99960,253,100036,153,99943,153,100044,153,99930,153,100047,153,99929,153,100070,153,99917,153,100072,100,99870,100,100080,100,99860,100,100083,100,99841,100,100084,100,99834,100,100085,100,99813,100
2019-06-28 09:40:30.000000000,100029,166,99960,266,100036,166,99943,166,100044,166,99930,166,100047,166,99929,166,100070,100,99917,100,100072,100,99870,100,100080,100,99860,100,100083,100,99841,100,100084,100,99834,100,100085,100,99813,100
2019-06-28 09:40:31.380928583,100029,66,99960,266,100036,166,99943,166,100044,166,99930,166,100047,166,99929,166,100070,100,99917,100,100072,100,99870,100,100080,100,99860,100,100083,100,99841,100,100084,100,99834,100,100085,100,99813,100
2019-06-28 09:40:40.000000000,100036,190,99960,290,100044,188,99943,188,100047,188,99930,188,100070,100,99929,100,100072,100,99917,100,100080,100,99870,100,100083,100,99860,100,100084,100,99841,100,100085,100,99834,100,100087,100,99813,100
2019-06-28 09:40:50.000000000,100036,233,99960,333,100044,233,99943,233,100047,100,99930,100,100070,100,99929,100,100072,100,99917,100,100080,100,99870,100,100083,100,99860,100,100084,100,99841,100,100085,100,99834,100,100087,100,99813,100
2019-06-28 09:40:55.956538265,100036,133,99960,333,100044,233,99943,233,100047,100,99930,100,100072,100,99929,100,100080,100,99917,100,100083,100,99870,100,100084,100,99860,100,100085,100,99841,100,100087,100,99834,100,100089,100,99813,100
2019-06-28 09:41:00.000000000,100044,190,99960,290,100047,188,99943,188,100072,188,99930,188,100080,100,99929,100,100083,100,99917,100,100084,100,99870,100,100085,100,99860,100,100087,100,99841,100,100089,100,99834,100,100098,100,99813,100
2019-06-28 09:41:05.372480749,100044,190,99960,290,100047,188,99943,188,100072,188,99930,188,100080,100,99929,100,100083,100,99917,100,100084,100,99870,100,100085,100,99860,100,100087,100,99841,100,100089,100,99834,100,100098,100,99813,100
2019-06-28 09:41:10.000000000,100044,190,99960,290,100047,188,99943,188,100072,188,99930,188,100080,100,99929,100,100083,100,99917,100,100084,100,99870,100,100085,100,99860,100,100087,100,99841,100,100089,100,99834,100,100098,100,99813,100
2019-06-28 09:41:20.000000000,100044,166,99960,266,100047,166,99943,166,100072,166,99930,166,100080,166,99929,166,100083,100,99917,100,100084,100,99870,100,100085,100,99860,100,100087,100,99841,100,100089,100,99834,100,100098,100,99813,100
2019-06-28 09:41:24.981678907,100044,166,100029,100,100047,66,99960,266,100072,166,99943,166,100080,166,99930,166,100083,100,99929,166,100084,100,99917,100,100085,100,99870,100,100087,100,99860,100,100089,100,99841,100,100098,100,99834,100
2019-06-28 09:41:30.000000000,100044,190,100029,190,100072,188,99960,288,100080,188,99943,188,100083,100,99930,100,100084,100,99929,100,100085,100,99917,100,100087,100,99870,100,100089,100,99860,100,100098,100,99841,100,100131,100,99834,100
2019-06-28 09:41:40.000000000,100044,153,100029,153,100072,153,99960,253,100080,153,99943,153,100083,153,99930,153,100084,153,99929,153,100085,100,99917,100,100087,100,99870,100,100089,100,99860,100,100098,100,99841,100,100131,100,99834,100
2019-06-28 09:41:50.000000000,100044,366,100029,366,100072,100,99960,200,100080,100,99943,100,100083,100,99930,100,100084,100,99929,100,100085,100,99917,100,100087,100,99870,100,100089,100,99860,100,100098,100,99841,100,100131,100,99834,100
2019-06-28 09:41:56.657971172,100044,266,100029,366,100072,100,99960,200,100080,100,99943,100,100083,100,99930,100,100084,100,99929,100,100085,100,99917,100,100087,100,99870,100,100089,100,99860,100,100098,100,99841,100,100131,100,99834,100
2019-06-28 09:41:57.788145874,100044,166,100029,366,100072,100,99960,200,100080,100,99943,100,100083,100,99930,100,100084,100,99929,100,100085,100,99917,100,100087,100,99870,100,100089,100,99860,100,100098,100,99841,100,100131,100,99834,100
2019-06-28 09:42:00.000000000,100072,190,100029,190,100080,188,99960,288,100083,188,99943,188,100084,100,99930,100,100085,100,99929,100,100087,100,99917,100,100089,100,99870,100,100098,100,99860,100,100131,100,99841,100,100138,100,99834,100
2019-06-28 09:42:03.502576791,100072,90,100029,190,100080,188,99960,288,100083,188,99943,188,100084,100,99930,100,100085,100,99929,100,100087,100,99917,100,100089,100,99860,100,100098,100,99841,100,100131,100,99834,100,100138,100,99813,100
2019-06-28 09:42:10.000000000,100080,190,100029,190,100083,188,99960,288,100084,188,99943,188,100085,100,99930,100,100087,100,99929,100,100089,100,99917,100,100098,100,99860,100,100131,100,99841,100,100138,100,99834,100,100141,100,99813,100
2019-06-28 09:42:12.525906374,100080,90,100029,190,100083,188,99960,288,100084,188,99943,188,100085,100,99930,100,100087,100,99929,100,100089,100,99917,100,100098,100,99860,100,100131,100,99841,100,100138,100,99834,100,100141,100,99813,100
2019-06-28 09:42:20.000000000,100083,366,100029,366,100084,100,99960,200,100085,100,99943,100,100087,100,99930,100,100089,100,99929,100,100098,100,99917,100,100131,100,99860,100,100138,100,99841,100,100141,100,99834,100,100147,100,99813,100
2019-06-28 09:42:30.000000000,100083,366,100029,366,100084,100,99960,200,100085,100,99943,100,100087,100,99930,100,100089,100,99929,100,100098,100,99917,100,100131,100,99860,100,100138,100,99841,100,100141,100,99834,100,100147,100,99813,100
2019-06-28 09:42:40.000000000,100083,366,100029,366,100084,100,99960,200,100085,100,99943,100,100087,100,99930,100,100089,100,99929,100,100098,100,99917,100,100131,100,99860,100,100138,100,99841,100,100141,100,99834,100,100147,100,99813,100
2019-06-28 09:42:44.955701942,100083,366,100029,366,100084,100,99960,200,100085,100,99943,100,100087,100,99930,100,100089,100,99929,100,100098,100,99917,100,100131,100,99860,100,100138,100,99841,100,100141,100,99834,100,100147,100,99813,100
2019-06-28 09:42:50.000000000,100083,166,100029,166,100084,166,99960,266,100085,166,99943,166,100087,166,99930,166,100089,100,99929,100,100098,100,99917,100,100131,100,99860,100,100138,100,99841,100,100141,100,99834,100,100147,100,99813,100
2019-06-28 09:43:00.000000000,100083,233,100029,233,100084,233,99960,333,100085,100,99943,100,100087,100,99930,100,100089,100,99929,100,100098,100,99917,100,100131,100,99860,100,100138,100,99841,100,100141,100,99834,100,100147,100,99813,100
2019-06-28 09:43:05.263250316,100083,133,100029,233,100084,233,99960,333,100085,100,99943,100,100087,100,99930,100,100089,100,99929,100,100098,100,99917,100,100131,100,99860,100,100138,100,99841,100,100141,100,99834,100,100147,100,99813,100
2019-06-28 09:43:05.661185390,100083,33,100029,233,100084,233,99960,333,100085,100,99943,100,100087,100,99930,100,100089,100,99929,100,100098,100,99917,100,100131,100,99860,100,100138,100,99841,100,100141,100,99834,100,100147,100,99813,100
2019-06-28 09:43:10.000000000,100084,153,100029,153,100085,153,99960,253,100087,153,99943,153,100089,153,99930,153,100098,153,99929,153,100131,100,99917,100,100138,100,99860,100,100141,100,99841,100,100147,100,99834,100,100162,200,99813,100
2019-06-28 09:43:10.258278982,100084,153,100080,100,100085,153,100029,153,100087,153,99960,253,100089,153,99943,153,100098,153,99930,153,100131,100,99929,153,100138,100,99917,100,100141,100,99860,100,100147,100,99841,100,100162,200,99834,100
2019-06-28 09:43:11.050522976,100084,53,100080,100,100085,153,100029,153,100087,153,99960,253,100089,153,99943,153,100098,53,99930,153,100131,100,99929,153,100138,100,99917,100,100141,100,99860,100,100147,100,99841,100,100162,200,99834,100
2019-06-28 09:43:20.000000000,100085,166,100080,166,100087,166,100029,166,100089,166,99960,266,100131,166,99943,166,100138,100,99930,100,100141,100,99929,100,100147,100,99917,100,100162,200,99860,100,100181,100,99841,100,100209,100,99834,100
2019-06-28 09:43:30.000000000,100085,153,100080,153,100087,153,100029,153,100089,153,99960,253,100131,153,99943,153,100138,153,99930,153,100141,100,99929,100,100147,100,99917,100,100162,200,99860,100,100181,100,99841,100,100209,100,99834,100
2019-06-28 09:43:30.920988856,100085,153,100083,100,100087,153,100080,153,100089,153,100029,153,100131,153,99960,253,100138,153,99943,153,100141,100,99930,153,100147,100,99929,100,100162,200,99917,100,100181,100,99860,100,100209,100,99841,100
2019-06-28 09:43:36.779895151,100085,53,100083,100,100087,153,100080,153,100089,153,100029,153,100131,153,99960,253,100138,153,99943,153,100141,100,99930,153,100147,100,99929,100,100162,200,99917,100,100181,100,99860,100,100209,100,99841,100
2019-06-28 09:43:37.050198180,100085,53,100084,100,100087,153,100083,100,100089,153,100080,153,100131,153,100029,153,100138,153,99960,253,100141,100,99943,153,100147,100,99930,153,100162,200,99929,100,100181,100,99917,100,100209,100,99860,100
2019-06-28 09:43:37.626913363,100087,153,100085,47,100089,153,100084,100,100131,153,100083,100,100138,153,100080,153,100141,100,100029,153,100147,100,99960,253,100162,200,99943,153,100181,100,99930,153,100209,100,99929,100,100516,100,99917,100
2019-06-28 09:43:40.000000000,100087,366,100085,313,100089,100,100084,100,100131,100,100083,100,100138,100,100080,100,100141,100,100029,100,100147,100,99960,200,100162,200,99943,100,100181,100,99930,100,100209,100,99929,100,100516,100,99917,100
2019-06-28 09:43:48.082313048,100087,366,100085,413,100089,100,100084,100,100131,100,100083,100,100138,100,100080,100,100141,100,100029,100,100147,100,99960,200,100162,200,99943,100,100181,100,99930,100,100209,100,99929,100,100516,100,99917,100
2019-06-28 09:43:50.000000000,100087,233,100085,280,100089,233,100084,233,100131,100,100083,100,100138,100,100080,100,100141,100,100029,100,100147,100,99960,200,100162,200,99943,100,100181,100,99930,100,100209,100,99929,100,100516,100,99917,100
2019-06-28 09:43:51.155188537,100087,233,100085,280,100089,233,100084,233,100131,100,100083,100,100138,100,100080,100,100147,100,100029,100,100162,200,99960,200,100181,100,99943,100,100209,100,99930,100,100424,100,99929,100,100516,100,99917,100
2019-06-28 09:44:00.000000000,100087,366,100085,413,100089,100,100084,100,100131,100,100083,100,100138,100,100080,100,100147,100,100029,100,100162,200,99960,200,100181,100,99943,100,100209,100,99930,100,100424,100,99929,100,100516,100,99917,100
2019-06-28 09:44:10.000000000,100087,366,100085,413,100089,100,100084,100,100131,100,100083,100,100138,100,100080,100,100147,100,100029,100,100162,200,99960,200,100181,100,99943,100,100209,100,99930,100,100424,100,99929,100,100516,100,99917,100
2019-06-28 09:44:16.966903075,100087,366,100085,413,100089,100,100084,100,100131,100,100083,100,100138,100,100080,100,100147,100,100029,100,100162,200,99960,200,100181,100,99943,100,100185,100,99930,100,100209,100,99929,100,100424,100,99917,100
2019-06-28 09:44:20.000000000,100087,153,100085,200,100089,153,100084,153,100131,153,100083,153,100138,153,100080,153,100147,153,100029,153,100162,200,99960,200,100181,100,99943,100,100185,100,99930,100,100209,100,99929,100,100424,100,99917,100
2019-06-28 09:44:23.306560304,100087,53,100085,200,100089,153,100084,153,100131,153,100083,153,100138,153,100080,153,100147,153,100029,153,100162,200,99960,200,100181,100,99943,100,100185,100,99930,100,100209,100,99929,100,100424,100,99917,100
2019-06-28 09:44:23.758695892,100087,53,100086,100,100089,153,100085,200,100131,153,100084,153,100138,153,100083,153,100147,153,100080,153,100162,200,100029,153,100181,100,99960,200,100185,100,99943,100,100209,100,99930,100,100424,100,99929,100
2019-06-28 09:44:30.000000000,100089,233,100086,233,100131,233,100085,280,100138,100,100084,100,100147,100,100083,100,100162,200,100080,100,100181,100,100029,100,100185,100,99960,200,100209,100,99943,100,100424,100,99930,100,100516,100,99929,100
2019-06-28 09:44:40.000000000,100089,166,100086,166,100131,166,100085,213,100138,166,100084,166,100147,166,100083,166,100162,200,100080,100,100181,100,100029,100,100185,100,99960,200,100209,100,99943,100,100424,100,99930,100,100516,100,99929,100
2019-06-28 09:44:48.676966836,100089,166,100086,166,100131,166,100085,213,100138,166,100084,166,100147,166,100083,166,100162,200,100080,100,100181,100,99960,200,100185,100,99943,100,100209,100,99930,100,100424,100,99929,100,100516,100,99917,100
2019-06-28 09:44:50.000000000,100089,153,100086,153,100131,153,100085,200,100138,153,100084,153,100147,153,100083,153,100162,253,100080,153,100181,100,99960,200,100185,100,99943,100,100209,100,99930,100,100424,100,99929,100,100516,100,99917,100
2019-06-28 09:44:55.079121220,100089,153,100086,253,100131,153,100085,200,100138,153,100084,153,100147,153,100083,153,100162,253,100080,153,100181,100,99960,200,100185,100,99943,100,100209,100,99930,100,100424,100,99929,100,100516,100,99917,100
2019-06-28 09:45:00.000000000,100089,190,100086,290,100131,188,100085,235,100138,188,100084,188,100147,100,100083,100,100162,200,100080,100,100181,100,99960,200,100185,100,99943,100,100209,100,99930,100,100424,100,99929,100,100516,100,99917,100
2019-06-28 09:45:03.281316703,100089,190,100086,290,100131,188,100085,235,100138,188,100084,188,100147,100,100083,100,100162,200,100080,100,100174,100,99960,200,100181,100,99943,100,100185,100,99929,100,100209,100,99917,100,100424,100,99860,100
2019-06-28 09:45:10.000000000,100089,166,100086,266,100131,166,100085,213,100138,166,100084,166,100147,166,100083,166,100162,200,100080,100,100174,100,99960,200,100181,100,99943,100,100185,100,99929,100,100209,100,99917,100,100424,100,99860,100
2019-06-28 09:45:20.000000000,100089,190,100086,290,100131,188,100085,235,100138,188,100084,188,100147,100,100083,100,100162,200,100080,100,100174,100,99960,200,100181,100,99943,100,100185,100,99929,100,100209,100,99917,100,100424,100,99860,100
2019-06-28 09:45:30.000000000,100089,190,100086,290,100131,188,100085,235,100138,188,100084,188,100147,100,100083,100,100162,200,100080,100,100174,100,99960,200,100181,100,99943,100,100185,100,99929,100,100209,100,99917,100,100424,100,99860,100
2019-06-28 09:45:40.000000000,100089,366,100086,466,100131,100,100085,147,100138,100,100084,100,100147,100,100083,100,100162,200,100080,100,100174,100,99960,200,100181,100,99943,100,100185,100,99929,100,100209,100,99917,100,100424,100,99860,100
2019-06-28 09:45:50.000000000,100089,190,100086,290,100131,188,100085,235,100138,188,100084,188,100147,100,100083,100,100162,200,100080,100,100174,100,99960,200,100181,100,99943,100,100185,100,99929,100,100209,100,99917,100,100424,100,99860,100
2019-06-28 09:45:56.169709068,100089,190,100086,290,100131,188,100085,235,100138,88,100084,188,100147,100,100083,100,100162,200,100080,100,100174,100,99960,200,100181,100,99943,100,100185,100,99929,100,100209,100,99917,100,100424,100,99860,100
2019-06-28 09:46:00.000000000,100089,190,100086,290,100131,188,100085,235,100147,188,100084,188,100162,200,100083,100,100174,100,100080,100,100181,100,99960,200,100185,100,99943,100,100209,100,99929,100,100424,100,99917,100,100516,100,99860,100
2019-06-28 09:46:10.000000000,100089,153,100086,253,100131,153,100085,200,100147,153,100084,153,100162,253,100083,153,100174,153,100080,153,100181,100,99960,200,100185,100,99943,100,100209,100,99929,100,100424,100,99917,100,100516,100,99860,100
2019-06-28 09:46:20.000000000,100089,166,100086,266,100131,166,100085,213,100147,166,100084,166,100162,266,100083,166,100174,100,100080,100,100181,100,99960,200,100185,100,99943,100,100209,100,99929,100,100424,100,99917,100,100516,100,99860,100
2019-06-28 09:46:23.370885857,100089,166,100086,166,100131,166,100085,213,100147,166,100084,166,100162,266,100083,166,100174,100,100080,100,100181,100,99960,200,100185,100,99943,100,100209,100,99929,100,100424,100,99917,100,100516,100,99860,100
2019-06-28 09:46:25.361637785,100089,166,100086,66,100131,166,100085,213,100147,166,100084,166,100162,266,100083,166,100174,100,100080,100,100181,100,99960,200,100185,100,99943,100,100424,100,99929,100,100516,100,99917,100,100673,100,99860,100
2019-06-28 09:46:26.526878242,100089,166,100086,66,100131,166,100085,213,100147,166,100084,166,100162,266,100083,166,100174,100,100080,100,100181,100,99960,200,100185,100,99943,100,100424,100,99929,100,100516,100,99917,100,100673,100,99860,100
2019-06-28 09:46:30.000000000,100089,233,100085,280,100131,233,100084,233,100147,100,100083,100,100162,200,100080,100,100174,100,99960,200,100181,100,99943,100,100185,100,99929,100,100424,100,99917,100,100516,100,99860,100,100673,100,99841,100
2019-06-28 09:46:34.648830217,100086,100,100085,280,100089,233,100084,233,100131,233,100083,100,100147,100,100080,100,100162,200,99960,200,100174,100,99943,100,100181,100,99929,100,100185,100,99917,100,100424,100,99860,100,100516,100,99841,100
2019-06-28 09:46:40.000000000,100086,366,100085,413,100089,100,100084,100,100131,100,100083,100,100147,100,100080,100,100162,200,99960,200,100174,100,99943,100,100181,100,99929,100,100185,100,99917,100,100424,100,99860,100,100516,100,99841,100
2019-06-28 09:46:48.056207190,100086,466,100085,413,100089,100,100084,100,100131,100,100083,100,100147,100,100080,100,100162,200,99960,200,100174,100,99943,100,100181,100,99929,100,100185,100,99917,100,100424,100,99860,100,100516,100,99841,100
2019-06-28 09:46:50.000000000,100086,290,100085,237,100089,188,100084,188,100131,188,100083,188,100147,100,100080,100,100162,200,99960,200,100174,100,99943,100,100181,100,99929,100,100185,100,99917,100,100424,100,99860,100,100516,100,99841,100
2019-06-28 09:47:00.000000000,100086,266,100085,213,100089,166,100084,166,100131,166,100083,166,100147,166,100080,166,100162,200,99960,200,100174,100,99943,100,100181,100,99929,100,100185,100,99917,100,100424,100,99860,100,100516,100,99841,100
2019-06-28 09:47:10.000000000,100086,466,100085,413,100089,100,100084,100,100131,100,100083,100,100147,100,100080,100,100162,200,99960,200,100174,100,99943,100,100181,100,99929,100,100185,100,99917,100,100424,100,99860,100,100516,100,99841,100
2019-06-28 09:47:10.206115223,100086,466,100085,313,100089,100,100084,100,100131,100,100083,100,100147,100,100080,100,100162,200,99960,200,100174,100,99943,100,100181,100,99929,100,100185,100,99860,100,100424,100,99841,100,100516,100,99834,100
2019-06-28 09:47:20.000000000,100086,253,100085,100,100089,153,100084,153,100131,153,100083,153,100147,153,100080,153,100162,253,99960,253,100174,100,99943,100,100181,100,99929,100,100185,100,99860,100,100424,100,99841,100,100516,100,99834,100
2019-06-28 09:47:30.000000000,100086,466,100085,313,100089,100,100084,100,100131,100,100083,100,100147,100,100080,100,100162,200,99960,200,100174,100,99943,100,100181,100,99929,100,100185,100,99860,100,100424,100,99841,100,100516,100,99834,100
2019-06-28 09:47:33.587641263,100086,466,100085,213,100089,100,100084,100,100131,100,100083,100,100147,100,100080,100,100162,200,99960,200,100174,100,99943,100,100181,100,99929,100,100185,100,99860,100,100424,100,99841,100,100516,100,99834,100
2019-06-28 09:47:40.000000000,100086,253,100084,153,100089,153,100083,153,100131,153,100080,153,100147,153,99960,253,100162,253,99943,153,100174,100,99929,100,100181,100,99860,100,100185,100,99841,100,100424,100,99834,100,100516,100,99813,100
2019-06-28 09:47:40.022492620,100086,253,100084,153,100089,153,100083,153,100131,153,100080,153,100147,153,99960,253,100162,253,99943,153,100174,100,99929,100,100181,100,99860,100,100185,100,99841,100,100424,100,99834,100,100516,100,99813,100
2019-06-28 09:47:50.000000000,100086,253,100084,153,100089,153,100083,153,100131,153,100080,153,100147,153,99960,253,100162,253,99943,153,100174,100,99929,100,100181,100,99860,100,100185,100,99841,100,100424,100,99834,100,100516,100,99813,100
2019-06-28 09:47:54.656070947,100086,253,100084,153,100089,153,100083,153,100131,153,100080,153,100147,153,99960,253,100162,153,99943,153,100174,100,99929,100,100181,100,99860,100,100185,100,99841,100,100424,100,99834,100,100516,100,99813,100
2019-06-28 09:48:00.000000000,100086,266,100084,166,100089,166,100083,166,100131,166,100080,166,100147,166,99960,266,100162,100,99943,100,100174,100,99929,100,100181,100,99860,100,100185,100,99841,100,100424,100,99834,100,100516,100,99813,100
2019-06-28 09:48:10.000000000,100086,253,100084,153,100089,153,100083,153,100131,153,100080,153,100147,153,99960,253,100162,153,99943,153,100174,100,99929,100,100181,100,99860,100,100185,100,99841,100,100424,100,99834,100,100516,100,99813,100
2019-06-28 09:48:19.009214223,100086,253,100084,153,100089,153,100083,153,100131,153,100080,153,100147,153,99960,253,100162,153,99943,153,100174,100,99929,100,100181,100,99860,100,100185,100,99841,100,100424,100,99834,100,100516,100,99813,100
2019-06-28 09:48:20.000000000,100086,333,100084,233,100089,233,100083,233,100131,100,100080,100,100147,100,99960,200,100162,100,99943,100,100174,100,99929,100,100181,100,99860,100,100185,100,99841,100,100424,100,99834,100,100516,100,99813,100
2019-06-28 09:48:29.715714020,100086,333,100084,133,100089,233,100083,233,100131,100,100080,100,100147,100,99960,200,100162,100,99943,100,100174,100,99929,100,100181,100,99860,100,100185,100,99841,100,100424,100,99834,100,100516,100,99813,100
2019-06-28 09:48:30.000000000,100086,290,100083,190,100089,188,100080,188,100131,188,99960,288,100147,100,99943,100,100162,100,99929,100,100174,100,99860,100,100181,100,99841,100,100185,100,99834,100,100424,100,99813,100,100516,100,99662,100
2019-06-28 09:48:31.199335596,100085,100,100083,190,100086,290,100080,188,100089,188,99960,288,100131,188,99943,100,100147,100,99929,100,100162,100,99860,100,100174,100,99841,100,100181,100,99834,100,100185,100,99813,100,100424,100,99662,100
2019-06-28 09:48:40.000000000,100085,153,100083,153,100086,253,100080,153,100089,153,99960,253,100131,153,99943,153,100147,153,99929,153,100162,100,99860,100,100174,100,99841,100,100181,100,99834,100,100185,100,99813,100,100424,100,99662,100
2019-06-28 09:48:42.234278781,100085,153,100083,153,100086,253,100080,153,100089,153,99960,253,100131,153,99943,153,100147,153,99929,153,100162,100,99860,100,100174,100,99841,100,100181,100,99834,100,100185,100,99813,100,100424,100,99662,100
2019-06-28 09:48:45.600430313,100085,153,100083,153,100086,253,100080,153,100089,153,99960,253,100131,153,99943,153,100147,153,99929,153,100162,100,99860,100,100174,100,99841,100,100181,100,99834,100,100185,100,99813,100,100424,100,99142,100
2019-06-28 09:48:50.000000000,100085,166,100083,166,100086,266,100080,166,100089,166,99960,266,100131,166,99943,166,100147,100,99929,100,100162,100,99860,100,100174,100,99841,100,100181,100,99834,100,100185,100,99813,100,100424,100,99142,100
2019-06-28 09:48:53.420806040,100085,166,100083,66,100086,266,100080,166,100089,166,99960,266,100131,166,99943,166,100147,100,99929,100,100162,100,99860,100,100174,100,99841,100,100181,100,99834,100,100185,100,99813,100,100424,100,99142,100
2019-06-28 09:49:00.000000000,100085,166,100080,166,100086,266,99960,266,100089,166,99943,166,100131,166,99929,166,100147,100,99860,100,100162,100,99841,100,100174,100,99834,100,100181,100,99813,100,100185,100,99142,100,100424,100,99108,100
2019-06-28 09:49:03.419624152,100085,166,100080,66,100086,266,99960,266,100089,166,99943,166,100131,66,99929,166,100147,100,99860,100,100162,100,99841,100,100174,100,99834,100,100181,100,99813,100,100185,100,99142,100,100424,100,99108,100
2019-06-28 09:49:04.951788376,100083,100,100080,66,100085,166,99960,266,100086,266,99943,166,100089,166,99929,166,100131,66,99860,100,100147,100,99841,100,100162,100,99834,100,100174,100,99813,100,100181,100,99142,100,100185,100,99108,100
2019-06-28 09:49:10.000000000,100083,153,99960,253,100085,153,99943,153,100086,253,99929,153,100089,153,99860,153,100147,153,99841,153,100162,100,99834,100,100174,100,99813,100,100181,100,99142,100,100185,100,99108,100,100424,100,99106,100
2019-06-28 09:49:18.794789487,100083,153,99960,153,100085,153,99943,153,100086,253,99929,153,100089,153,99860,153,100147,153,99841,153,100162,100,99834,100,100174,100,99813,100,100181,100,99142,100,100185,100,99108,100,100424,100,99106,100
2019-06-28 09:49:20.000000000,100083,366,99960,366,100085,100,99943,100,100086,200,99929,100,100089,100,99860,100,100147,100,99841,100,100162,100,99834,100,100174,100,99813,100,100181,100,99142,100,100185,100,99108,100,100424,100,99106,100
2019-06-28 09:49:22.059437909,100083,366,99960,266,100085,100,99943,100,100086,200,99929,100,100089,100,99860,100,100147,100,99841,100,100162,100,99834,100,100174,100,99813,100,100181,100,99142,100,100185,100,99108,100,100424,100,99106,100
2019-06-28 09:49:30.000000000,100083,190,99943,190,100085,188,99929,188,100086,288,99860,188,100089,100,99841,100,100147,100,99834,100,100162,100,99813,100,100174,100,99142,100,100181,100,99108,100,100185,100,99106,100,100424,100,98992,100
2019-06-28 09:49:40.000000000,100083,190,99943,190,100085,188,99929,188,100086,288,99860,188,100089,100,99841,100,100147,100,99834,100,100162,100,99813,100,100174,100,99142,100,100181,100,99108,100,100185,100,99106,100,100424,100,98992,100
2019-06-28 09:49:45.742284097,99960,100,99943,190,100083,190,99929,188,100085,188,99860,188,100086,288,99841,100,100089,100,99834,100,100147,100,99813,100,100162,100,99142,100,100174,100,99108,100,100181,100,99106,100,100185,100,98992,100
2019-06-28 09:49:50.000000000,99960,153,99943,153,100083,153,99929,153,100085,153,99860,153,100086,253,99841,153,100089,153,99834,153,100147,100,99813,100,100162,100,99142,100,100174,100,99108,100,100181,100,99106,100,100185,100,98992,100
2019-06-28 09:50:00.000000000,99960,233,99943,233,100083,233,99929,233,100085,100,99860,100,100086,200,99841,100,100089,100,99834,100,100147,100,99813,100,100162,100,99142,100,100174,100,99108,100,100181,100,99106,100,100185,100,98992,100
2019-06-28 09:50:10.000000000,99960,233,99943,233,100083,233,99929,233,100085,100,99860,100,100086,200,99841,100,100089,100,99834,100,100147,100,99813,100,100162,100,99142,100,100174,100,99108,100,100181,100,99106,100,100185,100,98992,100
2019-06-28 09:50:15.095706723,99960,233,99943,133,100083,233,99929,233,100085,100,99860,100,100086,200,99841,100,100089,100,99834,100,100147,100,99813,100,100162,100,99142,100,100174,100,99108,100,100181,100,99106,100,100185,100,98992,100
2019-06-28 09:50:20.000000000,99960,233,99929,233,100083,233,99860,233,100085,100,99841,100,100086,200,99834,100,100089,100,99813,100,100147,100,99142,100,100162,100,99108,100,100174,100,99106,100,100181,100,98992,100,100185,100,98895,100
2019-06-28 09:50:30.000000000,99960,153,99929,153,100083,153,99860,153,100085,153,99841,153,100086,253,99834,153,100089,153,99813,153,100147,100,99142,100,100162,100,99108,100,100174,100,99106,100,100181,100,98992,100,100185,100,98895,100
2019-06-28 09:50:30.530269012,99960,153,99929,53,100083,153,99860,153,100085,153,99841,153,100086,253,99834,153,100089,153,99813,153,100147,100,99142,100,100162,100,99108,100,100174,100,99106,100,100181,100,98992,100,100185,100,98895,100
2019-06-28 09:50:40.000000000,99960,166,99860,166,100083,166,99841,166,100085,166,99834,166,100086,266,99813,166,100089,100,99142,100,100147,100,99108,100,100162,100,99106,100,100174,100,98992,100,100181,100,98895,100,100185,100,98583,100
2019-06-28 09:50:40.101461349,99960,166,99860,166,100083,166,99841,166,100085,166,99834,166,100086,266,99813,166,100089,100,99298,100,100147,100,99142,100,100162,100,99108,100,100174,100,99106,100,100181,100,98992,100,100185,100,98895,100
2019-06-28 09:50:50.000000000,99960,233,99860,233,100083,233,99841,233,100085,100,99834,100,100086,200,99813,100,100089,100,99298,100,100147,100,99142,100,100162,100,99108,100,100174,100,99106,100,100181,100,98992,100,100185,100,98895,100
2019-06-28 09:50:56.600860959,99960,233,99860,233,100083,233,99841,233,100085,100,99834,100,100086,200,99813,100,100089,100,99298,100,100147,100,99142,100,100162,100,99108,100,100174,100,99106,100,100181,100,99084,100,100185,100,98992,100
2019-06-28 09:50:56.856020965,99960,233,99860,133,100083,233,99841,233,100085,100,99834,100,100086,200,99813,100,100089,100,99298,100,100147,100,99142,100,100162,100,99108,100,100174,100,99106,100,100181,100,99084,100,100185,100,98992,100
2019-06-28 09:50:57.110333554,99960,233,99860,133,100083,233,99841,233,100085,100,99834,100,100086,200,99813,100,100089,100,99298,100,100147,100,99142,100,100162,100,99108,100,100174,100,99106,100,100181,100,99098,100,100185,100,99084,100
2019-06-28 09:50:59.304186719,99960,233,99860,133,100083,233,99841,233,100085,100,99834,100,100086,200,99813,100,100089,100,99298,100,100147,100,99142,100,100162,100,99108,100,100174,100,99106,100,100181,100,99098,100,100185,100,99084,100
2019-06-28 09:51:00.000000000,99960,366,99841,366,100083,100,99834,100,100085,100,99813,100,100086,200,99298,100,100089,100,99142,100,100147,100,99108,100,100162,100,99106,100,100174,100,99098,100,100181,100,99084,100,100185,100,98992,100
2019-06-28 09:51:10.000000000,99960,366,99841,366,100083,100,99834,100,100085,100,99813,100,100086,200,99298,100,100089,100,99142,100,100147,100,99108,100,100162,100,99106,100,100174,100,99098,100,100181,100,99084,100,100185,100,98992,100
2019-06-28 09:51:10.004283457,99960,366,99841,366,100083,100,99834,100,100085,100,99813,100,100086,100,99298,100,100089,100,99142,100,100147,100,99108,100,100162,100,99106,100,100174,100,99098,100,100181,100,99084,100,100185,100,98992,100
2019-06-28 09:51:20.000000000,99960,233,99841,233,100083,233,99834,233,100085,100,99813,100,100086,100,99298,100,100089,100,99142,100,100147,100,99108,100,100162,100,99106,100,100174,100,99098,100,100181,100,99084,100,100185,100,98992,100
2019-06-28 09:51:30.000000000,99960,233,99841,233,100083,233,99834,233,100085,100,99813,100,100086,100,99298,100,100089,100,99142,100,100147,100,99108,100,100162,100,99106,100,100174,100,99098,100,100181,100,99084,100,100185,100,98992,100
2019-06-28 09:51:31.183046727,99960,233,99841,233,100083,233,99834,233,100085,100,99813,100,100086,100,99298,100,100089,100,99254,100,100147,100,99142,100,100162,100,99108,100,100174,100,99106,100,100181,100,99098,100,100185,100,99084,100
2019-06-28 09:51:36.867232210,99929,100,99841,233,99960,233,99834,233,100083,233,99813,100,100085,100,99298,100,100086,100,99254,100,100089,100,99142,100,100147,100,99108,100,100162,100,99106,100,100174,100,99098,100,100181,100,99084,100
2019-06-28 09:51:40.000000000,99929,233,99841,233,99960,233,99834,233,100083,100,99813,100,100085,100,99298,100,100086,100,99254,100,100089,100,99142,100,100147,100,99108,100,100162,100,99106,100,100174,100,99098,100,100181,100,99084,100
2019-06-28 09:51:50.000000000,99929,233,99841,233,99960,233,99834,233,100083,100,99813,100,100085,100,99298,100,100086,100,99254,100,100089,100,99142,100,100147,100,99108,100,100162,100,99106,100,100174,100,99098,100,100181,100,99084,100
2019-06-28 09:51:53.302269453,99929,233,99841,133,99960,233,99834,233,100083,100,99813,100,100085,100,99298,100,100086,100,99254,100,100089,100,99142,100,100147,100,99108,100,100162,100,99106,100,100174,100,99098,100,100181,100,99084,100
2019-06-28 09:52:00.000000000,99929,153,99834,153,99960,153,99813,153,100083,153,99298,153,100085,153,99254,153,100086,153,99142,153,100089,100,99108,100,100147,100,99106,100,100162,100,99098,100,100174,100,99084,100,100181,100,98992,100
2019-06-28 09:52:02.036617010,99929,153,99834,53,99960,153,99813,153,100083,153,99298,153,100085,153,99254,153,100086,153,99142,153,100089,100,99108,100,100162,100,99106,100,100174,100,99098,100,100181,100,99084,100,100185,100,98992,100
2019-06-28 09:52:10.000000000,99929,166,99813,166,99960,166,99298,166,100083,166,99254,166,100085,166,99142,166,100086,100,99108,100,100089,100,99106,100,100162,100,99098,100,100174,100,99084,100,100181,100,98992,100,100185,100,98895,100
2019-06-28 09:52:19.830068058,99841,100,99813,166,99929,166,99298,166,99960,166,99254,166,100083,166,99142,166,100085,166,99108,100,100086,100,99106,100,100089,100,99098,100,100162,100,99084,100,100174,100,98992,100,100181,100,98895,100
2019-06-28 09:52:20.000000000,99841,190,99813,190,99929,188,99298,188,99960,188,99254,188,100083,100,99142,100,100085,100,99108,100,100086,100,99106,100,100089,100,99098,100,100162,100,99084,100,100174,100,98992,100,100181,100,98895,100
2019-06-28 09:52:30.000000000,99841,190,99813,190,99929,188,99298,188,99960,188,99254,188,100083,100,99142,100,100085,100,99108,100,100086,100,99106,100,100089,100,99098,100,100162,100,99084,100,100174,100,98992,100,100181,100,98895,100
2019-06-28 09:52:40.000000000,99841,366,99813,366,99929,100,99298,100,99960,100,99254,100,100083,100,99142,100,100085,100,99108,100,100086,100,99106,100,100089,100,99098,100,100162,100,99084,100,100174,100,98992,100,100181,100,98895,100
2019-06-28 09:52:50.000000000,99841,190,99813,190,99929,188,99298,188,99960,188,99254,188,100083,100,99142,100,100085,100,99108,100,100086,100,99106,100,100089,100,99098,100,100162,100,99084,100,100174,100,98992,100,100181,100,98895,100
2019-06-28 09:53:00.000000000,99841,166,99813,166,99929,166,99298,166,99960,166,99254,166,100083,166,99142,166,100085,100,99108,100,100086,100,99106,100,100089,100,99098,100,100162,100,99084,100,100174,100,98992,100,100181,100,98895,100
2019-06-28 09:53:10.000000000,99841,166,99813,166,99929,166,99298,166,99960,166,99254,166,100083,166,99142,166,100085,100,99108,100,100086,100,99106,100,100089,100,99098,100,100162,100,99084,100,100174,100,98992,100,100181,100,98895,100
2019-06-28 09:53:10.913786829,99841,166,99813,166,99929,166,99742,100,99960,166,99298,166,100083,166,99254,166,100085,100,99142,166,100086,100,99108,100,100089,100,99106,100,100162,100,99098,100,100174,100,99084,100,100181,100,98992,100
2019-06-28 09:53:11.352572872,99841,266,99813,166,99929,166,99742,100,99960,166,99298,166,100083,166,99254,166,100085,100,99142,166,100086,100,99108,100,100089,100,99106,100,100162,100,99098,100,100174,100,99084,100,100181,100,98992,100
2019-06-28 09:53:20.000000000,99841,266,99813,166,99929,166,99742,166,99960,166,99298,166,100083,166,99254,166,100085,100,99142,100,100086,100,99108,100,100089,100,99106,100,100162,100,99098,100,100174,100,99084,100,100181,100,98992,100
2019-06-28 09:53:22.322996890,99836,100,99813,166,99841,266,99742,166,99929,166,99298,166,99960,166,99254,166,100083,166,99142,100,100085,100,99108,100,100086,100,99106,100,100089,100,99098,100,100162,100,99084,100,100174,100,98992,100
2019-06-28 09:53:27.170063014,99836,100,99813,166,99841,366,99742,166,99929,166,99298,166,99960,166,99254,166,100083,166,99142,100,100085,100,99108,100,100086,100,99106,100,100089,100,99098,100,100162,100,99084,100,100174,100,98992,100
2019-06-28 09:53:28.417548521,99836,100,99813,166,99841,366,99742,166,99917,100,99298,166,99929,166,99254,166,99960,166,99142,100,100083,166,99108,100,100085,100,99106,100,100086,100,99098,100,100089,100,99084,100,100162,100,98992,100
2019-06-28 09:53:30.000000000,99836,366,99813,366,99841,300,99742,100,99917,100,99298,100,99929,100,99254,100,99960,100,99142,100,100083,100,99108,100,100085,100,99106,100,100086,100,99098,100,100089,100,99084,100,100162,100,98992,100
2019-06-28 09:53:30.009647692,99836,366,99813,366,99841,300,99742,100,99917,100,99620,100,99929,100,99298,100,99960,100,99254,100,100083,100,99142,100,100085,100,99108,100,100086,100,99106,100,100089,100,99098,100,100162,100,99084,100
2019-06-28 09:53:40.000000000,99836,190,99813,190,99841,388,99742,188,99917,188,99620,188,99929,100,99298,100,99960,100,99254,100,100083,100,99142,100,100085,100,99108,100,100086,100,99106,100,100089,100,99098,100,100162,100,99084,100
2019-06-28 09:53:50.000000000,99836,233,99813,233,99841,433,99742,233,99917,100,99620,100,99929,100,99298,100,99960,100,99254,100,100083,100,99142,100,100085,100,99108,100,100086,100,99106,100,100089,100,99098,100,100162,100,99084,100
2019-06-28 09:54:00.000000000,99836,166,99813,166,99841,366,99742,166,99917,166,99620,166,99929,166,99298,166,99960,100,99254,100,100083,100,99142,100,100085,100,99108,100,100086,100,99106,100,100089,100,99098,100,100162,100,99084,100
2019-06-28 09:54:05.745913948,99836,166,99813,166,99841,366,99742,166,99855,100,99620,166,99917,166,99298,166,99929,166,99254,100,99960,100,99142,100,100083,100,99108,100,100085,100,99106,100,100086,100,99098,100,100089,100,99084,100
2019-06-28 09:54:09.605220830,99836,66,99813,166,99841,366,99742,166,99855,100,99620,166,99917,166,99298,166,99929,166,99254,100,99960,100,99142,100,100083,100,99108,100,100085,100,99106,100,100086,100,99098,100,100089,100,99084,100
2019-06-28 09:54:10.000000000,99841,433,99813,233,99855,233,99742,233,99917,100,99620,100,99929,100,99298,100,99960,100,99254,100,100083,100,99142,100,100085,100,99108,100,100086,100,99106,100,100089,100,99098,100,100162,100,99084,100
2019-06-28 09:54:20.000000000,99841,433,99813,233,99855,233,99742,233,99917,100,99620,100,99929,100,99298,100,99960,100,99254,100,100083,100,99142,100,100085,100,99108,100,100086,100,99106,100,100089,100,99098,100,100162,100,99084,100
2019-06-28 09:54:24.504333013,99826,100,99813,233,99841,433,99742,233,99855,233,99620,100,99917,100,99298,100,99929,100,99254,100,99960,100,99142,100,100083,100,99108,100,100085,100,99106,100,100086,100,99098,100,100089,100,99084,100
2019-06-28 09:54:27.863589484,99826,100,99813,233,99835,100,99742,233,99841,433,99620,100,99855,233,99298,100,99917,100,99254,100,99929,100,99142,100,99960,100,99108,100,100083,100,99106,100,100085,100,99098,100,100086,100,99084,100
2019-06-28 09:54:30.000000000,99826,153,99813,153,99835,153,99742,153,99841,353,99620,153,99855,153,99298,153,99917,153,99254,153,99929,100,99142,100,99960,100,99108,100,100083,100,99106,100,100085,100,99098,100,100086,100,99084,100
2019-06-28 09:54:35.834548568,99816,100,99813,153,99826,153,99742,153,99835,153,99620,153,99841,353,99298,153,99855,153,99254,153,99917,153,99142,100,99929,100,99108,100,99960,100,99106,100,100083,100,99098,100,100085,100,99084,100
2019-06-28 09:54:36.412675035,99816,100,99813,153,99826,153,99742,153,99835,153,99684,100,99841,353,99620,153,99855,153,99298,153,99917,153,99254,153,99929,100,99142,100,99960,100,99108,100,100083,100,99098,100,100085,100,99084,100
2019-06-28 09:54:39.697839061,99816,100,99813,153,99826,153,99799,100,99835,153,99742,153,99841,353,99684,100,99855,153,99620,153,99917,153,99298,153,99929,100,99254,153,99960,100,99142,100,100083,100,99108,100,100085,100,99098,100
2019-06-28 09:54:40.000000000,99816,153,99813,153,99826,153,99799,153,99835,153,99742,153,99841,353,99684,153,99855,153,99620,153,99917,100,99298,100,99929,100,99254,100,99960,100,99142,100,100083,100,99108,100,100085,100,99098,100
2019-06-28 09:54:50.000000000,99816,233,99813,233,99826,233,99799,233,99835,100,99742,100,99841,300,99684,100,99855,100,99620,100,99917,100,99298,100,99929,100,99254,100,99960,100,99142,100,100083,100,99108,100,100085,100,99098,100
2019-06-28 09:55:00.000000000,99816,166,99813,166,99826,166,99799,166,99835,166,99742,166,99841,366,99684,166,99855,100,99620,100,99917,100,99298,100,99929,100,99254,100,99960,100,99142,100,100083,100,99108,100,100085,100,99098,100
2019-06-28 09:55:10.000000000,99816,153,99813,153,99826,153,99799,153,99835,153,99742,153,99841,353,99684,153,99855,153,99620,153,99917,100,99298,100,99929,100,99254,100,99960,100,99142,100,100083,100,99108,100,100085,100,99098,100
2019-06-28 09:55:20.000000000,99816,233,99813,233,99826,233,99799,233,99835,100,99742,100,99841,300,99684,100,99855,100,99620,100,99917,100,99298,100,99929,100,99254,100,99960,100,99142,100,100083,100,99108,100,100085,100,99098,100
2019-06-28 09:55:30.000000000,99816,166,99813,166,99826,166,99799,166,99835,166,99742,166,99841,366,99684,166,99855,100,99620,100,99917,100,99298,100,99929,100,99254,100,99960,100,99142,100,100083,100,99108,100,100085,100,99098,100
2019-06-28 09:55:40.000000000,99816,190,99813,190,99826,188,99799,188,99835,188,99742,188,99841,300,99684,100,99855,100,99620,100,99917,100,99298,100,99929,100,99254,100,99960,100,99142,100,100083,100,99108,100,100085,100,99098,100
2019-06-28 09:55:50.000000000,99816,153,99813,153,99826,153,99799,153,99835,153,99742,153,99841,353,99684,153,99855,153,99620,153,99917,100,99298,100,99929,100,99254,100,99960,100,99142,100,100083,100,99108,100,100085,100,99098,100
2019-06-28 09:56:00.000000000,99816,233,99813,233,99826,233,99799,233,99835,100,99742,100,99841,300,99684,100,99855,100,99620,100,99917,100,99298,100,99929,100,99254,100,99960,100,99142,100,100083,100,99108,100,100085,100,99098,100
2019-06-28 09:56:10.000000000,99816,153,99813,153,99826,153,99799,153,99835,153,99742,153,99841,353,99684,153,99855,153,99620,153,99917,100,99298,100,99929,100,99254,100,99960,100,99142,100,100083,100,99108,100,100085,100,99098,100
2019-06-28 09:56:14.568683664,99816,53,99813,153,99826,153,99799,153,99835,153,99742,153,99841,353,99684,153,99855,153,99620,153,99917,100,99298,100,99929,100,99254,100,99960,100,99142,100,100083,100,99108,100,100085,100,99098,100
2019-06-28 09:56:20.000000000,99826,166,99813,166,99835,166,99799,166,99841,366,99742,166,99855,166,99684,166,99917,100,99620,100,99929,100,99298,100,99960,100,99254,100,100083,100,99142,100,100085,100,99108,100,100086,100,99098,100
2019-06-28 09:56:22.760990608,99826,66,99813,166,99835,166,99799,166,99841,366,99742,166,99855,166,99684,166,99929,100,99620,100,99960,100,99298,100,100083,100,99254,100,100085,100,99142,100,100086,100,99108,100,100089,100,99098,100
2019-06-28 09:56:30.000000000,99835,233,99813,233,99841,433,99799,233,99855,100,99742,100,99929,100,99684,100,99960,100,99620,100,100083,100,99298,100,100085,100,99254,100,100086,100,99142,100,100089,100,99108,100,100162,100,99098,100
2019-06-28 09:56:32.943187841,99835,233,99813,233,99841,433,99799,233,99855,100,99742,100,99929,100,99684,100,99960,100,99620,100,100083,100,99298,100,100085,100,99254,100,100086,100,99142,100,100162,100,99108,100,100174,100,99098,100
2019-06-28 09:56:40.000000000,99835,166,99813,166,99841,366,99799,166,99855,166,99742,166,99929,166,99684,166,99960,100,99620,100,100083,100,99298,100,100085,100,99254,100,100086,100,99142,100,100162,100,99108,100,100174,100,99098,100
2019-06-28 09:56:50.000000000,99835,233,99813,233,99841,433,99799,233,99855,100,99742,100,99929,100,99684,100,99960,100,99620,100,100083,100,99298,100,100085,100,99254,100,100086,100,99142,100,100162,100,99108,100,100174,100,99098,100
2019-06-28 09:57:00.000000000,99835,366,99813,366,99841,300,99799,100,99855,100,99742,100,99929,100,99684,100,99960,100,99620,100,100083,100,99298,100,100085,100,99254,100,100086,100,99142,100,100162,100,99108,100,100174,100,99098,100
2019-06-28 09:57:10.000000000,99835,366,99813,366,99841,300,99799,100,99855,100,99742,100,99929,100,99684,100,99960,100,99620,100,100083,100,99298,100,100085,100,99254,100,100086,100,99142,100,100162,100,99108,100,100174,100,99098,100
2019-06-28 09:57:20.000000000,99835,153,99813,153,99841,353,99799,153,99855,153,99742,153,99929,153,99684,153,99960,153,99620,153,100083,100,99298,100,100085,100,99254,100,100086,100,99142,100,100162,100,99108,100,100174,100,99098,100
2019-06-28 09:57:26.135340758,99835,153,99813,153,99841,353,99799,153,99855,153,99742,153,99929,153,99684,53,99960,153,99620,153,100083,100,99298,100,100085,100,99254,100,100086,100,99142,100,100162,100,99108,100,100174,100,99098,100
2019-06-28 09:57:30.000000000,99835,233,99813,233,99841,433,99799,233,99855,100,99742,100,99929,100,99620,100,99960,100,99298,100,100083,100,99254,100,100085,100,99142,100,100086,100,99108,100,100162,100,99098,100,100174,100,99084,100
2019-06-28 09:57:33.374589302,99835,233,99813,233,99841,433,99799,233,99855,100,99742,100,99929,100,99620,100,99960,100,99298,100,100085,100,99254,100,100086,100,99142,100,100162,100,99108,100,100174,100,99098,100,100181,100,99084,100
2019-06-28 09:57:40.000000000,99835,166,99813,166,99841,366,99799,166,99855,166,99742,166,99929,166,99620,166,99960,100,99298,100,100085,100,99254,100,100086,100,99142,100,100162,100,99108,100,100174,100,99098,100,100181,100,99084,100
2019-06-28 09:57:50.000000000,99835,153,99813,153,99841,353,99799,153,99855,153,99742,153,99929,153,99620,153,99960,153,99298,153,100085,100,99254,100,100086,100,99142,100,100162,100,99108,100,100174,100,99098,100,100181,100,99084,100
2019-06-28 09:57:51.494029770,99835,153,99813,153,99841,353,99799,153,99855,153,99742,153,99929,153,99620,153,99960,153,99298,153,100085,100,99254,100,100086,100,99142,100,100162,100,99108,100,100174,100,99098,100,100181,100,99084,100
2019-06-28 09:57:59.470496488,99835,153,99816,100,99841,353,99813,153,99855,153,99799,153,99929,153,99742,153,99960,153,99620,153,100085,100,99298,153,100086,100,99254,100,100162,100,99142,100,100174,100,99108,100,100181,100,99098,100
2019-06-28 09:58:00.000000000,99835,153,99816,153,99841,353,99813,153,99855,153,99799,153,99929,153,99742,153,99960,153,99620,153,100085,100,99298,100,100086,100,99254,100,100162,100,99142,100,100174,100,99108,100,100181,100,99098,100
2019-06-28 09:58:10.000000000,99835,366,99816,366,99841,300,99813,100,99855,100,99799,100,99929,100,99742,100,99960,100,99620,100,100085,100,99298,100,100086,100,99254,100,100162,100,99142,100,100174,100,99108,100,100181,100,99098,100
2019-06-28 09:58:20.000000000,99835,366,99816,366,99841,300,99813,100,99855,100,99799,100,99929,100,99742,100,99960,100,99620,100,100085,100,99298,100,100086,100,99254,100,100162,100,99142,100,100174,100,99108,100,100181,100,99098,100
2019-06-28 09:58:24.507111065,99835,366,99816,366,99841,300,99813,100,99855,100,99799,100,99929,100,99742,100,99960,100,99620,100,100085,100,99298,100,100086,100,99254,100,100162,100,99142,100,100174,100,99108,100,100181,100,99098,100
2019-06-28 09:58:30.000000000,99835,166,99816,166,99841,366,99813,166,99855,166,99799,166,99929,166,99742,166,99960,100,99620,100,100085,100,99298,100,100086,100,99254,100,100162,100,99142,100,100174,100,99108,100,100181,100,99098,100
2019-06-28 09:58:40.000000000,99835,366,99816,366,99841,300,99813,100,99855,100,99799,100,99929,100,99742,100,99960,100,99620,100,100085,100,99298,100,100086,100,99254,100,100162,100,99142,100,100174,100,99108,100,100181,100,99098,100
2019-06-28 09:58:50.000000000,99835,233,99816,233,99841,433,99813,233,99855,100,99799,100,99929,100,99742,100,99960,100,99620,100,100085,100,99298,100,100086,100,99254,100,100162,100,99142,100,100174,100,99108,100,100181,100,99098,100
2019-06-28 09:58:51.649384958,99835,233,99816,233,99841,433,99813,233,99855,100,99799,100,99929,100,99742,100,99960,100,99620,100,100085,100,99298,100,100086,100,99254,100,100162,100,99142,100,100174,100,99108,100,100181,100,99098,100
2019-06-28 09:59:00.000000000,99835,233,99816,233,99841,433,99813,233,99855,100,99799,100,99929,100,99742,100,99960,100,99620,100,100085,100,99298,100,100086,100,99254,100,100162,100,99142,100,100174,100,99108,100,100181,100,99098,100
2019-06-28 09:59:00.650128844,99835,133,99816,233,99841,433,99813,233,99855,100,99799,100,99929,100,99742,100,99960,100,99620,100,100085,100,99298,100,100086,100,99254,100,100162,100,99142,100,100174,100,99108,100,100181,100,99098,100
2019-06-28 09:59:02.043474902,99835,133,99816,233,99841,433,99813,233,99855,100,99799,100,99929,100,99742,100,99960,100,99620,100,100085,100,99298,100,100086,100,99254,100,100162,100,99142,100,100174,100,99108,100,100181,100,99098,100
2019-06-28 09:59:10.000000000,99841,566,99816,366,99855,100,99813,100,99929,100,99799,100,99960,100,99742,100,100085,100,99620,100,100086,100,99298,100,100162,100,99254,100,100174,100,99142,100,100181,100,99108,100,100185,100,99098,100
2019-06-28 09:59:18.833677540,99841,566,99816,366,99855,100,99813,100,99929,100,99799,100,99960,100,99742,100,100085,100,99620,100,100086,100,99298,100,100162,100,99254,100,100174,100,99142,100,100181,100,99108,100,100185,100,99098,100
2019-06-28 09:59:20.000000000,99841,566,99816,366,99855,100,99813,100,99929,100,99799,100,99960,100,99742,100,100085,100,99620,100,100086,100,99298,100,100162,100,99254,100,100174,100,99142,100,100181,100,99108,100,100185,100,99098,100
2019-06-28 09:59:20.097971214,99841,566,99816,266,99855,100,99813,100,99929,100,99799,100,99960,100,99742,100,100085,100,99620,100,100086,100,99298,100,100162,100,99254,100,100174,100,99142,100,100181,100,99108,100,100185,100,99098,100
2019-06-28 09:59:21.391727670,99841,566,99816,266,99855,100,99813,100,99929,100,99799,100,99960,100,99742,100,100085,100,99620,100,100086,100,99298,100,100162,100,99254,100,100174,100,99142,100,100181,100,99108,100,100185,100,99098,100
2019-06-28 09:59:22.841401193,99841,466,99816,266,99855,100,99813,100,99929,100,99799,100,99960,100,99742,100,100085,100,99620,100,100086,100,99298,100,100162,100,99254,100,100181,100,99142,100,100185,100,99108,100,100275,100,99098,100
2019-06-28 09:59:30.000000000,99841,290,99813,190,99855,188,99799,188,99929,188,99742,188,99960,100,99620,100,100085,100,99298,100,100086,100,99254,100,100162,100,99142,100,100181,100,99108,100,100185,100,99098,100,100275,100,99084,100
2019-06-28 09:59:40.000000000,99841,333,99813,233,99855,233,99799,233,99929,100,99742,100,99960,100,99620,100,100085,100,99298,100,100086,100,99254,100,100162,100,99142,100,100181,100,99108,100,100185,100,99098,100,100275,100,99084,100
2019-06-28 09:59:45.483761403,99841,333,99813,233,99855,233,99799,233,99929,100,99742,100,99960,100,99620,100,100085,100,99298,100,100086,100,99254,100,100162,100,99142,100,100181,100,99098,100,100185,100,99084,100,100275,100,98992,100
2019-06-28 09:59:50.000000000,99841,466,99813,366,99855,100,99799,100,99929,100,99742,100,99960,100,99620,100,100085,100,99298,100,100086,100,99254,100,100162,100,99142,100,100181,100,99098,100,100185,100,99084,100,100275,100,98992,100
2019-06-28 10:00:00.000000000,99841,333,99813,233,99855,233,99799,233,99929,100,99742,100,99960,100,99620,100,100085,100,99298,100,100086,100,99254,100,100162,100,99142,100,100181,100,99098,100,100185,100,99084,100,100275,100,98992,100
2019-06-28 10:00:07.448058595,99841,333,99835,100,99855,233,99813,233,99960,100,99799,233,100085,100,99742,100,100086,100,99620,100,100162,100,99298,100,100181,100,99254,100,100185,100,99142,100,100275,100,99098,100,100324,100,99084,100
2019-06-28 10:00:09.754993233,99841,333,99835,100,99855,233,99813,233,99960,100,99799,233,100085,100,99742,100,100086,100,99298,100,100162,100,99254,100,100181,100,99142,100,100185,100,99098,100,100275,100,99084,100,100324,100,98992,100
2019-06-28 10:00:10.000000000,99841,466,99835,366,99855,100,99813,100,99960,100,99799,100,100085,100,99742,100,100086,100,99298,100,100162,100,99254,100,100181,100,99142,100,100185,100,99098,100,100275,100,99084,100,100324,100,98992,100
2019-06-28 10:00:12.790660475,99841,366,99835,366,99855,100,99813,100,99960,100,99799,100,100085,100,99742,100,100086,100,99254,100,100162,100,99142,100,100181,100,99098,100,100185,100,99084,100,100275,100,98992,100,100324,100,98895,100
2019-06-28 10:00:16.610283097,99841,266,99835,366,99855,100,99813,100,99960,100,99799,100,100085,100,99742,100,100086,100,99254,100,100162,100,99142,100,100185,100,99098,100,100275,100,99084,100,100324,100,98992,100,100424,100,98895,100
2019-06-28 10:00:20.000000000,99855,233,99835,233,99960,233,99813,233,100085,100,99799,100,100086,100,99742,100,100162,100,99254,100,100185,100,99142,100,100275,100,99098,100,100324,100,99084,100,100424,100,98992,100,100466,100,98895,100
2019-06-28 10:00:24.847293151,99855,133,99835,233,99960,233,99813,233,100085,100,99799,100,100086,100,99742,100,100162,100,99254,100,100185,100,99142,100,100275,100,99098,100,100324,100,99084,100,100424,100,98992,100,100466,100,98895,100
2019-06-28 10:00:30.000000000,99960,166,99835,166,100085,166,99813,166,100086,166,99799,166,100162,166,99742,166,100185,100,99254,100,100275,100,99142,100,100324,100,99098,100,100424,100,99084,100,100466,100,98992,100,100505,100,98895,100
2019-06-28 10:00:30.831927782,99960,166,99841,100,100085,166,99835,166,100086,166,99813,166,100162,166,99799,166,100185,100,99742,166,100275,100,99254,100,100324,100,99142,100,100424,100,99098,100,100466,100,99084,100,100505,100,98992,100
2019-06-28 10:00:34.393547342,99960,166,99841,100,100085,166,99835,166,100086,166,99813,66,100162,166,99799,166,100185,100,99742,166,100275,100,99254,100,100324,100,99142,100,100424,100,99098,100,100466,100,99084,100,100505,100,98992,100
2019-06-28 10:00:40.000000000,99960,233,99841,233,100085,233,99835,233,100086,100,99799,100,100162,100,99742,100,100185,100,99254,100,100275,100,99142,100,100324,100,99098,100,100424,100,99084,100,100466,100,98992,100,100505,100,98895,100
2019-06-28 10:00:50.000000000,99960,153,99841,153,100085,153,99835,153,100086,153,99799,153,100162,153,99742,153,100185,153,99254,153,100275,100,99142,100,100324,100,99098,100,100424,100,99084,100,100466,100,98992,100,100505,100,98895,100
2019-06-28 10:01:00.000000000,99960,153,99841,153,100085,153,99835,153,100086,153,99799,153,100162,153,99742,153,100185,153,99254,153,100275,100,99142,100,100324,100,99098,100,100424,100,99084,100,100466,100,98992,100,100505,100,98895,100
2019-06-28 10:01:10.000000000,99960,166,99841,166,100085,166,99835,166,100086,166,99799,166,100162,166,99742,166,100185,100,99254,100,100275,100,99142,100,100324,100,99098,100,100424,100,99084,100,100466,100,98992,100,100505,100,98895,100
2019-06-28 10:01:16.499349910,99960,66,99841,166,100085,166,99835,166,100086,166,99799,166,100162,166,99742,166,100185,100,99254,100,100275,100,99142,100,100324,100,99098,100,100424,100,99084,100,100466,100,98992,100,100505,100,98895,100
2019-06-28 10:01:20.000000000,100085,166,99841,166,100086,166,99835,166,100162,166,99799,166,100185,166,99742,166,100275,100,99254,100,100324,100,99142,100,100424,100,99098,100,100466,100,99084,100,100505,100,98992,100,100514,100,98895,100
2019-06-28 10:01:24.745713288,100085,166,99855,100,100086,166,99841,166,100162,166,99835,166,100185,166,99799,166,100275,100,99742,166,100324,100,99254,100,100424,100,99142,100,100466,100,99098,100,100505,100,99084,100,100514,100,98992,100
2019-06-28 10:01:30.000000000,100085,153,99855,153,100086,153,99841,153,100162,153,99835,153,100185,153,99799,153,100275,153,99742,153,100324,100,99254,100,100424,100,99142,100,100466,100,99098,100,100505,100,99084,100,100514,100,98992,100
2019-06-28 10:01:39.331788870,100085,153,99855,153,100086,153,99841,153,100162,153,99835,153,100185,153,99799,153,100275,153,99742,153,100324,100,99254,100,100424,100,99142,100,100466,100,99098,100,100505,100,99084,100,100514,100,98992,100
2019-06-28 10:01:40.000000000,100085,166,99855,166,100086,166,99841,166,100162,166,99835,166,100185,166,99799,166,100275,100,99742,100,100324,100,99254,100,100424,100,99142,100,100466,100,99098,100,100505,100,99084,100,100514,100,98992,100
2019-06-28 10:01:49.549063429,100085,166,99855,166,100086,166,99841,166,100162,166,99835,166,100185,166,99799,166,100275,100,99742,100,100324,100,99254,100,100424,100,99142,100,100466,100,99098,100,100479,100,99084,100,100505,100,98992,100
2019-06-28 10:01:50.000000000,100085,233,99855,233,100086,233,99841,233,100162,100,99835,100,100185,100,99799,100,100275,100,99742,100,100324,100,99254,100,100424,100,99142,100,100466,100,99098,100,100479,100,99084,100,100505,100,98992,100
2019-06-28 10:02:00.000000000,100085,153,99855,153,100086,153,99841,153,100162,153,99835,153,100185,153,99799,153,100275,153,99742,153,100324,100,99254,100,100424,100,99142,100,100466,100,99098,100,100479,100,99084,100,100505,100,98992,100
2019-06-28 10:02:00.012354394,100085,53,99855,153,100086,153,99841,153,100162,153,99835,153,100185,153,99799,153,100275,153,99742,153,100324,100,99254,100,100424,100,99142,100,100466,100,99098,100,100479,100,99084,100,100505,100,98992,100
2019-06-28 10:02:10.000000000,100086,190,99855,190,100162,188,99841,188,100185,188,99835,188,100275,100,99799,100,100324,100,99742,100,100424,100,99254,100,100466,100,99142,100,100479,100,99098,100,100505,100,99084,100,100514,100,98992,100
2019-06-28 10:02:12.238745049,100086,190,99960,100,100162,188,99855,190,100185,188,99841,188,100275,100,99835,188,100324,100,99799,100,100424,100,99742,100,100466,100,99254,100,100479,100,99142,100,100505,100,99098,100,100514,100,99084,100
2019-06-28 10:02:13.746344293,100086,90,99960,100,100162,188,99855,190,100185,188,99841,188,100275,100,99835,188,100324,100,99799,100,100424,100,99742,100,100466,100,99254,100,100479,100,99142,100,100505,100,99098,100,100514,100,99084,100
2019-06-28 10:02:20.000000000,100162,153,99960,153,100185,153,99855,153,100275,153,99841,153,100324,153,99835,153,100424,153,99799,153,100466,100,99742,100,100479,100,99254,100,100505,100,99142,100,100514,100,99098,100,100516,100,99084,100
2019-06-28 10:02:30.000000000,100162,233,99960,233,100185,233,99855,233,100275,100,99841,100,100324,100,99835,100,100424,100,99799,100,100466,100,99742,100,100479,100,99254,100,100505,100,99142,100,100514,100,99098,100,100516,100,99084,100
2019-06-28 10:02:31.995974973,100162,233,99960,233,100185,233,99855,233,100275,100,99841,100,100324,100,99835,100,100360,100,99799,100,100424,100,99742,100,100466,100,99254,100,100505,100,99142,100,100514,100,99098,100,100516,100,99084,100
2019-06-28 10:02:40.000000000,100162,190,99960,190,100185,188,99855,188,100275,188,99841,188,100324,100,99835,100,100360,100,99799,100,100424,100,99742,100,100466,100,99254,100,100505,100,99142,100,100514,100,99098,100,100516,100,99084,100
2019-06-28 10:02:50.000000000,100162,366,99960,366,100185,100,99855,100,100275,100,99841,100,100324,100,99835,100,100360,100,99799,100,100424,100,99742,100,100466,100,99254,100,100505,100,99142,100,100514,100,99098,100,100516,100,99084,100
2019-06-28 10:03:00.000000000,100162,366,99960,366,100185,100,99855,100,100275,100,99841,100,100324,100,99835,100,100360,100,99799,100,100424,100,99742,100,100466,100,99254,100,100505,100,99142,100,100514,100,99098,100,100516,100,99084,100
2019-06-28 10:03:07.483742128,100162,366,100085,100,100185,100,99960,366,100275,100,99855,100,100324,100,99841,100,100360,100,99835,100,100424,100,99799,100,100466,100,99742,100,100505,100,99254,100,100514,100,99142,100,100516,100,99098,100
2019-06-28 10:03:10.000000000,100162,233,100085,233,100185,233,99960,233,100275,100,99855,100,100324,100,99841,100,100360,100,99835,100,100424,100,99799,100,100466,100,99742,100,100505,100,99254,100,100514,100,99142,100,100516,100,99098,100
2019-06-28 10:03:10.279994796,100162,233,100085,333,100185,233,99960,233,100275,100,99855,100,100324,100,99841,100,100360,100,99835,100,100424,100,99799,100,100466,100,99742,100,100505,100,99254,100,100514,100,99142,100,100516,100,99098,100
2019-06-28 10:03:13.573869540,100162,233,100085,333,100185,233,99960,233,100275,100,99855,100,100324,100,99841,100,100360,100,99835,100,100424,100,99799,100,100466,100,99742,100,100505,100,99254,100,100514,100,99142,100,100516,100,99098,100
2019-06-28 10:03:16.220500603,100162,233,100085,333,100185,233,99960,233,100275,100,99855,100,100324,100,99841,100,100360,100,99835,100,100466,100,99799,100,100505,100,99742,100,100514,100,99254,100,100516,100,99142,100,100609,100,99098,100
2019-06-28 10:03:17.262727537,100162,133,100085,333,100185,233,99960,233,100275,100,99855,100,100324,100,99841,100,100360,100,99835,100,100466,100,99799,100,100505,100,99742,100,100514,100,99254,100,100516,100,99142,100,100609,100,99098,100
2019-06-28 10:03:20.000000000,100185,366,100085,466,100275,100,99960,100,100324,100,99855,100,100360,100,99841,100,100466,100,99835,100,100505,100,99799,100,100514,100,99742,100,100516,100,99254,100,100609,100,99142,100,100637,100,99098,100
2019-06-28 10:03:27.643483235,100185,366,100085,466,100275,100,99960,100,100324,100,99855,100,100360,100,99841,100,100466,100,99835,100,100505,100,99799,100,100514,100,99742,100,100516,100,99254,100,100609,100,99142,100,100619,100,99098,100
2019-06-28 10:03:28.686487976,100185,266,100085,466,100275,100,99960,100,100324,100,99855,100,100360,100,99841,100,100466,100,99835,100,100505,100,99799,100,100514,100,99742,100,100516,100,99254,100,100609,100,99142,100,100619,100,99098,100
2019-06-28 10:03:30.000000000,100275,366,100085,466,100324,100,99960,100,100360,100,99855,100,100466,100,99841,100,100505,100,99835,100,100514,100,99799,100,100516,100,99742,100,100609,100,99254,100,100619,100,99142,100,100637,100,99098,100
2019-06-28 10:03:40.000000000,100275,233,100085,333,100324,233,99960,233,100360,100,99855,100,100466,100,99841,100,100505,100,99835,100,100514,100,99799,100,100516,100,99742,100,100609,100,99254,100,100619,100,99142,100,100637,100,99098,100
2019-06-28 10:03:50.000000000,100275,166,100085,266,100324,166,99960,166,100360,166,99855,166,100466,166,99841,166,100505,100,99835,100,100514,100,99799,100,100516,100,99742,100,100609,100,99254,100,100619,100,99142,100,100637,100,99098,100
2019-06-28 10:03:57.907040829,100275,166,100162,100,100324,166,100085,266,100360,166,99960,166,100466,166,99855,166,100505,100,99841,166,100514,100,99835,100,100516,100,99799,100,100609,100,99742,100,100619,100,99254,100,100637,100,99142,100
2019-06-28 10:04:00.000000000,100275,190,100162,190,100324,188,100085,288,100360,188,99960,188,100466,100,99855,100,100505,100,99841,100,100514,100,99835,100,100516,100,99799,100,100609,100,99742,100,100619,100,99254,100,100637,100,99142,100
2019-06-28 10:04:06.549523426,100275,190,100162,290,100324,188,100085,288,100360,188,99960,188,100466,100,99855,100,100505,100,99841,100,100514,100,99835,100,100516,100,99799,100,100609,100,99742,100,100619,100,99254,100,100637,100,99142,100
2019-06-28 10:04:10.000000000,100275,190,100162,290,100324,188,100085,288,100360,188,99960,188,100466,100,99855,100,100505,100,99841,100,100514,100,99835,100,100516,100,99799,100,100609,100,99742,100,100619,100,99254,100,100637,100,99142,100
2019-06-28 10:04:20.000000000,100275,366,100162,466,100324,100,100085,200,100360,100,99960,100,100466,100,99855,100,100505,100,99841,100,100514,100,99835,100,100516,100,99799,100,100609,100,99742,100,100619,100,99254,100,100637,100,99142,100
2019-06-28 10:04:27.383330016,100275,366,100162,566,100324,100,100085,200,100360,100,99960,100,100466,100,99841,100,100505,100,99835,100,100514,100,99799,100,100516,100,99742,100,100609,100,99254,100,100619,100,99142,100,100637,100,99098,100
2019-06-28 10:04:30.000000000,100275,166,100162,366,100324,166,100085,266,100360,166,99960,166,100466,166,99841,166,100505,100,99835,100,100514,100,99799,100,100516,100,99742,100,100609,100,99254,100,100619,100,99142,100,100637,100,99098,100
2019-06-28 10:04:40.000000000,100275,190,100162,390,100324,188,100085,288,100360,188,99960,188,100466,100,99841,100,100505,100,99835,100,100514,100,99799,100,100516,100,99742,100,100609,100,99254,100,100619,100,99142,100,100637,100,99098,100
2019-06-28 10:04:50.000000000,100275,190,100162,390,100324,188,100085,288,100360,188,99960,188,100466,100,99841,100,100505,100,99835,100,100514,100,99799,100,100516,100,99742,100,100609,100,99254,100,100619,100,99142,100,100637,100,99098,100
2019-06-28 10:04:58.796568126,100275,190,100162,290,100324,188,100085,288,100360,188,99960,188,100466,100,99841,100,100505,100,99835,100,100514,100,99799,100,100516,100,99742,100,100609,100,99254,100,100619,100,99142,100,100637,100,99098,100
2019-06-28 10:05:00.000000000,100275,166,100162,266,100324,166,100085,266,100360,166,99960,166,100466,166,99841,166,100505,100,99835,100,100514,100,99799,100,100516,100,99742,100,100609,100,99254,100,100619,100,99142,100,100637,100,99098,100
2019-06-28 10:05:10.000000000,100275,153,100162,253,100324,153,100085,253,100360,153,99960,153,100466,153,99841,153,100505,153,99835,153,100514,100,99799,100,100516,100,99742,100,100609,100,99254,100,100619,100,99142,100,100637,100,99098,100
2019-06-28 10:05:17.703620132,100275,53,100162,253,100324,153,100085,253,100360,153,99960,153,100466,153,99841,153,100505,153,99835,153,100514,100,99799,100,100516,100,99742,100,100609,100,99254,100,100619,100,99142,100,100637,100,99098,100
2019-06-28 10:05:17.746378932,100275,53,100162,253,100324,153,100085,253,100360,153,99960,153,100466,153,99841,153,100505,153,99835,153,100514,100,99799,100,100516,100,99742,100,100609,100,99254,100,100619,100,99142,100,100637,100,99098,100
2019-06-28 10:05:20.000000000,100324,366,100162,466,100360,100,100085,200,100466,100,99960,100,100505,100,99841,100,100514,100,99835,100,100516,100,99799,100,100609,100,99742,100,100619,100,99254,100,100637,100,99142,100,100644,100,99098,100
2019-06-28 10:05:30.000000000,100324,153,100162,253,100360,153,100085,253,100466,153,99960,153,100505,153,99841,153,100514,153,99835,153,100516,100,99799,100,100609,100,99742,100,100619,100,99254,100,100637,100,99142,100,100644,100,99098,100
2019-06-28 10:05:40.000000000,100324,366,100162,466,100360,100,100085,200,100466,100,99960,100,100505,100,99841,100,100514,100,99835,100,100516,100,99799,100,100609,100,99742,100,100619,100,99254,100,100637,100,99142,100,100644,100,99098,100
2019-06-28 10:05:49.113539775,100324,366,100185,100,100360,100,100162,466,100466,100,100085,200,100505,100,99960,100,100514,100,99841,100,100516,100,99799,100,100609,100,99742,100,100619,100,99254,100,100637,100,99142,100,100644,100,99098,100
2019-06-28 10:05:50.000000000,100324,233,100185,233,100360,233,100162,333,100466,100,100085,200,100505,100,99960,100,100514,100,99841,100,100516,100,99799,100,100609,100,99742,100,100619,100,99254,100,100637,100,99142,100,100644,100,99098,100
2019-06-28 10:05:52.362985361,100324,133,100185,233,100360,233,100162,333,100505,100,100085,200,100514,100,99960,100,100516,100,99841,100,100609,100,99799,100,100619,100,99742,100,100637,100,99254,100,100644,100,99142,100,100713,100,99098,100
2019-06-28 10:05:59.922381175,100324,33,100185,233,100360,233,100162,333,100505,100,100085,200,100514,100,99960,100,100516,100,99841,100,100609,100,99799,100,100619,100,99742,100,100637,100,99254,100,100644,100,99142,100,100713,100,99098,100
2019-06-28 10:06:00.000000000,100360,233,100185,233,100505,233,100162,333,100514,100,100085,200,100516,100,99960,100,100609,100,99841,100,100619,100,99799,100,100637,100,99742,100,100644,100,99254,100,100713,100,99142,100,100721,100,99098,100
2019-06-28 10:06:08.550302915,100360,233,100324,100,100505,233,100185,233,100514,100,100162,333,100516,100,100085,200,100609,100,99841,100,100619,100,99799,100,100637,100,99742,100,100644,100,99254,100,100713,100,99142,100,100721,100,99098,100
2019-06-28 10:06:10.000000000,100360,153,100324,153,100505,153,100185,153,100514,153,100162,253,100516,153,100085,253,100609,153,99841,153,100619,100,99799,100,100637,100,99742,100,100644,100,99254,100,100713,100,99142,100,100721,100,99098,100
2019-06-28 10:06:10.065846330,100360,53,100324,153,100505,153,100185,153,100514,153,100162,253,100516,153,100085,253,100609,153,99841,153,100619,100,99799,100,100637,100,99742,100,100713,100,99254,100,100721,100,99142,100,100795,100,99098,100
2019-06-28 10:06:20.000000000,100505,233,100324,233,100514,233,100185,233,100516,100,100162,200,100609,100,100085,200,100619,100,99841,100,100637,100,99799,100,100713,100,99742,100,100721,100,99254,100,100795,100,99142,100,100807,100,99098,100
2019-06-28 10:06:30.000000000,100505,166,100324,166,100514,166,100185,166,100516,166,100162,266,100609,166,100085,266,100619,100,99841,100,100637,100,99799,100,100713,100,99742,100,100721,100,99254,100,100795,100,99142,100,100807,100,99098,100
2019-06-28 10:06:40.000000000,100505,190,100324,190,100514,188,100185,188,100516,188,100162,288,100609,100,100085,200,100619,100,99841,100,100637,100,99799,100,100713,100,99742,100,100721,100,99254,100,100795,100,99142,100,100807,100,99098,100
2019-06-28 10:06:50.000000000,100505,366,100324,366,100514,100,100185,100,100516,100,100162,200,100609,100,100085,200,100619,100,99841,100,100637,100,99799,100,100713,100,99742,100,100721,100,99254,100,100795,100,99142,100,100807,100,99098,100
2019-06-28 10:07:00.000000000,100505,190,100324,190,100514,188,100185,188,100516,188,100162,288,100609,100,100085,200,100619,100,99841,100,100637,100,99799,100,100713,100,99742,100,100721,100,99254,100,100795,100,99142,100,100807,100,99098,100
2019-06-28 10:07:05.072815711,100505,90,100324,190,100514,188,100185,188,100516,188,100162,288,100609,100,100085,200,100619,100,99841,100,100637,100,99799,100,100713,100,99742,100,100721,100,99254,100,100795,100,99142,100,100807,100,99098,100
2019-06-28 10:07:07.891373359,100505,90,100360,100,100514,188,100324,190,100516,188,100185,188,100609,100,100162,288,100619,100,100085,200,100637,100,99841,100,100713,100,99799,100,100721,100,99742,100,100795,100,99254,100,100807,100,99142,100
