,ask_price_1,ask_size_1,bid_price_1,bid_size_1,ask_price_2,ask_size_2,bid_price_2,bid_size_2,ask_price_3,ask_size_3,bid_price_3,bid_size_3,ask_price_4,ask_size_4,bid_price_4,bid_size_4,ask_price_5,ask_size_5,bid_price_5,bid_size_5,ask_price_6,ask_size_6,bid_price_6,bid_size_6,ask_price_7,ask_size_7,bid_price_7,bid_size_7,ask_price_8,ask_size_8,bid_price_8,bid_size_8,ask_price_9,ask_size_9,bid_price_9,bid_size_9,ask_price_10,ask_size_10,bid_price_10,bid_size_10
2019-06-28 09:30:00.000000001,,,99891,100,,,,,,,,,,,,,,,,,,,,,,,,,,,,,,,,,,,,
2019-06-28 09:30:00.000000002,100039,100,99891,100,,,,,,,,,,,,,,,,,,,,,,,,,,,,,,,,,,,,
2019-06-28 09:30:00.000000004,100037,100,99891,100,100039,100,,,,,,,,,,,,,,,,,,,,,,,,,,,,,,,,,,
2019-06-28 09:30:00.000000007,100037,100,99995,100,100039,100,99891,100,,,,,,,,,,,,,,,,,,,,,,,,,,,,,,,,
2019-06-28 09:30:00.000000008,99999,100,99995,100,100037,100,99939,100,100039,100,99891,100,,,,,,,,,,,,,,,,,,,,,,,,,,,,
2019-06-28 09:30:00.000000009,100037,100,99939,100,100039,100,99891,100,100083,100,,,,,,,,,,,,,,,,,,,,,,,,,,,,,,
2019-06-28 09:30:00.000000010,100037,100,99995,100,100039,100,99939,100,100083,100,99891,100,,,99814,100,,,,,,,,,,,,,,,,,,,,,,,,
2019-06-28 09:30:00.000000011,100037,100,99995,100,100039,100,99939,100,100083,100,99891,100,100158,100,99814,100,,,,,,,,,,,,,,,,,,,,,,,,
2019-06-28 09:30:00.000000013,100037,100,99995,100,100039,100,99939,100,100083,100,99891,100,100158,100,99854,100,,,99814,100,,,,,,,,,,,,,,,,,,,,
2019-06-28 09:30:00.000000016,100037,100,99995,100,100039,100,99939,100,100083,100,99891,100,100084,100,99854,100,100158,100,99814,100,,,,,,,,,,,,,,,,,,,,
2019-06-28 09:30:00.000000017,100037,100,99995,100,100039,100,99939,100,100083,100,99908,100,100084,100,99891,100,100158,100,99854,100,,,99814,100,,,,,,,,,,,,,,,,
2019-06-28 09:30:00.000000022,100037,100,99995,100,100039,100,99939,100,100065,100,99928,100,100083,100,99908,100,100084,100,99891,100,100158,100,99854,100,,,99814,100,,,,,,,,,,,,
2019-06-28 09:30:00.000000025,99995,100,99939,100,100001,100,99928,100,100037,100,99908,100,100039,100,99891,100,100065,100,99854,100,100083,100,99814,100,100084,100,,,100158,100,,,,,,,,,,
2019-06-28 09:30:00.000000026,99995,100,99939,100,100001,100,99928,100,100037,100,99908,100,100039,100,99891,100,100065,100,99854,100,100083,100,99814,100,100084,100,,,100158,100,,,100202,100,,,,,,
2019-06-28 09:30:00.000000027,99995,100,99941,100,100001,100,99939,100,100037,100,99928,100,100039,100,99908,100,100065,100,99891,100,100083,100,99854,100,100084,100,99814,100,100158,100,,,100202,100,,,,,,
2019-06-28 09:30:00.000000033,99995,100,99941,100,100001,100,99939,100,100037,100,99928,100,100039,100,99908,100,100065,100,99891,100,100083,100,99854,100,100084,100,99814,100,100121,100,,,100158,100,,,100202,100,,
2019-06-28 09:30:00.000000034,100001,100,99941,100,100037,100,99939,100,100039,100,99928,100,100065,100,99908,100,100083,100,99891,100,100084,100,99854,100,100121,100,99814,100,100134,100,,,100158,100,,,100202,100,,
2019-06-28 09:30:00.000000035,100037,100,99941,100,100039,100,99939,100,100065,100,99929,100,100083,100,99928,100,100084,100,99908,100,100121,100,99891,100,100134,100,99854,100,100158,100,99814,100,100202,100,,,,,,
2019-06-28 09:30:00.000000036,100037,100,99947,100,100039,100,99941,100,100065,100,99939,100,100083,100,99929,100,100084,100,99928,100,100121,100,99908,100,100134,100,99891,100,100158,100,99854,100,100202,100,99814,100,,,,
2019-06-28 09:30:00.000000037,100037,100,99947,100,100039,100,99941,100,100065,100,99939,100,100072,100,99929,100,100083,100,99928,100,100084,100,99908,100,100121,100,99891,100,100134,100,99854,100,100158,100,99814,100,100202,100,,
2019-06-28 09:30:00.000000040,100001,100,99947,100,100037,100,99941,100,100039,100,99939,100,100065,100,99929,100,100072,100,99928,200,100083,100,99908,100,100084,100,99891,100,100121,100,99854,100,100134,100,99814,100,100158,100,,
2019-06-28 09:30:00.000000045,100037,100,99947,100,100039,100,99941,100,100065,100,99939,100,100072,100,99929,100,100083,100,99928,200,100084,100,99908,100,100121,100,99891,100,100134,100,99854,100,100158,100,99814,100,100202,100,,
2019-06-28 09:30:00.000000047,100037,100,99947,100,100039,100,99946,100,100065,100,99941,100,100072,100,99939,100,100083,100,99929,100,100084,100,99928,200,100121,100,99908,100,100134,100,99891,100,100158,100,99854,100,100202,100,99814,100
2019-06-28 09:30:00.000000050,100037,100,100001,100,100039,100,99947,100,100065,100,99946,100,100072,100,99941,100,100083,100,99939,100,100084,100,99929,100,100121,100,99928,200,100134,100,99908,100,100158,100,99891,100,100202,100,99854,100
2019-06-28 09:30:00.000000052,100037,100,99947,100,100039,100,99946,100,100065,100,99941,100,100072,100,99939,100,100083,100,99929,100,100084,100,99928,200,100121,100,99908,100,100134,100,99891,100,100158,100,99854,100,100202,100,99814,100
2019-06-28 09:30:00.000000055,100037,100,99947,100,100039,100,99946,100,100065,100,99941,100,100072,100,99939,100,100083,100,99929,100,100084,100,99928,200,100115,100,99908,100,100121,100,99891,100,100134,100,99854,100,100158,100,99814,100
2019-06-28 09:30:00.000000058,100037,100,99947,100,100039,100,99946,100,100065,100,99941,100,100072,100,99939,100,100083,100,99929,100,100084,100,99928,200,100106,100,99908,100,100115,100,99891,100,100121,100,99854,100,100134,100,99838,100
2019-06-28 09:30:00.000000060,100015,100,99947,100,100037,100,99946,100,100039,100,99941,100,100065,100,99939,100,100072,100,99929,100,100083,100,99928,200,100084,100,99908,100,100106,100,99891,100,100115,100,99854,100,100121,100,99838,100
2019-06-28 09:30:00.000000067,100015,100,99997,100,100037,100,99947,100,100039,100,99946,100,100065,100,99941,100,100072,100,99939,100,100083,100,99929,100,100084,100,99928,200,100106,100,99918,100,100115,100,99908,100,100121,100,99891,100
2019-06-28 09:30:00.000000069,100015,100,99997,100,100037,100,99947,100,100039,100,99946,100,100065,100,99941,100,100072,100,99939,100,100083,100,99929,100,100084,100,99928,200,100106,100,99918,100,100115,100,99908,100,100121,100,99891,100
2019-06-28 09:30:00.000000071,100015,100,99997,100,100037,100,99947,100,100039,100,99946,100,100065,100,99941,100,100072,100,99939,100,100083,100,99929,100,100084,100,99928,200,100106,100,99918,100,100115,100,99908,100,100121,100,99891,100
2019-06-28 09:30:00.000000072,100015,100,99997,100,100037,100,99947,100,100039,100,99946,100,100065,100,99941,100,100072,100,99939,100,100083,100,99929,100,100084,100,99928,200,100106,100,99918,100,100115,100,99908,100,100121,100,99891,100
2019-06-28 09:30:00.000000073,100015,100,99997,100,100037,100,99947,100,100039,100,99946,100,100065,100,99941,100,100072,100,99939,100,100076,100,99929,100,100083,100,99928,200,100084,100,99918,100,100106,100,99908,100,100115,100,99891,100
2019-06-28 09:30:00.000000077,100015,100,99947,100,100037,100,99946,100,100039,100,99941,100,100065,100,99939,100,100072,100,99929,100,100076,100,99928,200,100083,100,99918,100,100084,100,99908,100,100106,100,99891,100,100115,100,99890,100
2019-06-28 09:30:00.000000078,100015,100,99947,100,100037,100,99946,100,100039,100,99941,100,100065,100,99939,100,100069,100,99929,100,100072,100,99928,200,100076,100,99918,100,100083,100,99908,100,100084,100,99891,100,100106,100,99890,100
2019-06-28 09:30:00.000000080,100015,100,99998,100,100037,100,99947,100,100039,100,99946,100,100065,100,99941,100,100069,100,99939,100,100072,100,99929,100,100076,100,99928,200,100083,100,99918,100,100084,100,99908,100,100106,100,99891,100
2019-06-28 09:30:00.000000081,100015,100,99998,100,100037,100,99976,100,100039,100,99947,100,100065,100,99946,100,100069,100,99941,100,100072,100,99939,100,100076,100,99929,100,100083,100,99928,200,100084,100,99918,100,100106,100,99908,100
2019-06-28 09:30:00.000000084,100015,100,99998,100,100037,100,99976,100,100039,100,99947,100,100065,100,99946,100,100069,100,99941,100,100072,100,99939,100,100076,100,99929,100,100083,100,99928,200,100084,100,99918,100,100106,100,99908,100
2019-06-28 09:30:00.000000086,100015,100,99998,100,100037,100,99991,100,100039,100,99976,100,100065,100,99947,100,100069,100,99946,100,100072,100,99941,100,100076,100,99939,100,100083,100,99929,100,100084,100,99928,200,100106,100,99918,100
2019-06-28 09:30:00.000000087,100015,100,99998,100,100037,100,99997,100,100039,100,99991,100,100065,100,99976,100,100069,100,99947,100,100072,100,99946,100,100076,100,99941,100,100083,100,99939,100,100084,100,99929,100,100106,100,99928,200
2019-06-28 09:30:00.000000088,100015,100,99998,100,100037,100,99997,100,100039,100,99991,100,100065,100,99976,100,100069,100,99947,100,100072,100,99946,100,100076,100,99941,100,100083,100,99939,100,100084,100,99929,100,100106,100,99928,200
2019-06-28 09:30:00.000000094,100004,100,99998,100,100037,100,99997,100,100039,100,99991,100,100065,100,99976,100,100069,100,99947,100,100072,100,99946,100,100076,100,99941,100,100083,100,99939,100,100084,100,99929,100,100106,100,99928,200
2019-06-28 09:30:00.000000095,100004,100,99998,100,100037,100,99997,100,100039,100,99991,100,100065,100,99976,100,100069,100,99957,100,100072,100,99947,100,100076,100,99946,100,100083,100,99941,100,100084,100,99939,100,100106,100,99929,100
2019-06-28 09:30:00.000000097,100004,100,99998,100,100037,100,99997,100,100039,100,99991,100,100065,100,99976,100,100069,100,99957,100,100072,100,99947,100,100076,100,99946,100,100083,100,99941,100,100084,100,99939,100,100096,100,99929,100
2019-06-28 09:30:00.000000098,100004,100,99998,100,100036,100,99997,100,100037,100,99991,100,100039,100,99976,100,100065,100,99957,100,100069,100,99947,100,100072,100,99946,100,100076,100,99941,100,100083,100,99940,100,100084,100,99939,100
2019-06-28 09:30:10.000000000,100004,224,99998,224,100036,224,99997,224,100037,224,99991,224,100039,224,99976,224,100065,100,99957,100,100069,100,99947,100,100072,100,99946,100,100076,100,99941,100,100083,100,99940,100,100084,100,99939,100
2019-06-28 09:30:20.000000000,100004,199,99998,199,100036,199,99997,199,100037,199,99991,199,100039,199,99976,199,100065,199,99957,199,100069,100,99947,100,100072,100,99946,100,100076,100,99941,100,100083,100,99940,100,100084,100,99939,100
2019-06-28 09:30:27.111253938,100004,199,99999,100,100036,199,99998,199,100037,199,99997,199,100039,199,99991,199,100065,199,99976,199,100069,100,99957,199,100072,100,99947,100,100076,100,99946,100,100083,100,99941,100,100084,100,99940,100
2019-06-28 09:30:30.000000000,100004,347,99999,347,100036,347,99998,347,100037,100,99997,100,100039,100,99991,100,100065,100,99976,100,100069,100,99957,100,100072,100,99947,100,100076,100,99946,100,100083,100,99941,100,100084,100,99940,100
2019-06-28 09:30:40.000000000,100004,594,99999,594,100036,100,99998,100,100037,100,99997,100,100039,100,99991,100,100065,100,99976,100,100069,100,99957,100,100072,100,99947,100,100076,100,99946,100,100083,100,99941,100,100084,100,99940,100
2019-06-28 09:30:48.815960462,100004,594,99999,494,100036,100,99998,100,100037,100,99997,100,100065,100,99991,100,100069,100,99976,100,100072,100,99957,100,100076,100,99947,100,100083,100,99946,100,100084,100,99941,100,100096,100,99940,100
2019-06-28 09:30:50.000000000,100004,224,99998,224,100036,224,99997,224,100037,224,99991,224,100065,224,99976,224,100069,100,99957,100,100072,100,99947,100,100076,100,99946,100,100083,100,99941,100,100084,100,99940,100,100096,100,99939,100
2019-06-28 09:30:52.294567568,100004,224,100002,100,100036,224,99998,224,100037,224,99997,224,100065,224,99991,224,100069,100,99976,224,100072,100,99957,100,100076,100,99947,100,100083,100,99946,100,100084,100,99941,100,100096,100,99940,100
2019-06-28 09:30:52.917372507,100004,124,100002,100,100036,224,99998,224,100037,224,99997,224,100065,224,99991,224,100069,100,99976,224,100072,100,99957,100,100076,100,99947,100,100083,100,99946,100,100084,100,99941,100,100096,100,99940,100
2019-06-28 09:31:00.000000000,100036,268,100002,268,100037,263,99998,263,100065,263,99997,263,100069,100,99991,100,100072,100,99976,100,100076,100,99957,100,100083,100,99947,100,100084,100,99946,100,100096,100,99941,100,100106,100,99940,100
2019-06-28 09:31:10.000000000,100036,199,100002,199,100037,199,99998,199,100065,199,99997,199,100069,199,99991,199,100072,199,99976,199,100076,100,99957,100,100083,100,99947,100,100084,100,99946,100,100096,100,99941,100,100106,100,99940,100
2019-06-28 09:31:11.567751078,100036,99,100002,199,100037,199,99998,199,100065,199,99997,199,100069,199,99991,199,100072,199,99976,199,100076,100,99957,100,100083,100,99947,100,100084,100,99946,100,100096,100,99941,100,100106,100,99940,100
2019-06-28 09:31:15.617207901,100037,199,100036,1,100065,199,100002,199,100069,199,99998,199,100072,199,99997,199,100076,100,99991,199,100083,100,99976,199,100084,100,99957,100,100096,100,99947,100,100106,100,99946,100,100115,100,99941,100
2019-06-28 09:31:17.189986828,100037,199,100036,101,100065,199,100002,199,100069,199,99998,199,100072,199,99997,199,100076,100,99991,199,100083,100,99976,199,100084,100,99957,100,100096,100,99947,100,100106,100,99946,100,100115,100,99941,100
2019-06-28 09:31:19.971014182,100037,199,100036,101,100065,199,100002,199,100069,199,99998,199,100072,199,99997,199,100076,100,99991,199,100083,100,99976,199,100084,100,99957,100,100096,100,99947,100,100106,100,99946,100,100115,100,99941,100
2019-06-28 09:31:19.995636550,100037,99,100036,101,100065,199,100002,199,100069,199,99998,199,100072,199,99997,199,100076,100,99991,199,100083,100,99976,199,100084,100,99957,100,100096,100,99947,100,100106,100,99941,100,100115,100,99940,100
2019-06-28 09:31:20.000000000,100065,594,100036,595,100069,100,100002,100,100072,100,99998,100,100076,100,99997,100,100083,100,99991,100,100084,100,99976,100,100096,100,99957,100,100106,100,99947,100,100115,100,99941,100,100121,100,99940,100
2019-06-28 09:31:30.000000000,100065,347,100036,348,100069,347,100002,347,100072,100,99998,100,100076,100,99997,100,100083,100,99991,100,100084,100,99976,100,100096,100,99957,100,100106,100,99947,100,100115,100,99941,100,100121,100,99940,100
2019-06-28 09:31:40.000000000,100065,268,100036,269,100069,263,100002,263,100072,263,99998,263,100076,100,99997,100,100083,100,99991,100,100084,100,99976,100,100096,100,99957,100,100106,100,99947,100,100115,100,99941,100,100121,100,99940,100
2019-06-28 09:31:40.175727374,100065,268,100037,100,100069,263,100036,269,100072,263,100002,263,100076,100,99998,263,100083,100,99997,100,100084,100,99991,100,100096,100,99976,100,100106,100,99957,100,100115,100,99947,100,100121,100,99941,100
2019-06-28 09:31:50.000000000,100065,268,100037,268,100069,263,100036,264,100072,263,100002,263,100076,100,99998,100,100083,100,99997,100,100084,100,99991,100,100096,100,99976,100,100106,100,99957,100,100115,100,99947,100,100121,100,99941,100
2019-06-28 09:32:00.000000000,100065,594,100037,594,100069,100,100036,101,100072,100,100002,100,100076,100,99998,100,100083,100,99997,100,100084,100,99991,100,100096,100,99976,100,100106,100,99957,100,100115,100,99947,100,100121,100,99941,100
2019-06-28 09:32:02.420677033,100065,494,100037,594,100069,100,100036,101,100072,100,100002,100,100076,100,99998,100,100083,100,99997,100,100084,100,99991,100,100096,100,99976,100,100106,100,99957,100,100115,100,99947,100,100121,100,99941,100
2019-06-28 09:32:09.549001976,100065,494,100037,594,100069,100,100036,101,100072,100,100002,100,100076,100,99998,100,100083,100,99997,100,100084,100,99991,100,100096,100,99976,100,100106,100,99957,100,100115,100,99947,100,100121,100,99941,100
2019-06-28 09:32:10.000000000,100069,224,100037,224,100072,224,100036,225,100076,224,100002,224,100083,224,99998,224,100084,100,99997,100,100096,100,99991,100,100106,100,99976,100,100115,100,99957,100,100121,100,99947,100,100139,100,99941,100
2019-06-28 09:32:20.000000000,100069,594,100037,594,100072,100,100036,101,100076,100,100002,100,100083,100,99998,100,100084,100,99997,100,100096,100,99991,100,100106,100,99976,100,100115,100,99957,100,100121,100,99947,100,100139,100,99941,100
2019-06-28 09:32:30.000000000,100069,594,100037,594,100072,100,100036,101,100076,100,100002,100,100083,100,99998,100,100084,100,99997,100,100096,100,99991,100,100106,100,99976,100,100115,100,99957,100,100121,100,99947,100,100139,100,99941,100
2019-06-28 09:32:40.000000000,100069,594,100037,594,100072,100,100036,101,100076,100,100002,100,100083,100,99998,100,100084,100,99997,100,100096,100,99991,100,100106,100,99976,100,100115,100,99957,100,100121,100,99947,100,100139,100,99941,100
2019-06-28 09:32:43.113149753,100069,594,100038,100,100072,100,100037,594,100076,100,100036,101,100083,100,100002,100,100084,100,99998,100,100096,100,99997,100,100106,100,99991,100,100115,100,99976,100,100121,100,99957,100,100139,100,99947,100
2019-06-28 09:32:46.069850740,100069,494,100038,100,100072,100,100037,594,100076,100,100036,101,100083,100,100002,100,100084,100,99998,100,100096,100,99997,100,100106,100,99991,100,100115,100,99976,100,100121,100,99957,100,100139,100,99947,100
2019-06-28 09:32:50.000000000,100072,594,100038,594,100076,100,100037,100,100083,100,100036,101,100084,100,100002,100,100096,100,99998,100,100106,100,99997,100,100115,100,99991,100,100121,100,99976,100,100139,100,99957,100,100158,100,99947,100
2019-06-28 09:32:59.819305279,100072,594,100038,594,100076,100,100037,100,100083,100,100036,101,100084,100,100002,100,100096,100,99998,100,100106,100,99997,100,100115,100,99991,100,100121,100,99976,100,100139,100,99957,100,100158,100,99947,100
2019-06-28 09:33:00.000000000,100072,347,100038,347,100076,347,100037,347,100083,100,100036,101,100084,100,100002,100,100096,100,99998,100,100106,100,99997,100,100115,100,99991,100,100121,100,99976,100,100139,100,99957,100,100158,100,99947,100
2019-06-28 09:33:10.000000000,100072,268,100038,268,100076,263,100037,263,100083,263,100036,264,100084,100,100002,100,100096,100,99998,100,100106,100,99997,100,100115,100,99991,100,100121,100,99976,100,100139,100,99957,100,100158,100,99947,100
2019-06-28 09:33:17.421998227,100072,268,100065,100,100076,263,100038,268,100083,263,100037,263,100084,100,100036,264,100096,100,100002,100,100106,100,99998,100,100115,100,99997,100,100121,100,99991,100,100139,100,99976,100,100158,100,99957,100
2019-06-28 09:33:18.325122049,100072,168,100065,100,100076,263,100038,268,100083,263,100037,263,100084,100,100036,264,100096,100,100002,100,100106,100,99998,100,100115,100,99997,100,100121,100,99991,100,100139,100,99976,100,100158,100,99957,100
2019-06-28 09:33:20.000000000,100076,224,100065,224,100083,224,100038,224,100084,224,100037,224,100096,224,100036,225,100106,100,100002,100,100115,100,99998,100,100121,100,99997,100,100139,100,99991,100,100158,100,99976,100,100212,100,99957,100
2019-06-28 09:33:21.471788827,100076,224,100065,224,100083,224,100038,224,100084,224,100037,224,100096,224,100036,225,100106,100,100002,100,100115,100,99998,100,100121,100,99997,100,100139,100,99991,100,100158,100,99976,100,100212,100,99957,100
2019-06-28 09:33:22.636947234,100076,124,100065,224,100083,224,100038,224,100084,224,100037,224,100096,224,100036,225,100106,100,100002,100,100115,100,99998,100,100121,100,99997,100,100139,100,99991,100,100158,100,99976,100,100212,100,99957,100
2019-06-28 09:33:30.000000000,100083,199,100065,199,100084,199,100038,199,100096,199,100037,199,100106,199,100036,200,100115,199,100002,199,100121,100,99998,100,100139,100,99997,100,100158,100,99991,100,100212,100,99976,100,100549,100,99957,100
2019-06-28 09:33:40.000000000,100083,268,100065,268,100084,263,100038,263,100096,263,100037,263,100106,100,100036,101,100115,100,100002,100,100121,100,99998,100,100139,100,99997,100,100158,100,99991,100,100212,100,99976,100,100549,100,99957,100
2019-06-28 09:33:50.000000000,100083,347,100065,347,100084,347,100038,347,100096,100,100037,100,100106,100,100036,101,100115,100,100002,100,100121,100,99998,100,100139,100,99997,100,100158,100,99991,100,100212,100,99976,100,100549,100,99957,100
2019-06-28 09:33:53.192670750,100083,247,100065,347,100084,347,100038,347,100096,100,100037,100,100106,100,100036,101,100115,100,100002,100,100121,100,99998,100,100139,100,99997,100,100158,100,99991,100,100212,100,99976,100,100549,100,99957,100
2019-06-28 09:34:00.000000000,100084,199,100065,199,100096,199,100038,199,100106,199,100037,199,100115,199,100036,200,100121,199,100002,199,100139,100,99998,100,100158,100,99997,100,100212,100,99991,100,100549,100,99976,100,100671,100,99957,100
2019-06-28 09:34:10.000000000,100084,224,100065,224,100096,224,100038,224,100106,224,100037,224,100115,224,100036,225,100121,100,100002,100,100139,100,99998,100,100158,100,99997,100,100212,100,99991,100,100549,100,99976,100,100671,100,99957,100
2019-06-28 09:34:19.432560328,100084,124,100065,224,100096,224,100038,224,100106,224,100037,224,100115,224,100036,225,100121,100,100002,100,100139,100,99998,100,100158,100,99997,100,100212,100,99991,100,100549,100,99976,100,100671,100,99957,100
2019-06-28 09:34:20.000000000,100096,347,100065,347,100106,347,100038,347,100115,100,100037,100,100121,100,100036,101,100139,100,100002,100,100158,100,99998,100,100212,100,99997,100,100549,100,99991,100,100671,100,99976,100,,,99957,100
2019-06-28 09:34:20.624638717,100096,347,100065,347,100106,347,100038,347,100115,100,100037,100,100121,100,100036,101,100139,100,100002,100,100158,100,99998,100,100212,100,99997,100,100410,100,99991,100,100549,100,99976,100,100671,100,99957,100
2019-06-28 09:34:30.000000000,100096,347,100065,347,100106,347,100038,347,100115,100,100037,100,100121,100,100036,101,100139,100,100002,100,100158,100,99998,100,100212,100,99997,100,100410,100,99991,100,100549,100,99976,100,100671,100,99957,100
2019-06-28 09:34:40.000000000,100096,594,100065,594,100106,100,100038,100,100115,100,100037,100,100121,100,100036,101,100139,100,100002,100,100158,100,99998,100,100212,100,99997,100,100410,100,99991,100,100549,100,99976,100,100671,100,99957,100
2019-06-28 09:34:50.000000000,100096,199,100065,199,100106,199,100038,199,100115,199,100037,199,100121,199,100036,200,100139,199,100002,199,100158,100,99998,100,100212,100,99997,100,100410,100,99991,100,100549,100,99976,100,100671,100,99957,100
2019-06-28 09:35:00.000000000,100096,268,100065,268,100106,263,100038,263,100115,263,100037,263,100121,100,100036,101,100139,100,100002,100,100158,100,99998,100,100212,100,99997,100,100410,100,99991,100,100549,100,99976,100,100671,100,99957,100
2019-06-28 09:35:07.749425011,100096,268,100083,100,100106,263,100065,268,100115,263,100038,263,100121,100,100037,263,100139,100,100036,101,100158,100,100002,100,100212,100,99998,100,100410,100,99991,100,100549,100,99976,100,100671,100,99957,100
2019-06-28 09:35:10.000000000,100096,594,100083,594,100106,100,100065,100,100115,100,100038,100,100121,100,100037,100,100139,100,100036,101,100158,100,100002,100,100212,100,99998,100,100410,100,99991,100,100549,100,99976,100,100671,100,99957,100
2019-06-28 09:35:20.000000000,100096,199,100083,199,100106,199,100065,199,100115,199,100038,199,100121,199,100037,199,100139,199,100036,200,100158,100,100002,100,100212,100,99998,100,100410,100,99991,100,100549,100,99976,100,100671,100,99957,100
2019-06-28 09:35:29.985043151,100096,99,100083,199,100106,199,100065,199,100115,199,100038,199,100121,99,100037,199,100139,199,100036,200,100158,100,100002,100,100212,100,99998,100,100410,100,99991,100,100549,100,99976,100,100671,100,99957,100
2019-06-28 09:35:30.000000000,100106,347,100083,347,100115,347,100065,347,100139,100,100038,100,100158,100,100037,100,100212,100,100036,101,100410,100,100002,100,100549,100,99998,100,100671,100,99991,100,,,99976,100,,,99957,100
2019-06-28 09:35:35.712289149,100106,347,100083,347,100115,347,100065,347,100139,100,100038,100,100158,100,100037,100,100212,100,100036,101,100410,100,100002,100,100549,100,99998,100,100671,100,99991,100,101307,100,99976,100,,,99957,100
2019-06-28 09:35:40.000000000,100106,594,100083,594,100115,100,100065,100,100139,100,100038,100,100158,100,100037,100,100212,100,100036,101,100410,100,100002,100,100549,100,99998,100,100671,100,99991,100,101307,100,99976,100,,,99957,100
2019-06-28 09:35:49.963269212,100106,494,100083,594,100115,100,100065,100,100139,100,100038,100,100158,100,100037,100,100212,100,100036,101,100410,100,100002,100,100549,100,99998,100,100671,100,99991,100,101307,100,99976,100,,,99957,100
2019-06-28 09:35:50.000000000,100115,224,100083,224,100139,224,100065,224,100158,224,100038,224,100212,224,100037,224,100410,100,100036,101,100549,100,100002,100,100671,100,99998,100,101307,100,99991,100,,,99976,100,,,99957,100
2019-06-28 09:35:54.331052735,100115,224,100083,224,100139,224,100065,224,100158,224,100038,224,100212,224,100037,124,100410,100,100036,101,100549,100,100002,100,100671,100,99998,100,101307,100,99991,100,,,99976,100,,,99957,100
2019-06-28 09:35:58.028944061,100115,224,100096,100,100139,224,100083,224,100158,224,100065,224,100212,224,100038,224,100410,100,100037,124,100549,100,100036,101,100671,100,100002,100,101307,100,99998,100,,,99991,100,,,99976,100
2019-06-28 09:36:00.000000000,100115,594,100096,594,100139,100,100083,100,100158,100,100065,100,100212,100,100038,100,100410,100,100036,101,100549,100,100002,100,100671,100,99998,100,101307,100,99991,100,,,99976,100,,,99957,100
2019-06-28 09:36:10.000000000,100115,268,100096,268,100139,263,100083,263,100158,263,100065,263,100212,100,100038,100,100410,100,100036,101,100549,100,100002,100,100671,100,99998,100,101307,100,99991,100,,,99976,100,,,99957,100
2019-06-28 09:36:13.923316156,100115,268,100096,268,100139,263,100083,263,100158,263,100065,263,100212,100,100038,100,100410,100,100036,101,100549,100,100002,100,100671,100,99998,100,101222,100,99991,100,101307,100,99976,100,,,99957,100
2019-06-28 09:36:20.000000000,100115,199,100096,199,100139,199,100083,199,100158,199,100065,199,100212,199,100038,199,100410,199,100036,200,100549,100,100002,100,100671,100,99998,100,101222,100,99991,100,101307,100,99976,100,,,99957,100
2019-06-28 09:36:28.590355068,100115,99,100096,199,100139,199,100083,199,100158,199,100065,199,100212,199,100038,199,100410,199,100036,200,100549,100,100002,100,100671,100,99998,100,101222,100,99991,100,101307,100,99976,100,,,99957,100
2019-06-28 09:36:30.000000000,100139,224,100096,224,100158,224,100083,224,100212,224,100065,224,100410,224,100038,224,100549,100,100036,101,100671,100,100002,100,101222,100,99998,100,101307,100,99991,100,,,99976,100,,,99957,100
2019-06-28 09:36:33.279058531,100139,224,100106,100,100158,224,100096,224,100212,224,100083,224,100410,224,100065,224,100549,100,100038,224,100671,100,100036,101,101222,100,100002,100,101307,100,99998,100,,,99991,100,,,99976,100
2019-06-28 09:36:40.000000000,100139,594,100106,594,100158,100,100096,100,100212,100,100083,100,100410,100,100065,100,100549,100,100038,100,100671,100,100036,101,101222,100,100002,100,101307,100,99998,100,,,99991,100,,,99976,100
2019-06-28 09:36:50.000000000,100139,594,100106,594,100158,100,100096,100,100212,100,100083,100,100410,100,100065,100,100549,100,100038,100,100671,100,100036,101,101222,100,100002,100,101307,100,99998,100,,,99991,100,,,99976,100
2019-06-28 09:37:00.000000000,100139,199,100106,199,100158,199,100096,199,100212,199,100083,199,100410,199,100065,199,100549,199,100038,199,100671,100,100036,101,101222,100,100002,100,101307,100,99998,100,,,99991,100,,,99976,100
2019-06-28 09:37:09.609081589,100158,199,100139,1,100212,199,100106,199,100410,199,100096,199,100549,199,100083,199,100671,100,100065,199,101222,100,100038,199,101307,100,100036,101,,,100002,100,,,99998,100,,,99991,100
2019-06-28 09:37:10.000000000,100158,224,100139,125,100212,224,100106,224,100410,224,100096,224,100549,224,100083,224,100671,100,100065,100,101222,100,100038,100,101307,100,100036,101,,,100002,100,,,99998,100,,,99991,100
2019-06-28 09:37:20.000000000,100158,268,100139,169,100212,263,100106,263,100410,263,100096,263,100549,100,100083,100,100671,100,100065,100,101222,100,100038,100,101307,100,100036,101,,,100002,100,,,99998,100,,,99991,100
2019-06-28 09:37:30.000000000,100158,199,100139,100,100212,199,100106,199,100410,199,100096,199,100549,199,100083,199,100671,199,100065,199,101222,100,100038,100,101307,100,100036,101,,,100002,100,,,99998,100,,,99991,100
2019-06-28 09:37:40.000000000,100158,347,100139,248,100212,347,100106,347,100410,100,100096,100,100549,100,100083,100,100671,100,100065,100,101222,100,100038,100,101307,100,100036,101,,,100002,100,,,99998,100,,,99991,100
2019-06-28 09:37:42.950492375,100158,347,100139,248,100212,347,100115,100,100410,100,100106,347,100549,100,100096,100,100671,100,100083,100,101222,100,100065,100,101307,100,100038,100,,,100036,101,,,100002,100,,,99998,100
2019-06-28 09:37:50.000000000,100158,224,100139,125,100212,224,100115,224,100410,224,100106,224,100549,224,100096,224,100671,100,100083,100,101222,100,100065,100,101307,100,100038,100,,,100036,101,,,100002,100,,,99998,100
2019-06-28 09:37:51.001710721,100158,224,100139,125,100212,224,100115,224,100410,224,100106,224,100549,224,100096,224,100671,100,100083,100,101222,100,100065,100,101307,100,100038,100,101552,100,100036,101,,,100002,100,,,99991,100
2019-06-28 09:37:57.209634683,100158,124,100139,125,100212,224,100115,224,100410,224,100106,224,100549,224,100096,224,100671,100,100083,100,101222,100,100065,100,101307,100,100038,100,101552,100,100036,101,,,100002,100,,,99991,100
2019-06-28 09:38:00.000000000,100212,224,100139,125,100410,224,100115,224,100549,224,100106,224,100671,224,100096,224,101222,100,100083,100,101307,100,100065,100,101552,100,100038,100,,,100036,101,,,100002,100,,,99991,100
2019-06-28 09:38:04.946060509,100212,124,100139,125,100410,224,100115,224,100549,224,100106,224,100671,224,100096,224,101222,100,100083,100,101307,100,100065,100,101552,100,100038,100,,,100036,101,,,100002,100,,,99991,100
2019-06-28 09:38:05.670246968,100212,124,100139,125,100410,124,100115,224,100549,224,100106,224,100671,224,100096,224,101222,100,100083,100,101307,100,100065,100,101471,100,100038,100,101552,100,100036,101,,,100002,100,,,99991,100
2019-06-28 09:38:10.000000000,100549,268,100139,169,100671,263,100115,263,101222,263,100106,263,101307,100,100096,100,101471,100,100083,100,101552,100,100065,100,,,100038,100,,,100036,101,,,100002,100,,,99991,100
2019-06-28 09:38:20.000000000,100549,268,100139,169,100671,263,100115,263,101222,263,100106,263,101307,100,100096,100,101471,100,100083,100,101552,100,100065,100,,,100038,100,,,100036,101,,,100002,100,,,99991,100
2019-06-28 09:38:30.000000000,100549,594,100139,495,100671,100,100115,100,101222,100,100106,100,101307,100,100096,100,101471,100,100083,100,101552,100,100065,100,,,100038,100,,,100036,101,,,100002,100,,,99991,100
2019-06-28 09:38:40.000000000,100549,199,100139,100,100671,199,100115,199,101222,199,100106,199,101307,199,100096,199,101471,199,100083,199,101552,100,100065,100,,,100038,100,,,100036,101,,,100002,100,,,99991,100
2019-06-28 09:38:46.461966091,100549,199,100139,100,100671,199,100115,199,101222,199,100106,199,101307,199,100096,199,101471,199,100083,199,101552,100,100065,100,101855,100,100038,100,,,100036,101,,,100002,100,,,99991,100
2019-06-28 09:38:50.000000000,100549,347,100139,248,100671,347,100115,347,101222,100,100106,100,101307,100,100096,100,101471,100,100083,100,101552,100,100065,100,101855,100,100038,100,,,100036,101,,,100002,100,,,99991,100
2019-06-28 09:38:57.672894902,100549,247,100139,248,100671,347,100115,347,101222,100,100106,100,101307,100,100096,100,101471,100,100083,100,101552,100,100065,100,101855,100,100038,100,,,100036,101,,,100002,100,,,99991,100
2019-06-28 09:39:00.000000000,100671,224,100139,125,101222,224,100115,224,101307,224,100106,224,101471,224,100096,224,101552,100,100083,100,101855,100,100065,100,,,100038,100,,,100036,101,,,100002,100,,,99991,100
2019-06-28 09:39:10.000000000,100671,347,100139,248,101222,347,100115,347,101307,100,100106,100,101471,100,100096,100,101552,100,100083,100,101855,100,100065,100,,,100038,100,,,100036,101,,,100002,100,,,99991,100
2019-06-28 09:39:20.000000000,100671,268,100139,169,101222,263,100115,263,101307,263,100106,263,101471,100,100096,100,101552,100,100083,100,101855,100,100065,100,,,100038,100,,,100036,101,,,100002,100,,,99991,100
2019-06-28 09:39:30.000000000,100671,199,100139,100,101222,199,100115,199,101307,199,100106,199,101471,199,100096,199,101552,199,100083,199,101855,100,100065,100,,,100038,100,,,100036,101,,,100002,100,,,99991,100
2019-06-28 09:39:40.000000000,100671,268,100139,169,101222,263,100115,263,101307,263,100106,263,101471,100,100096,100,101552,100,100083,100,101855,100,100065,100,,,100038,100,,,100036,101,,,100002,100,,,99991,100
2019-06-28 09:39:42.947374929,100671,168,100139,169,101222,263,100115,263,101307,263,100106,263,101471,100,100096,100,101552,100,100083,100,101855,100,100065,100,,,100038,100,,,100036,101,,,100002,100,,,99991,100
2019-06-28 09:39:50.000000000,101222,594,100139,495,101307,100,100115,100,101471,100,100106,100,101552,100,100096,100,101855,100,100083,100,,,100065,100,,,100038,100,,,100036,101,,,100002,100,,,99991,100
2019-06-28 09:40:00.000000000,101222,199,100139,100,101307,199,100115,199,101471,199,100106,199,101552,199,100096,199,101855,199,100083,199,,,100065,100,,,100038,100,,,100036,101,,,100002,100,,,99991,100
2019-06-28 09:40:05.783921889,101222,199,100139,100,101307,199,100115,199,101471,199,100106,199,101552,199,100096,199,101855,199,100083,199,101969,100,100065,100,,,100038,100,,,100036,101,,,100002,100,,,99991,100
2019-06-28 09:40:10.000000000,101222,268,100139,169,101307,263,100115,263,101471,263,100106,263,101552,100,100096,100,101855,100,100083,100,101969,100,100065,100,,,100038,100,,,100036,101,,,100002,100,,,99991,100
2019-06-28 09:40:20.000000000,101222,224,100139,125,101307,224,100115,224,101471,224,100106,224,101552,224,100096,224,101855,100,100083,100,101969,100,100065,100,,,100038,100,,,100036,101,,,100002,100,,,99991,100
2019-06-28 09:40:30.000000000,101222,224,100139,125,101307,224,100115,224,101471,224,100106,224,101552,224,100096,224,101855,100,100083,100,101969,100,100065,100,,,100038,100,,,100036,101,,,100002,100,,,99991,100
2019-06-28 09:40:32.127517418,101222,124,100139,125,101307,224,100115,224,101471,224,100106,224,101552,224,100096,224,101855,100,100083,100,101969,100,100065,100,102309,100,100038,100,,,100036,101,,,100002,100,,,99991,100
2019-06-28 09:40:38.235831797,101222,24,100139,125,101307,224,100115,224,101471,224,100106,224,101552,124,100096,224,101855,100,100083,100,101969,100,100065,100,102309,100,100038,100,,,100036,101,,,100002,100,,,99991,100
2019-06-28 09:40:40.000000000,101307,199,100139,100,101471,199,100115,199,101855,199,100106,199,101969,199,100096,199,102309,199,100083,199,,,100065,100,,,100038,100,,,100036,101,,,100002,100,,,99991,100
2019-06-28 09:40:49.527546833,101307,99,100139,100,101471,199,100115,199,101855,199,100106,199,101969,199,100096,199,102309,199,100083,199,,,100065,100,,,100038,100,,,100036,101,,,100002,100,,,99991,100
2019-06-28 09:40:50.000000000,101471,594,100139,495,101855,100,100115,100,101969,100,100106,100,102309,100,100096,100,,,100083,100,,,100065,100,,,100038,100,,,100036,101,,,100002,100,,,99991,100
2019-06-28 09:40:52.181751982,101471,594,100139,495,101855,100,100115,100,101969,100,100106,100,102066,100,100096,100,102309,100,100083,100,,,100065,100,,,100038,100,,,100036,101,,,100002,100,,,99991,100
2019-06-28 09:41:00.000000000,101471,224,100139,125,101855,224,100115,224,101969,224,100106,224,102066,224,100096,224,102309,100,100083,100,,,100065,100,,,100038,100,,,100036,101,,,100002,100,,,99991,100
2019-06-28 09:41:01.167672776,101471,124,100139,125,101855,224,100115,224,101969,224,100106,224,102066,224,100096,224,102309,100,100083,100,,,100065,100,,,100038,100,,,100036,101,,,100002,100,,,99991,100
2019-06-28 09:41:10.000000000,101855,594,100139,495,101969,100,100115,100,102066,100,100106,100,102309,100,100096,100,,,100083,100,,,100065,100,,,100038,100,,,100036,101,,,100002,100,,,99991,100
2019-06-28 09:41:12.598840460,101855,594,100139,495,101969,100,100115,100,102066,100,100106,100,102309,100,100096,100,102323,100,100083,100,,,100065,100,,,100038,100,,,100036,101,,,100002,100,,,99991,100
2019-06-28 09:41:20.000000000,101855,268,100139,169,101969,263,100115,263,102066,263,100106,263,102309,100,100096,100,102323,100,100083,100,,,100065,100,,,100038,100,,,100036,101,,,100002,100,,,99991,100
2019-06-28 09:41:30.000000000,101855,224,100139,125,101969,224,100115,224,102066,224,100106,224,102309,224,100096,224,102323,100,100083,100,,,100065,100,,,100038,100,,,100036,101,,,100002,100,,,99991,100
2019-06-28 09:41:33.580213740,101855,224,101307,100,101969,224,100139,125,102066,224,100115,224,102309,224,100106,124,102323,100,100096,224,,,100083,100,,,100065,100,,,100038,100,,,100036,101,,,100002,100
2019-06-28 09:41:37.273129425,101855,124,101307,100,101969,224,100139,125,102066,224,100115,224,102309,224,100106,124,102323,100,100096,224,,,100083,100,,,100065,100,,,100038,100,,,100036,101,,,100002,100
2019-06-28 09:41:40.000000000,101969,224,101307,224,102066,224,100139,125,102309,224,100115,224,102323,224,100096,224,,,100083,100,,,100065,100,,,100038,100,,,100036,101,,,100002,100,,,99991,100
2019-06-28 09:41:50.000000000,101969,224,101307,224,102066,224,100139,125,102309,224,100115,224,102323,224,100096,224,,,100083,100,,,100065,100,,,100038,100,,,100036,101,,,100002,100,,,99991,100
2019-06-28 09:42:00.000000000,101969,224,101307,224,102066,224,100139,125,102309,224,100115,224,102323,224,100096,224,,,100083,100,,,100065,100,,,100038,100,,,100036,101,,,100002,100,,,99991,100
2019-06-28 09:42:10.000000000,101969,268,101307,268,102066,263,100139,164,102309,263,100115,263,102323,100,100096,100,,,100083,100,,,100065,100,,,100038,100,,,100036,101,,,100002,100,,,99991,100
2019-06-28 09:42:20.000000000,101969,199,101307,199,102066,199,100139,100,102309,199,100115,199,102323,199,100096,199,102324,99,100083,199,,,100065,100,,,100038,100,,,100036,101,,,100002,100,,,99991,100
2019-06-28 09:42:28.676192039,101969,199,101471,100,102066,199,101307,199,102309,199,100139,100,102323,199,100115,199,102324,99,100096,199,,,100083,199,,,100065,100,,,100038,100,,,100036,101,,,100002,100
2019-06-28 09:42:30.000000000,101969,268,101471,268,102066,263,101307,263,102309,263,100139,164,102323,100,100115,100,,,100096,100,,,100083,100,,,100065,100,,,100038,100,,,100036,101,,,100002,100
2019-06-28 09:42:31.255263643,101969,68,101471,268,102066,263,101307,263,102309,263,100139,164,102323,100,100115,100,,,100096,100,,,100083,100,,,100065,100,,,100038,100,,,100036,101,,,100002,100
2019-06-28 09:42:31.935139212,101833,100,101471,268,101969,68,101307,263,102066,263,100139,164,102309,263,100115,100,102323,100,100096,100,,,100083,100,,,100065,100,,,100038,100,,,100036,101,,,100002,100
2019-06-28 09:42:33.036793856,101969,68,101471,268,102066,263,101307,263,102309,263,100139,164,102323,100,100115,100,,,100096,100,,,100083,100,,,100065,100,,,100038,100,,,100036,101,,,100002,100
2019-06-28 09:42:36.299649907,101969,68,101833,100,102066,263,101471,268,102309,263,101307,263,102323,100,100139,164,,,100115,100,,,100096,100,,,100083,100,,,100065,100,,,100038,100,,,100036,101
2019-06-28 09:42:40.000000000,102066,347,101833,347,102309,347,101471,347,102323,100,101307,100,,,100139,1,,,100115,100,,,100096,100,,,100083,100,,,100065,100,,,100038,100,,,100036,101
2019-06-28 09:42:46.707507409,102065,100,101833,347,102066,347,101471,347,102309,347,101307,100,102323,100,100139,1,,,100115,100,,,100096,100,,,100083,100,,,100065,100,,,100038,100,,,100036,101
2019-06-28 09:42:50.000000000,102065,347,101833,347,102066,347,101471,347,102309,100,101307,100,102323,100,100139,1,,,100115,100,,,100096,100,,,100083,100,,,100065,100,,,100038,100,,,100036,101
2019-06-28 09:43:00.000000000,102065,268,101833,268,102066,263,101471,263,102309,263,101307,263,102323,100,100139,1,,,100115,100,,,100096,100,,,100083,100,,,100065,100,,,100038,100,,,100036,101
2019-06-28 09:43:10.000000000,102065,224,101833,224,102066,224,101471,224,102309,224,101307,224,102323,224,100139,125,,,100115,100,,,100096,100,,,100083,100,,,100065,100,,,100038,100,,,100036,101
2019-06-28 09:43:13.347184085,102065,224,101942,100,102066,224,101833,224,102309,224,101471,224,102323,224,101307,224,,,100139,124,,,100115,100,,,100096,100,,,100083,100,,,100065,100,,,100038,100
2019-06-28 09:43:15.041129740,102065,224,102053,100,102066,224,101942,100,102309,224,101833,224,102323,224,101471,224,,,101307,224,,,100139,124,,,100115,100,,,100096,100,,,100083,100,,,100065,100
2019-06-28 09:43:20.000000000,102065,268,102053,268,102066,263,101942,263,102309,263,101833,263,102323,100,101471,100,,,101307,100,,,100115,100,,,100096,100,,,100083,100,,,100065,100,,,100038,100
2019-06-28 09:43:21.201283599,102065,268,102053,268,102066,263,101942,263,102309,263,101833,363,102323,100,101471,100,,,101307,100,,,100115,100,,,100096,100,,,100083,100,,,100065,100,,,100038,100
2019-06-28 09:43:24.982666772,102065,268,102053,268,102066,263,101942,263,102172,100,101833,363,102309,263,101471,100,102323,100,101307,100,,,100115,100,,,100096,100,,,100083,100,,,100065,100,,,100038,100
2019-06-28 09:43:30.000000000,102065,347,102053,347,102066,347,101942,347,102172,100,101833,200,102309,100,101471,100,102323,100,101307,100,,,100115,100,,,100096,100,,,100083,100,,,100065,100,,,100038,100
2019-06-28 09:43:40.000000000,102065,268,102053,268,102066,263,101942,263,102172,263,101833,363,102309,100,101471,100,102323,100,101307,100,,,100115,100,,,100096,100,,,100083,100,,,100065,100,,,100038,100
2019-06-28 09:43:42.884950069,102065,268,102053,268,102066,263,102037,100,102172,263,101942,263,102309,100,101833,363,102323,100,101471,100,,,101307,100,,,100115,100,,,100096,100,,,100083,100,,,100065,100
2019-06-28 09:43:50.000000000,102065,224,102053,224,102066,224,102037,224,102172,224,101942,224,102309,224,101833,324,102323,100,101471,100,,,101307,100,,,100115,100,,,100096,100,,,100083,100,,,100065,100
2019-06-28 09:43:54.217814833,102065,224,102053,224,102066,224,102037,224,102172,224,101942,224,102309,224,101833,324,102323,100,101811,100,,,101471,100,,,101307,100,,,100115,100,,,100096,100,,,100083,100
2019-06-28 09:44:00.000000000,102065,199,102053,199,102066,199,102037,199,102172,199,101942,199,102309,199,101833,299,102323,199,101811,199,,,101471,100,,,101307,100,,,100115,100,,,100096,100,,,100083,100
2019-06-28 09:44:10.000000000,102065,347,102053,347,102066,347,102037,347,102172,100,101942,100,102309,100,101833,200,102323,100,101811,100,,,101471,100,,,101307,100,,,100115,100,,,100096,100,,,100083,100
2019-06-28 09:44:13.952439763,102065,347,102053,247,102066,347,102037,347,102172,100,101942,100,102309,100,101833,200,102323,100,101811,100,,,101654,100,,,101471,100,,,101307,100,,,100115,100,,,100096,100
2019-06-28 09:44:20.000000000,102065,347,102037,347,102066,347,101942,347,102172,100,101833,200,102309,100,101811,100,102323,100,101654,100,,,101471,100,,,101307,100,,,100115,100,,,100096,100,,,100083,100
2019-06-28 09:44:25.478500426,102065,347,102037,247,102066,347,101942,347,102172,100,101833,200,102309,100,101811,100,102323,100,101654,100,,,101471,100,,,101307,100,,,100115,100,,,100096,100,,,100083,100
2019-06-28 09:44:30.000000000,102065,268,101942,268,102066,263,101833,363,102172,263,101811,263,102309,100,101654,100,102323,100,101471,100,,,101307,100,,,100115,100,,,100096,100,,,100083,100,,,100065,100
2019-06-28 09:44:40.000000000,102065,199,101942,199,102066,199,101833,299,102172,199,101811,199,102309,199,101654,199,102323,199,101471,199,,,101307,100,,,100115,100,,,100096,100,,,100083,100,,,100065,100
2019-06-28 09:44:50.000000000,102065,594,101942,594,102066,100,101833,200,102172,100,101811,100,102309,100,101654,100,102323,100,101471,100,,,101307,100,,,100115,100,,,100096,100,,,100083,100,,,100065,100
2019-06-28 09:45:00.000000000,102065,268,101942,268,102066,263,101833,363,102172,263,101811,263,102309,100,101654,100,102323,100,101471,100,,,101307,100,,,100115,100,,,100096,100,,,100083,100,,,100065,100
2019-06-28 09:45:10.000000000,102065,594,101942,594,102066,100,101833,200,102172,100,101811,100,102309,100,101654,100,102323,100,101471,100,,,101307,100,,,100115,100,,,100096,100,,,100083,100,,,100065,100
2019-06-28 09:45:20.000000000,102065,199,101942,199,102066,199,101833,299,102172,199,101811,199,102309,199,101654,199,102323,199,101471,199,,,101307,100,,,100115,100,,,100096,100,,,100083,100,,,100065,100
2019-06-28 09:45:30.000000000,102065,199,101942,199,102066,199,101833,299,102172,199,101811,199,102309,199,101654,199,102323,199,101471,199,,,101307,100,,,100115,100,,,100096,100,,,100083,100,,,100065,100
2019-06-28 09:45:33.665491351,102065,99,101942,199,102066,199,101833,299,102172,199,101811,199,102309,199,101654,199,102323,199,101471,199,,,101307,100,,,100115,100,,,100096,100,,,100083,100,,,100065,100
2019-06-28 09:45:38.871566144,102066,199,102065,1,102172,199,101942,199,102309,199,101833,299,102323,199,101811,199,,,101654,199,,,101471,199,,,101307,100,,,100115,100,,,100096,100,,,100083,100
2019-06-28 09:45:40.000000000,102066,268,102065,169,102172,263,101942,263,102309,263,101833,363,102323,100,101811,100,,,101654,100,,,101471,100,,,101307,100,,,100115,100,,,100096,100,,,100083,100
2019-06-28 09:45:43.676081752,102066,168,102065,169,102172,263,101942,263,102309,263,101833,363,102323,100,101811,100,,,101654,100,,,101471,100,,,101307,100,,,100115,100,,,100096,100,,,100083,100
2019-06-28 09:45:50.000000000,102172,224,102065,125,102309,224,101942,224,102323,224,101833,324,102324,124,101811,224,,,101654,100,,,101471,100,,,101307,100,,,100115,100,,,100096,100,,,100083,100
2019-06-28 09:46:00.000000000,102172,594,102065,495,102309,100,101942,100,102323,100,101833,200,,,101811,100,,,101654,100,,,101471,100,,,101307,100,,,100115,100,,,100096,100,,,100083,100
2019-06-28 09:46:10.000000000,102172,199,102065,100,102309,199,101942,199,102323,199,101833,299,102324,99,101811,199,,,101654,199,,,101471,100,,,101307,100,,,100115,100,,,100096,100,,,100083,100
2019-06-28 09:46:11.458691268,102172,199,102065,100,102309,199,101942,199,102323,199,101833,299,102324,99,101811,199,102908,100,101654,199,,,101471,100,,,101307,100,,,100115,100,,,100096,100,,,100083,100
2019-06-28 09:46:20.000000000,102172,268,102065,169,102309,263,101942,263,102323,263,101833,363,102908,100,101811,100,,,101654,100,,,101471,100,,,101307,100,,,100115,100,,,100096,100,,,100083,100
2019-06-28 09:46:30.000000000,102172,347,102065,248,102309,347,101942,347,102323,100,101833,200,102908,100,101811,100,,,101654,100,,,101471,100,,,101307,100,,,100115,100,,,100096,100,,,100083,100
2019-06-28 09:46:40.000000000,102172,268,102065,169,102309,263,101942,263,102323,263,101833,363,102908,100,101811,100,,,101654,100,,,101471,100,,,101307,100,,,100115,100,,,100096,100,,,100083,100
2019-06-28 09:46:50.000000000,102172,199,102065,100,102309,199,101942,199,102323,199,101833,299,102908,199,101811,199,102909,99,101654,199,,,101471,100,,,101307,100,,,100115,100,,,100096,100,,,100083,100
2019-06-28 09:47:00.000000000,102172,268,102065,169,102309,263,101942,263,102323,263,101833,363,102908,100,101811,100,,,101654,100,,,101471,100,,,101307,100,,,100115,100,,,100096,100,,,100083,100
2019-06-28 09:47:10.000000000,102172,268,102065,169,102309,263,101942,263,102323,263,101833,363,102908,100,101811,100,,,101654,100,,,101471,100,,,101307,100,,,100115,100,,,100096,100,,,100083,100
2019-06-28 09:47:10.758139037,102172,268,102065,69,102309,263,101942,163,102323,263,101833,363,102908,100,101811,100,,,101654,100,,,101471,100,,,101307,100,,,100115,100,,,100096,100,,,100083,100
2019-06-28 09:47:20.000000000,102172,268,101833,368,102309,263,101811,263,102323,263,101654,263,102908,100,101471,100,,,101307,100,,,100115,100,,,100096,100,,,100083,100,,,100065,100,,,100038,100
2019-06-28 09:47:28.912493366,102172,268,101833,368,102309,163,101811,263,102323,263,101654,263,102908,100,101590,100,,,101471,100,,,101307,100,,,100115,100,,,100096,100,,,100083,100,,,100065,100
2019-06-28 09:47:30.000000000,102172,224,101833,324,102323,224,101811,224,102908,224,101654,224,102909,124,101590,224,,,101471,100,,,101307,100,,,100115,100,,,100096,100,,,100083,100,,,100065,100
2019-06-28 09:47:36.201863092,102172,224,101833,224,102323,224,101811,224,102908,224,101654,224,102909,124,101590,224,,,101471,100,,,101307,100,,,100115,100,,,100096,100,,,100083,100,,,100065,100
2019-06-28 09:47:40.000000000,102172,594,101833,594,102323,100,101811,100,102908,100,101654,100,,,101590,100,,,101471,100,,,101307,100,,,100115,100,,,100096,100,,,100083,100,,,100065,100
2019-06-28 09:47:43.588793676,102172,594,101833,594,102323,100,101811,100,102908,100,101654,100,,,101590,100,,,101502,100,,,101471,100,,,101307,100,,,100115,100,,,100096,100,,,100083,100
2019-06-28 09:47:50.000000000,102172,224,101833,224,102323,224,101811,224,102908,224,101654,224,102909,124,101590,224,,,101502,100,,,101471,100,,,101307,100,,,100115,100,,,100096,100,,,100083,100
2019-06-28 09:47:50.440945802,102172,224,101833,124,102323,224,101811,224,102908,224,101654,224,102909,124,101590,224,,,101502,100,,,101471,100,,,101307,100,,,100115,100,,,100096,100,,,100083,100
2019-06-28 09:48:00.000000000,102172,347,101811,347,102323,347,101654,347,102908,100,101590,100,,,101502,100,,,101471,100,,,101307,100,,,100115,100,,,100096,100,,,100083,100,,,100065,100
2019-06-28 09:48:07.107782630,102172,347,101834,100,102323,347,101811,347,102908,100,101654,347,,,101590,100,,,101502,100,,,101471,100,,,101307,100,,,100115,100,,,100096,100,,,100083,100
2019-06-28 09:48:10.000000000,102172,268,101834,268,102323,263,101811,263,102908,263,101654,263,,,101590,100,,,101502,100,,,101471,100,,,101307,100,,,100115,100,,,100096,100,,,100083,100
2019-06-28 09:48:20.000000000,102172,268,101834,268,102323,263,101811,263,102908,263,101654,263,,,101590,100,,,101502,100,,,101471,100,,,101307,100,,,100115,100,,,100096,100,,,100083,100
2019-06-28 09:48:24.022999531,102172,268,101834,168,102323,263,101811,263,102908,263,101654,263,,,101590,100,,,101502,100,,,101471,100,,,101307,100,,,100115,100,,,100096,100,,,100083,100
2019-06-28 09:48:30.000000000,102172,199,101811,199,102323,199,101654,199,102908,199,101590,199,102909,99,101502,199,,,101471,199,,,101307,100,,,100115,100,,,100096,100,,,100083,100,,,100065,100
2019-06-28 09:48:31.641787407,102172,199,101811,99,102323,199,101654,199,102908,199,101590,199,102909,99,101502,199,,,101471,199,,,101307,100,,,100115,100,,,100096,100,,,100083,100,,,100065,100
2019-06-28 09:48:40.000000000,102172,594,101654,594,102323,100,101590,100,102908,100,101502,100,,,101471,100,,,101307,100,,,100115,100,,,100096,100,,,100083,100,,,100065,100,,,100038,100
2019-06-28 09:48:41.638149636,101677,100,101654,594,102172,594,101590,100,102323,100,101502,100,102908,100,101471,100,,,101307,100,,,100115,100,,,100096,100,,,100083,100,,,100065,100,,,100038,100
2019-06-28 09:48:50.000000000,101677,347,101654,347,102172,347,101590,347,102323,100,101502,100,102908,100,101471,100,,,101307,100,,,100115,100,,,100096,100,,,100083,100,,,100065,100,,,100038,100
2019-06-28 09:49:00.000000000,101677,268,101654,268,102172,263,101590,263,102323,263,101502,263,102908,100,101471,100,,,101307,100,,,100115,100,,,100096,100,,,100083,100,,,100065,100,,,100038,100
2019-06-28 09:49:09.205370654,101677,268,101654,268,102172,263,101590,263,102323,263,101502,263,102908,100,101471,100,,,101307,100,,,100115,100,,,100096,100,,,100083,100,,,100038,100,,,100036,101
2019-06-28 09:49:10.000000000,101677,268,101654,268,102172,263,101590,263,102323,263,101502,263,102908,100,101471,100,,,101307,100,,,100115,100,,,100096,100,,,100083,100,,,100038,100,,,100036,101
2019-06-28 09:49:14.562873254,101677,168,101654,168,102172,263,101590,263,102323,263,101502,263,102908,100,101471,100,,,101307,100,,,100115,100,,,100096,100,,,100083,100,,,100038,100,,,100036,101
2019-06-28 09:49:19.922823274,101677,168,101654,168,102172,263,101590,263,102323,263,101502,263,102908,100,101471,100,,,101326,100,,,101307,100,,,100115,100,,,100096,100,,,100083,100,,,100038,100
2019-06-28 09:49:20.000000000,102172,594,101590,594,102323,100,101502,100,102908,100,101471,100,,,101326,100,,,101307,100,,,100115,100,,,100096,100,,,100083,100,,,100038,100,,,100036,101
2019-06-28 09:49:20.203163975,102172,594,101590,494,102323,100,101502,100,102908,100,101471,100,,,101326,100,,,101307,100,,,100115,100,,,100096,100,,,100083,100,,,100038,100,,,100036,101
2019-06-28 09:49:30.000000000,102172,594,101502,594,102323,100,101471,100,102908,100,101326,100,,,101307,100,,,100115,100,,,100096,100,,,100083,100,,,100038,100,,,100036,101,,,99991,100
2019-06-28 09:49:34.721734093,102172,594,101502,594,102323,100,101471,100,102908,100,101326,100,,,101312,100,,,101307,100,,,100115,100,,,100096,100,,,100083,100,,,100038,100,,,100036,101
2019-06-28 09:49:40.000000000,102172,268,101502,268,102323,263,101471,263,102908,263,101326,263,,,101312,100,,,101307,100,,,100115,100,,,100096,100,,,100083,100,,,100038,100,,,100036,101
2019-06-28 09:49:50.000000000,102172,224,101502,224,102323,224,101471,224,102908,224,101326,224,102909,124,101312,224,,,101307,100,,,100115,100,,,100096,100,,,100083,100,,,100038,100,,,100036,101
2019-06-28 09:50:00.000000000,102172,594,101502,594,102323,100,101471,100,102908,100,101326,100,,,101312,100,,,101307,100,,,100115,100,,,100096,100,,,100083,100,,,100038,100,,,100036,101
2019-06-28 09:50:10.000000000,102172,594,101502,594,102323,100,101471,100,102908,100,101326,100,,,101312,100,,,101307,100,,,100115,100,,,100096,100,,,100083,100,,,100038,100,,,100036,101
2019-06-28 09:50:16.588582070,101929,100,101502,594,102172,594,101471,100,102323,100,101326,100,102908,100,101312,100,,,101307,100,,,100115,100,,,100096,100,,,100083,100,,,100038,100,,,100036,101
2019-06-28 09:50:18.229913232,101929,100,101655,100,102172,594,101502,594,102323,100,101471,100,102908,100,101326,100,,,101312,100,,,101307,100,,,100115,100,,,100096,100,,,100083,100,,,100038,100
2019-06-28 09:50:20.000000000,101929,268,101655,268,102172,263,101502,263,102323,263,101471,263,102908,100,101326,100,,,101312,100,,,101307,100,,,100115,100,,,100096,100,,,100083,100,,,100038,100
2019-06-28 09:50:30.000000000,101929,224,101655,224,102172,224,101502,224,102323,224,101471,224,102908,224,101326,224,,,101312,100,,,101307,100,,,100115,100,,,100096,100,,,100083,100,,,100038,100
2019-06-28 09:50:40.000000000,101929,224,101655,224,102172,224,101502,224,102323,224,101471,224,102908,224,101326,224,,,101312,100,,,101307,100,,,100115,100,,,100096,100,,,100083,100,,,100038,100
2019-06-28 09:50:50.000000000,101929,224,101655,224,102172,224,101502,224,102323,224,101471,224,102908,224,101326,224,,,101312,100,,,101307,100,,,100115,100,,,100096,100,,,100083,100,,,100038,100
2019-06-28 09:50:52.468645871,101929,224,101655,324,102172,224,101502,224,102323,224,101471,224,102908,224,101326,224,,,101312,100,,,101307,100,,,100115,100,,,100096,100,,,100083,100,,,100038,100
2019-06-28 09:51:00.000000000,101929,347,101655,447,102172,347,101502,347,102323,100,101471,100,102908,100,101326,100,,,101312,100,,,101307,100,,,100115,100,,,100096,100,,,100083,100,,,100038,100
2019-06-28 09:51:10.000000000,101929,268,101655,368,102172,263,101502,263,102323,263,101471,263,102908,100,101326,100,,,101312,100,,,101307,100,,,100115,100,,,100096,100,,,100083,100,,,100038,100
2019-06-28 09:51:20.000000000,101929,224,101655,324,102172,224,101502,224,102323,224,101471,224,102908,224,101326,224,,,101312,100,,,101307,100,,,100115,100,,,100096,100,,,100083,100,,,100038,100
2019-06-28 09:51:30.000000000,101929,268,101655,368,102172,263,101502,263,102323,263,101471,263,102908,100,101326,100,,,101312,100,,,101307,100,,,100115,100,,,100096,100,,,100083,100,,,100038,100
2019-06-28 09:51:40.000000000,101929,268,101655,368,102172,263,101502,263,102323,263,101471,263,102908,100,101326,100,,,101312,100,,,101307,100,,,100115,100,,,100096,100,,,100083,100,,,100038,100
2019-06-28 09:51:48.776145964,101929,268,101655,268,102172,263,101502,263,102323,263,101471,263,102908,100,101326,100,,,101312,100,,,101307,100,,,100115,100,,,100096,100,,,100083,100,,,100038,100
2019-06-28 09:51:50.000000000,101929,199,101655,199,102172,199,101502,199,102323,199,101471,199,102908,199,101326,199,102909,99,101312,199,,,101307,100,,,100115,100,,,100096,100,,,100083,100,,,100038,100
2019-06-28 09:51:58.376236692,101929,199,101655,99,102172,199,101502,199,102323,199,101471,199,102908,199,101326,199,102909,99,101312,199,,,101307,100,,,100115,100,,,100096,100,,,100083,100,,,100038,100
2019-06-28 09:52:00.000000000,101929,224,101502,224,102172,224,101471,224,102323,224,101326,224,102908,224,101312,224,,,101307,100,,,100115,100,,,100096,100,,,100083,100,,,100038,100,,,100036,101
2019-06-28 09:52:03.252005208,101655,100,101502,224,101929,224,101471,224,102172,224,101326,224,102323,224,101312,224,102908,224,101307,100,,,100115,100,,,100096,100,,,100083,100,,,100038,100,,,100036,1
2019-06-28 09:52:05.140935193,101655,100,101502,124,101929,224,101471,224,102172,224,101326,224,102323,224,101312,224,102908,224,101307,100,,,100115,100,,,100096,100,,,100083,100,,,100038,100,,,100036,1
2019-06-28 09:52:10.000000000,101655,224,101471,224,101929,224,101326,224,102172,224,101312,224,102323,224,101307,224,102908,100,100115,100,,,100096,100,,,100083,100,,,100038,100,,,100036,1,,,99991,100
2019-06-28 09:52:13.705690935,101655,224,101471,224,101929,224,101326,224,102172,224,101312,224,102323,224,101307,224,102908,100,100115,100,,,100096,100,,,100083,100,,,100036,1,,,99991,100,,,99976,100
2019-06-28 09:52:16.224420241,101655,224,101471,224,101929,224,101326,224,102172,224,101312,224,102323,224,101307,224,,,101194,100,,,100115,100,,,100096,100,,,100083,100,,,100036,1,,,99991,100
2019-06-28 09:52:20.000000000,101655,224,101471,224,101929,224,101326,224,102172,224,101312,224,102323,224,101307,224,,,101194,100,,,100115,100,,,100096,100,,,100083,100,,,100036,1,,,99991,100
2019-06-28 09:52:24.159845611,101654,100,101471,224,101655,224,101326,224,101929,224,101312,224,102172,224,101307,224,102323,224,101194,100,,,100115,100,,,100096,100,,,100083,100,,,100036,1,,,99991,100
2019-06-28 09:52:30.000000000,101654,199,101471,199,101655,199,101326,199,101929,199,101312,199,102172,199,101307,199,102323,199,101194,199,,,100115,100,,,100096,100,,,100083,100,,,100036,1,,,99991,100
2019-06-28 09:52:31.416729678,101654,199,101471,199,101655,199,101326,199,101929,199,101312,199,102172,199,101307,199,102323,199,101238,100,,,101194,199,,,100115,100,,,100096,100,,,100083,100,,,100036,1
2019-06-28 09:52:37.572019807,101654,199,101471,199,101655,199,101382,100,101929,199,101326,199,102172,199,101312,199,102323,199,101307,199,,,101238,100,,,101194,199,,,100115,100,,,100096,100,,,100083,100
2019-06-28 09:52:40.000000000,101654,199,101471,199,101655,199,101382,199,101929,199,101326,199,102172,199,101312,199,102323,199,101307,199,,,101238,100,,,101194,100,,,100115,100,,,100096,100,,,100083,100
2019-06-28 09:52:50.000000000,101654,347,101471,347,101655,347,101382,347,101929,100,101326,100,102172,100,101312,100,102323,100,101307,100,,,101238,100,,,101194,100,,,100115,100,,,100096,100,,,100083,100
2019-06-28 09:53:00.000000000,101654,268,101471,268,101655,263,101382,263,101929,263,101326,263,102172,100,101312,100,102323,100,101307,100,,,101238,100,,,101194,100,,,100115,100,,,100096,100,,,100083,100
2019-06-28 09:53:10.000000000,101654,594,101471,594,101655,100,101382,100,101929,100,101326,100,102172,100,101312,100,102323,100,101307,100,,,101238,100,,,101194,100,,,100115,100,,,100096,100,,,100083,100
2019-06-28 09:53:13.122964356,101654,594,101471,494,101655,100,101382,100,101929,100,101326,100,102172,100,101312,100,102323,100,101307,100,,,101238,100,,,101194,100,,,100115,100,,,100096,100,,,100083,100
2019-06-28 09:53:20.000000000,101654,347,101382,347,101655,347,101326,347,101929,100,101312,100,102172,100,101307,100,102323,100,101238,100,,,101194,100,,,100115,100,,,100096,100,,,100083,100,,,100036,1
2019-06-28 09:53:30.000000000,101654,199,101382,199,101655,199,101326,199,101929,199,101312,199,102172,199,101307,199,102323,199,101238,199,,,101194,100,,,100115,100,,,100096,100,,,100083,100,,,100036,1
2019-06-28 09:53:32.935551648,101502,100,101382,199,101654,199,101326,199,101655,199,101312,199,101929,199,101307,199,102172,199,101238,199,102323,199,101194,100,,,100115,100,,,100096,100,,,100083,100,,,100036,1
2019-06-28 09:53:38.766277425,101502,100,101382,199,101654,199,101326,199,101655,199,101312,199,101929,199,101307,199,102172,199,101238,199,102323,199,101194,100,,,100803,100,,,100115,100,,,100096,100,,,100083,100
2019-06-28 09:53:40.000000000,101502,268,101382,268,101654,263,101326,263,101655,263,101312,263,101929,100,101307,100,102172,100,101238,100,102323,100,101194,100,,,100803,100,,,100115,100,,,100096,100,,,100083,100
2019-06-28 09:53:50.000000000,101502,347,101382,347,101654,347,101326,347,101655,100,101312,100,101929,100,101307,100,102172,100,101238,100,102323,100,101194,100,,,100803,100,,,100115,100,,,100096,100,,,100083,100
2019-06-28 09:53:55.172177973,101502,347,101382,247,101654,347,101326,347,101655,100,101312,100,101929,100,101307,100,102172,100,101238,100,102323,100,101194,100,,,100803,100,,,100115,100,,,100096,100,,,100083,100
2019-06-28 09:54:00.000000000,101502,224,101326,224,101654,224,101312,224,101655,224,101307,224,101929,224,101238,224,102172,100,101194,100,102323,100,100803,100,,,100115,100,,,100096,100,,,100083,100,,,100036,1
2019-06-28 09:54:04.682024689,101471,100,101326,224,101502,124,101312,224,101654,224,101307,224,101655,224,101238,224,101929,224,101194,100,102172,100,100803,100,102323,100,100115,100,,,100096,100,,,100083,100,,,100036,1
2019-06-28 09:54:10.000000000,101471,268,101326,268,101654,263,101312,263,101655,263,101307,263,101929,100,101238,100,102172,100,101194,100,102323,100,100803,100,,,100115,100,,,100096,100,,,100083,100,,,100036,1
2019-06-28 09:54:20.000000000,101471,347,101326,347,101654,347,101312,347,101655,100,101307,100,101929,100,101238,100,102172,100,101194,100,102323,100,100803,100,,,100115,100,,,100096,100,,,100083,100,,,100036,1
2019-06-28 09:54:30.000000000,101471,199,101326,199,101654,199,101312,199,101655,199,101307,199,101929,199,101238,199,102172,199,101194,199,102323,100,100803,100,,,100115,100,,,100096,100,,,100083,100,,,100036,1
2019-06-28 09:54:33.560942358,101471,199,101326,99,101654,199,101312,199,101655,199,101307,199,101929,199,101238,199,102172,99,101194,199,102323,100,100803,100,,,100115,100,,,100096,100,,,100083,100,,,100036,1
2019-06-28 09:54:40.000000000,101471,199,101312,199,101654,199,101307,199,101655,199,101238,199,101929,199,101194,199,102323,199,100803,199,,,100115,100,,,100096,100,,,100083,100,,,100036,1,,,99991,100
2019-06-28 09:54:42.635056173,101471,199,101312,199,101654,199,101307,199,101655,199,101238,199,101929,199,101194,199,102323,99,100906,100,,,100803,199,,,100115,100,,,100096,100,,,100083,100,,,100036,1
2019-06-28 09:54:49.339786768,101382,100,101312,199,101471,199,101307,199,101654,199,101238,199,101655,199,101194,199,101929,199,100906,100,102323,99,100803,199,,,100115,100,,,100096,100,,,100083,100,,,100036,1
2019-06-28 09:54:50.000000000,101382,347,101312,347,101471,347,101307,347,101654,100,101238,100,101655,100,101194,100,101929,100,100906,100,,,100803,100,,,100115,100,,,100096,100,,,100083,100,,,100036,1
2019-06-28 09:54:55.563250256,101382,347,101312,347,101471,347,101307,347,101654,100,101238,100,101655,100,100916,100,101929,100,100906,100,,,100803,100,,,100115,100,,,100096,100,,,100083,100,,,100036,1
2019-06-28 09:54:58.323402632,101382,347,101312,347,101471,347,101307,347,101654,100,101238,100,101655,100,101034,100,101929,100,100916,100,,,100906,100,,,100803,100,,,100115,100,,,100096,100,,,100083,100
2019-06-28 09:55:00.000000000,101382,199,101312,199,101471,199,101307,199,101654,199,101238,199,101655,199,101034,199,101929,199,100916,199,,,100906,100,,,100803,100,,,100115,100,,,100096,100,,,100083,100
2019-06-28 09:55:08.790917539,101382,199,101312,99,101471,199,101307,199,101654,199,101238,199,101655,199,101034,199,101929,199,100916,199,,,100906,100,,,100803,100,,,100115,100,,,100096,100,,,100083,100
2019-06-28 09:55:10.000000000,101382,224,101307,224,101471,224,101238,224,101654,224,101034,224,101655,224,100916,224,101929,100,100906,100,,,100803,100,,,100115,100,,,100096,100,,,100083,100,,,100036,1
2019-06-28 09:55:20.000000000,101382,347,101307,347,101471,347,101238,347,101654,100,101034,100,101655,100,100916,100,101929,100,100906,100,,,100803,100,,,100115,100,,,100096,100,,,100083,100,,,100036,1
2019-06-28 09:55:30.000000000,101382,347,101307,347,101471,347,101238,347,101654,100,101034,100,101655,100,100916,100,101929,100,100906,100,,,100803,100,,,100115,100,,,100096,100,,,100083,100,,,100036,1
2019-06-28 09:55:40.000000000,101382,347,101307,347,101471,347,101238,347,101654,100,101034,100,101655,100,100916,100,101929,100,100906,100,,,100803,100,,,100115,100,,,100096,100,,,100083,100,,,100036,1
2019-06-28 09:55:50.000000000,101382,224,101307,224,101471,224,101238,224,101654,224,101034,224,101655,224,100916,224,101929,100,100906,100,,,100803,100,,,100115,100,,,100096,100,,,100083,100,,,100036,1
2019-06-28 09:56:00.000000000,101382,268,101307,268,101471,263,101238,263,101654,263,101034,263,101655,100,100916,100,101929,100,100906,100,,,100803,100,,,100115,100,,,100096,100,,,100083,100,,,100036,1
2019-06-28 09:56:10.000000000,101382,199,101307,199,101471,199,101238,199,101654,199,101034,199,101655,199,100916,199,101929,199,100906,199,,,100803,100,,,100115,100,,,100096,100,,,100083,100,,,100036,1
2019-06-28 09:56:14.457432257,101382,199,101307,99,101471,199,101238,199,101654,199,101034,199,101655,199,100916,199,101929,199,100906,199,,,100803,100,,,100115,100,,,100096,100,,,100083,100,,,100036,1
2019-06-28 09:56:18.884135351,101382,199,101307,99,101471,199,101238,199,101654,199,101179,100,101655,199,101034,199,101929,199,100916,199,,,100906,199,,,100803,100,,,100115,100,,,100096,100,,,100083,100
2019-06-28 09:56:20.000000000,101382,594,101238,594,101471,100,101179,100,101654,100,101034,100,101655,100,100916,100,101929,100,100906,100,,,100803,100,,,100115,100,,,100096,100,,,100083,100,,,100036,1
2019-06-28 09:56:21.493354058,101382,494,101238,594,101471,100,101179,100,101654,100,101034,100,101655,100,100916,100,101929,100,100803,100,,,100115,100,,,100096,100,,,100083,100,,,100036,1,,,99991,100
2019-06-28 09:56:30.000000000,101471,224,101238,224,101654,224,101179,224,101655,224,101034,224,101929,224,100916,224,,,100803,100,,,100115,100,,,100096,100,,,100083,100,,,100036,1,,,99991,100
2019-06-28 09:56:40.000000000,101471,347,101238,347,101654,347,101179,347,101655,100,101034,100,101929,100,100916,100,,,100803,100,,,100115,100,,,100096,100,,,100083,100,,,100036,1,,,99991,100
2019-06-28 09:56:40.669110297,101381,100,101238,347,101471,347,101179,347,101654,347,101034,100,101655,100,100916,100,101929,100,100803,100,,,100115,100,,,100096,100,,,100083,100,,,100036,1,,,99991,100
2019-06-28 09:56:50.000000000,101381,268,101238,268,101471,263,101179,263,101654,263,101034,263,101655,100,100916,100,101929,100,100803,100,,,100115,100,,,100096,100,,,100083,100,,,100036,1,,,99991,100
2019-06-28 09:56:59.512805946,101381,268,101238,168,101471,263,101179,263,101654,263,101034,263,101655,100,100916,100,101929,100,100803,100,,,100115,100,,,100096,100,,,100083,100,,,100036,1,,,99991,100
2019-06-28 09:57:00.000000000,101381,199,101179,199,101471,199,101034,199,101654,199,100916,199,101655,199,100803,199,101929,199,100115,199,,,100096,100,,,100083,100,,,100036,1,,,99991,100,,,99976,100
2019-06-28 09:57:10.000000000,101381,594,101179,594,101471,100,101034,100,101654,100,100916,100,101655,100,100803,100,101929,100,100115,100,,,100096,100,,,100083,100,,,100036,1,,,99991,100,,,99976,100
2019-06-28 09:57:17.904713286,101381,594,101179,594,101471,100,101034,100,101654,100,100916,100,101655,100,100803,100,101929,100,100096,100,,,100083,100,,,100036,1,,,99991,100,,,99976,100,,,99947,100
2019-06-28 09:57:20.000000000,101381,594,101179,594,101471,100,101034,100,101654,100,100916,100,101655,100,100803,100,101929,100,100096,100,,,100083,100,,,100036,1,,,99991,100,,,99976,100,,,99947,100
2019-06-28 09:57:20.882291290,101381,594,101179,494,101471,100,101034,100,101654,100,100916,100,101655,100,100803,100,101929,100,100096,100,,,100083,100,,,100036,1,,,99991,100,,,99976,100,,,99947,100
2019-06-28 09:57:21.186873323,101381,594,101179,394,101471,100,101034,100,101654,100,100916,100,101655,100,100803,100,101929,100,100096,100,,,100083,100,,,100036,1,,,99991,100,,,99976,100,,,99947,100
2019-06-28 09:57:30.000000000,101381,268,101034,268,101471,263,100916,263,101654,263,100803,263,101655,100,100096,100,101929,100,100083,100,,,100036,1,,,99991,100,,,99976,100,,,99947,100,,,99918,100
2019-06-28 09:57:30.904783336,101381,268,101034,268,101471,263,100930,100,101654,263,100916,263,101655,100,100803,263,101929,100,100096,100,,,100083,100,,,100036,1,,,99991,100,,,99976,100,,,99947,100
2019-06-28 09:57:36.152338853,101381,268,101034,268,101471,263,100971,100,101654,263,100930,100,101655,100,100916,263,101929,100,100803,263,,,100096,100,,,100083,100,,,100036,1,,,99991,100,,,99976,100
2019-06-28 09:57:40.000000000,101381,594,101034,594,101471,100,100971,100,101654,100,100930,100,101655,100,100916,100,101929,100,100803,100,,,100096,100,,,100083,100,,,100036,1,,,99991,100,,,99976,100
2019-06-28 09:57:40.915220902,101068,100,101034,594,101381,594,100971,100,101471,100,100930,100,101654,100,100916,100,101655,100,100803,100,101929,100,100096,100,,,100083,100,,,100036,1,,,99991,100,,,99976,100
2019-06-28 09:57:50.000000000,101068,224,101034,224,101381,224,100971,224,101471,224,100930,224,101654,224,100916,224,101655,100,100803,100,101929,100,100096,100,,,100083,100,,,100036,1,,,99991,100,,,99976,100
2019-06-28 09:58:00.000000000,101068,268,101034,268,101381,263,100971,263,101471,263,100930,263,101654,100,100916,100,101655,100,100803,100,101929,100,100096,100,,,100083,100,,,100036,1,,,99991,100,,,99976,100
2019-06-28 09:58:06.680423844,101068,268,101034,268,101291,100,100971,263,101381,263,100930,263,101471,263,100916,100,101654,100,100803,100,101655,100,100096,100,101929,100,100083,100,,,100036,1,,,99991,100,,,99976,100
2019-06-28 09:58:09.110168498,101068,268,101034,268,101291,100,100971,263,101381,263,100930,263,101471,263,100916,100,101655,100,100803,100,101929,100,100096,100,,,100083,100,,,100036,1,,,99991,100,,,99976,100
2019-06-28 09:58:10.000000000,101068,199,101034,199,101291,199,100971,199,101381,199,100930,199,101471,199,100916,199,101655,199,100803,199,101929,100,100096,100,,,100083,100,,,100036,1,,,99991,100,,,99976,100
2019-06-28 09:58:20.000000000,101068,199,101034,199,101291,199,100971,199,101381,199,100930,199,101471,199,100916,199,101655,199,100803,199,101929,100,100096,100,,,100083,100,,,100036,1,,,99991,100,,,99976,100
2019-06-28 09:58:23.187008234,101068,99,101034,199,101291,199,100971,199,101381,199,100930,199,101471,199,100916,199,101655,199,100803,199,101929,100,100096,100,,,100083,100,,,100036,1,,,99991,100,,,99976,100
2019-06-28 09:58:30.000000000,101291,594,101034,594,101381,100,100971,100,101471,100,100930,100,101655,100,100916,100,101929,100,100803,100,,,100096,100,,,100083,100,,,100036,1,,,99991,100,,,99976,100
2019-06-28 09:58:39.886828621,101291,594,101247,100,101381,100,101034,594,101471,100,100971,100,101655,100,100930,100,101929,100,100916,100,,,100803,100,,,100096,100,,,100083,100,,,100036,1,,,99991,100
2019-06-28 09:58:40.000000000,101291,347,101247,347,101381,347,101034,347,101471,100,100971,100,101655,100,100930,100,101929,100,100916,100,,,100803,100,,,100096,100,,,100083,100,,,100036,1,,,99991,100
2019-06-28 09:58:48.854794101,101291,347,101247,347,101381,347,101209,100,101471,100,101034,347,101655,100,100971,100,101929,100,100930,100,,,100916,100,,,100803,100,,,100096,100,,,100083,100,,,100036,1
2019-06-28 09:58:50.000000000,101291,594,101247,594,101381,100,101209,100,101471,100,101034,100,101655,100,100971,100,101929,100,100930,100,,,100916,100,,,100803,100,,,100096,100,,,100083,100,,,100036,1
2019-06-28 09:58:57.110866205,101276,100,101247,594,101291,594,101209,100,101381,100,101034,100,101471,100,100971,100,101655,100,100930,100,101929,100,100916,100,,,100803,100,,,100096,100,,,100083,100,,,100036,1
2019-06-28 09:59:00.000000000,101276,268,101247,268,101291,263,101209,263,101381,263,101034,263,101471,100,100971,100,101655,100,100930,100,101929,100,100916,100,,,100803,100,,,100096,100,,,100083,100,,,100036,1
2019-06-28 09:59:10.000000000,101276,594,101247,594,101291,100,101209,100,101381,100,101034,100,101471,100,100971,100,101655,100,100930,100,101929,100,100916,100,,,100803,100,,,100096,100,,,100083,100,,,100036,1
2019-06-28 09:59:11.744396077,101276,394,101247,594,101291,100,101209,100,101381,100,101034,100,101471,100,100971,100,101655,100,100930,100,101929,100,100916,100,,,100803,100,,,100096,100,,,100083,100,,,100036,1
2019-06-28 09:59:20.000000000,101291,594,101247,594,101381,100,101209,100,101471,100,101034,100,101655,100,100971,100,101929,100,100930,100,,,100916,100,,,100803,100,,,100096,100,,,100083,100,,,100036,1
2019-06-28 09:59:22.868216039,101291,594,101247,494,101381,100,101209,100,101471,100,101034,100,101655,100,100971,100,101929,100,100930,100,,,100916,100,,,100803,100,,,100096,100,,,100083,100,,,100036,1
2019-06-28 09:59:23.052731244,101291,594,101247,494,101381,100,101209,100,101471,100,101034,100,101482,100,100971,100,101655,100,100930,100,101929,100,100916,100,,,100803,100,,,100096,100,,,100083,100,,,100036,1
2019-06-28 09:59:30.000000000,101291,594,101209,594,101381,100,101034,100,101471,100,100971,100,101482,100,100930,100,101655,100,100916,100,101929,100,100803,100,,,100096,100,,,100083,100,,,100036,1,,,99976,100
2019-06-28 09:59:31.270479448,101291,594,101209,594,101335,100,101034,100,101381,100,100971,100,101471,100,100930,100,101482,100,100916,100,101655,100,100803,100,101929,100,100096,100,,,100083,100,,,100036,1,,,99976,100
2019-06-28 09:59:40.000000000,101291,268,101209,268,101335,263,101034,263,101381,263,100971,263,101471,100,100930,100,101482,100,100916,100,101655,100,100803,100,101929,100,100096,100,,,100083,100,,,100036,1,,,99976,100
2019-06-28 09:59:47.818369097,101291,268,101209,268,101335,263,101034,263,101381,263,100971,263,101399,100,100930,100,101471,100,100916,100,101482,100,100803,100,101655,100,100096,100,101929,100,100083,100,,,100036,1,,,99976,100
2019-06-28 09:59:50.000000000,101291,199,101209,199,101335,199,101034,199,101381,199,100971,199,101399,199,100930,199,101471,199,100916,199,101482,100,100803,100,101655,100,100096,100,101929,100,100083,100,,,100036,1,,,99976,100
2019-06-28 09:59:53.526683579,101291,199,101209,99,101335,199,101034,199,101381,199,100971,199,101399,199,100930,199,101471,199,100916,199,101482,100,100803,100,101655,100,100096,100,101929,100,100083,100,,,100036,1,,,99976,100
2019-06-28 09:59:55.959384267,101291,199,101248,100,101335,199,101209,99,101381,199,101034,199,101399,199,100971,199,101471,199,100930,199,101482,100,100916,199,101655,100,100803,100,101929,100,100096,100,,,100083,100,,,100036,1
2019-06-28 09:59:56.483524196,101291,199,101209,99,101335,199,101034,199,101381,199,100971,199,101399,199,100930,199,101471,199,100916,199,101482,100,100803,100,101655,100,100096,100,101929,100,100083,100,,,100036,1,,,99976,100
2019-06-28 10:00:00.000000000,101291,199,101034,199,101335,199,100971,199,101381,199,100930,199,101399,199,100916,199,101471,199,100803,199,101482,100,100096,100,101655,100,100083,100,101929,100,100036,1,,,99976,100,,,99918,100
2019-06-28 10:00:05.064971087,101291,199,101034,199,101335,199,101004,100,101381,199,100971,199,101399,199,100930,199,101471,199,100916,199,101482,100,100803,199,101655,100,100096,100,101929,100,100083,100,,,100036,1,,,99976,100
2019-06-28 10:00:10.000000000,101291,199,101034,199,101335,199,101004,199,101381,199,100971,199,101399,199,100930,199,101471,199,100916,199,101482,100,100803,100,101655,100,100096,100,101929,100,100083,100,,,100036,1,,,99976,100
2019-06-28 10:00:10.633136576,101291,99,101064,100,101335,199,101034,199,101381,199,101004,199,101399,199,100971,199,101471,199,100930,199,101482,100,100916,199,101655,100,100803,100,101929,100,100096,100,,,100083,100,,,100036,1
2019-06-28 10:00:20.000000000,101335,224,101064,224,101381,224,101034,224,101399,224,101004,224,101471,224,100971,224,101482,100,100930,100,101655,100,100916,100,101929,100,100803,100,,,100096,100,,,100083,100,,,100036,1
2019-06-28 10:00:22.927541457,101335,224,101064,224,101381,224,101034,224,101399,224,101004,224,101471,224,100971,224,101482,100,100930,100,101655,100,100916,100,101929,100,100803,100,,,100096,100,,,100083,100,,,100036,1
2019-06-28 10:00:30.000000000,101335,199,101064,199,101381,199,101034,199,101399,199,101004,199,101471,199,100971,199,101482,199,100930,199,101655,100,100916,100,101929,100,100803,100,,,100096,100,,,100083,100,,,100036,1
2019-06-28 10:00:40.000000000,101335,199,101064,199,101381,199,101034,199,101399,199,101004,199,101471,199,100971,199,101482,199,100930,199,101655,100,100916,100,101929,100,100803,100,,,100096,100,,,100083,100,,,100036,1
2019-06-28 10:00:43.628599030,101335,199,101064,199,101381,199,101034,199,101399,199,101004,199,101471,199,100971,199,101482,199,100930,199,101655,100,100916,100,101929,100,100803,100,,,100747,100,,,100096,100,,,100083,100
2019-06-28 10:00:50.000000000,101335,268,101064,268,101381,263,101034,263,101399,263,101004,263,101471,100,100971,100,101482,100,100930,100,101655,100,100916,100,101929,100,100803,100,,,100747,100,,,100096,100,,,100083,100
2019-06-28 10:00:54.423941495,101248,100,101064,268,101335,268,101034,263,101381,263,101004,263,101399,263,100971,100,101471,100,100930,100,101482,100,100916,100,101655,100,100803,100,101929,100,100747,100,,,100096,100,,,100083,100
2019-06-28 10:01:00.000000000,101248,594,101064,594,101335,100,101034,100,101381,100,101004,100,101399,100,100971,100,101471,100,100930,100,101482,100,100916,100,101655,100,100803,100,101929,100,100747,100,,,100096,100,,,100083,100
2019-06-28 10:01:10.000000000,101248,268,101064,268,101335,263,101034,263,101381,263,101004,263,101399,100,100971,100,101471,100,100930,100,101482,100,100916,100,101655,100,100803,100,101929,100,100747,100,,,100096,100,,,100083,100
2019-06-28 10:01:14.096245462,101248,268,101064,268,101335,263,101034,263,101381,263,101004,263,101399,100,100971,100,101471,100,100930,100,101482,100,100916,100,101655,100,100803,100,101929,100,100747,100,,,100499,100,,,100096,100
2019-06-28 10:01:20.000000000,101248,199,101064,199,101335,199,101034,199,101381,199,101004,199,101399,199,100971,199,101471,199,100930,199,101482,100,100916,100,101655,100,100803,100,101929,100,100747,100,,,100499,100,,,100096,100
2019-06-28 10:01:25.997769863,101248,199,101064,199,101335,199,101034,199,101381,199,101004,199,101399,199,100971,199,101471,199,100930,199,101482,100,100916,100,101655,100,100803,100,101929,100,100747,100,,,100499,100,,,100107,100
2019-06-28 10:01:30.000000000,101248,199,101064,199,101335,199,101034,199,101381,199,101004,199,101399,199,100971,199,101471,199,100930,199,101482,100,100916,100,101655,100,100803,100,101929,100,100747,100,,,100499,100,,,100107,100
2019-06-28 10:01:37.591917207,101248,299,101064,199,101335,199,101034,199,101381,199,101004,199,101399,199,100971,199,101471,199,100930,199,101482,100,100916,100,101655,100,100803,100,101929,100,100747,100,,,100499,100,,,100107,100
2019-06-28 10:01:40.000000000,101248,447,101064,347,101335,347,101034,347,101381,100,101004,100,101399,100,100971,100,101471,100,100930,100,101482,100,100916,100,101655,100,100803,100,101929,100,100747,100,,,100499,100,,,100107,100
2019-06-28 10:01:43.072884485,101248,447,101064,247,101335,347,101034,347,101381,100,101004,100,101399,100,100971,100,101471,100,100930,100,101482,100,100916,100,101655,100,100803,100,101929,100,100747,100,,,100499,100,,,100107,100
2019-06-28 10:01:50.000000000,101248,694,101034,594,101335,100,101004,100,101381,100,100971,100,101399,100,100930,100,101471,100,100916,100,101482,100,100803,100,101655,100,100747,100,101929,100,100499,100,,,100107,100,,,100096,100
2019-06-28 10:01:51.776127919,101247,100,101034,594,101248,694,101004,100,101335,100,100971,100,101381,100,100930,100,101399,100,100916,100,101471,100,100803,100,101482,100,100747,100,101655,100,100499,100,101929,100,100107,100,,,100096,100
2019-06-28 10:01:54.313701448,101247,100,101034,594,101248,694,101004,100,101335,100,100971,100,101381,100,100930,100,101399,100,100916,100,101471,100,100803,100,101482,100,100747,100,101655,100,100499,100,101929,100,100311,100,,,100107,100
2019-06-28 10:02:00.000000000,101247,199,101034,199,101248,299,101004,199,101335,199,100971,199,101381,199,100930,199,101399,199,100916,199,101471,100,100803,100,101482,100,100747,100,101655,100,100499,100,101929,100,100311,100,,,100107,100
2019-06-28 10:02:10.000000000,101247,347,101034,347,101248,447,101004,347,101335,100,100971,100,101381,100,100930,100,101399,100,100916,100,101471,100,100803,100,101482,100,100747,100,101655,100,100499,100,101929,100,100311,100,,,100107,100
2019-06-28 10:02:16.712597943,101247,347,101034,247,101248,447,101004,347,101335,100,100971,100,101381,100,100930,100,101399,100,100916,100,101471,100,100803,100,101482,100,100747,100,101655,100,100499,100,101929,100,100311,100,,,100107,100
2019-06-28 10:02:20.000000000,101247,268,101004,268,101248,363,100971,263,101335,263,100930,263,101381,100,100916,100,101399,100,100803,100,101471,100,100747,100,101482,100,100499,100,101655,100,100311,100,101929,100,100107,100,,,100096,100
2019-06-28 10:02:23.743038606,101247,268,101004,168,101248,363,100971,263,101335,263,100930,263,101381,100,100916,100,101399,100,100803,100,101471,100,100747,100,101482,100,100499,100,101655,100,100311,100,101929,100,100107,100,,,100096,100
2019-06-28 10:02:30.000000000,101247,347,100971,347,101248,447,100930,347,101335,100,100916,100,101381,100,100803,100,101399,100,100747,100,101471,100,100499,100,101482,100,100311,100,101655,100,100107,100,101929,100,100096,100,,,100083,100
2019-06-28 10:02:40.000000000,101247,347,100971,347,101248,447,100930,347,101335,100,100916,100,101381,100,100803,100,101399,100,100747,100,101471,100,100499,100,101482,100,100311,100,101655,100,100107,100,101929,100,100096,100,,,100083,100
2019-06-28 10:02:50.000000000,101247,224,100971,224,101248,324,100930,224,101335,224,100916,224,101381,224,100803,224,101399,100,100747,100,101471,100,100499,100,101482,100,100311,100,101655,100,100107,100,101929,100,100096,100,,,100083,100
2019-06-28 10:02:56.493540480,101247,124,100971,224,101248,324,100930,224,101335,224,100916,224,101381,224,100803,224,101399,100,100747,100,101471,100,100499,100,101482,100,100311,100,101655,100,100107,100,101929,100,100096,100,,,100083,100
2019-06-28 10:03:00.000000000,101248,324,100971,224,101335,224,100930,224,101381,224,100916,224,101399,224,100803,224,101471,100,100747,100,101482,100,100499,100,101655,100,100311,100,101929,100,100107,100,,,100096,100,,,100083,100
2019-06-28 10:03:03.982473700,101248,324,100971,124,101335,224,100930,224,101381,224,100916,224,101399,224,100803,224,101471,100,100747,100,101482,100,100499,100,101655,100,100311,100,101929,100,100107,100,,,100096,100,,,100083,100
2019-06-28 10:03:10.000000000,101248,368,100930,268,101335,263,100916,263,101381,263,100803,263,101399,100,100747,100,101471,100,100499,100,101482,100,100311,100,101655,100,100107,100,101929,100,100096,100,,,100083,100,,,100036,1
2019-06-28 10:03:10.351082697,101248,368,100930,168,101335,263,100916,263,101381,263,100803,263,101399,100,100747,100,101471,100,100499,100,101482,100,100311,100,101655,100,100107,100,101929,100,100096,100,,,100083,100,,,100036,1
2019-06-28 10:03:15.073288077,101248,368,100930,168,101335,263,100916,263,101381,263,100803,263,101471,100,100747,100,101482,100,100499,100,101655,100,100311,100,101929,100,100107,100,,,100096,100,,,100083,100,,,100036,1
2019-06-28 10:03:20.000000000,101248,299,100916,199,101335,199,100803,199,101381,199,100747,199,101471,199,100499,199,101482,199,100311,199,101655,100,100107,100,101929,100,100096,100,,,100083,100,,,100036,1,,,99976,100
2019-06-28 10:03:21.505095017,101248,299,100916,199,101335,199,100803,199,101381,199,100747,199,101471,99,100499,199,101482,199,100311,199,101655,100,100107,100,101929,100,100096,100,,,100083,100,,,100036,1,,,99976,100
2019-06-28 10:03:30.000000000,101248,324,100916,224,101335,224,100803,224,101381,224,100747,224,101482,224,100499,224,101655,100,100311,100,101929,100,100107,100,,,100096,100,,,100083,100,,,100036,1,,,99976,100
2019-06-28 10:03:37.307666653,100971,100,100916,224,101248,224,100803,224,101335,224,100747,224,101381,224,100499,224,101482,224,100311,100,101655,100,100107,100,101929,100,100096,100,,,100083,100,,,100036,1,,,99976,100
2019-06-28 10:03:40.000000000,100971,199,100916,199,101248,199,100803,199,101335,199,100747,199,101381,199,100499,199,101482,199,100311,199,101655,100,100107,100,101929,100,100096,100,,,100083,100,,,100036,1,,,99976,100
2019-06-28 10:03:43.702232179,100971,199,100916,99,101248,199,100803,199,101335,199,100747,199,101381,199,100499,199,101482,199,100311,199,101655,100,100107,100,101929,100,100096,100,,,100083,100,,,100036,1,,,99976,100
2019-06-28 10:03:50.000000000,100971,268,100803,268,101248,263,100747,263,101335,263,100499,263,101381,100,100311,100,101482,100,100107,100,101655,100,100096,100,101929,100,100083,100,,,100036,1,,,99976,100,,,99918,100
2019-06-28 10:03:58.251158962,100971,268,100803,168,101248,263,100747,263,101335,263,100499,263,101381,100,100311,100,101482,100,100107,100,101655,100,100096,100,101929,100,100083,100,,,100036,1,,,99976,100,,,99918,100
2019-06-28 10:04:00.000000000,100971,268,100747,268,101248,263,100499,263,101335,263,100311,263,101381,100,100107,100,101482,100,100096,100,101655,100,100083,100,101929,100,100036,1,,,99976,100,,,99918,100,,,99826,100
2019-06-28 10:04:10.000000000,100971,594,100747,594,101248,100,100499,100,101335,100,100311,100,101381,100,100107,100,101482,100,100096,100,101655,100,100083,100,101929,100,100036,1,,,99976,100,,,99918,100,,,99826,100
2019-06-28 10:04:12.828513699,100971,594,100747,494,101248,100,100499,100,101335,100,100311,100,101381,100,100107,100,101482,100,100096,100,101655,100,100083,100,,,100036,1,,,99976,100,,,99918,100,,,99826,100
2019-06-28 10:04:20.000000000,100971,224,100499,224,101248,224,100311,224,101335,224,100107,224,101381,224,100096,224,101482,100,100083,100,101655,100,100036,1,,,99976,100,,,99918,100,,,99826,100,,,,
2019-06-28 10:04:30.000000000,100971,224,100499,224,101248,224,100311,224,101335,224,100107,224,101381,224,100096,224,101482,100,100083,100,101655,100,100036,1,,,99976,100,,,99918,100,,,99826,100,,,,
2019-06-28 10:04:40.000000000,100971,594,100499,594,101248,100,100311,100,101335,100,100107,100,101381,100,100096,100,101482,100,100083,100,101655,100,100036,1,,,99976,100,,,99918,100,,,99826,100,,,,
2019-06-28 10:04:50.000000000,100971,594,100499,594,101248,100,100311,100,101335,100,100107,100,101381,100,100096,100,101482,100,100083,100,101655,100,100036,1,,,99976,100,,,99918,100,,,99826,100,,,,
2019-06-28 10:04:59.554440471,100971,594,100499,494,101248,100,100311,100,101335,100,100107,100,101381,100,100096,100,101482,100,100083,100,101655,100,100036,1,,,99976,100,,,99918,100,,,99826,100,,,,
2019-06-28 10:05:00.000000000,100971,268,100311,268,101248,263,100107,263,101335,263,100096,263,101381,100,100083,100,101482,100,100036,1,101655,100,99976,100,,,99918,100,,,99826,100,,,,,,,,
2019-06-28 10:05:10.000000000,100971,347,100311,347,101248,347,100107,347,101335,100,100096,100,101381,100,100083,100,101482,100,100036,1,101655,100,99976,100,,,99918,100,,,99826,100,,,,,,,,
2019-06-28 10:05:20.000000000,100971,224,100311,224,101248,224,100107,224,101335,224,100096,224,101381,224,100083,224,101482,100,100036,1,101655,100,99976,100,,,99918,100,,,99826,100,,,,,,,,
2019-06-28 10:05:30.000000000,100971,224,100311,224,101248,224,100107,224,101335,224,100096,224,101381,224,100083,224,101482,100,100036,1,101655,100,99976,100,,,99918,100,,,99826,100,,,,,,,,
2019-06-28 10:05:40.000000000,100971,199,100311,199,101248,199,100107,199,101335,199,100096,199,101381,199,100083,199,101482,199,100036,100,101655,100,99976,100,,,99918,100,,,99826,100,,,,,,,,
2019-06-28 10:05:50.000000000,100971,268,100311,268,101248,263,100107,263,101335,263,100096,263,101381,100,100083,100,101482,100,100036,1,101655,100,99976,100,,,99918,100,,,99826,100,,,,,,,,
2019-06-28 10:05:59.150631211,100971,268,100311,268,101248,263,100107,263,101335,263,100096,263,101482,100,100083,100,101655,100,100036,1,,,99976,100,,,99918,100,,,99826,100,,,,,,,,
2019-06-28 10:06:00.000000000,100971,347,100311,347,101248,347,100107,347,101335,100,100096,100,101482,100,100083,100,101655,100,100036,1,,,99976,100,,,99918,100,,,99826,100,,,,,,,,
2019-06-28 10:06:07.612552364,100747,100,100311,347,100971,347,100107,347,101248,347,100096,100,101335,100,100083,100,101482,100,100036,1,101655,100,99976,100,,,99918,100,,,99826,100,,,,,,,,
2019-06-28 10:06:10.000000000,100747,199,100311,199,100971,199,100107,199,101248,199,100096,199,101335,199,100083,199,101482,199,100036,100,101655,100,99976,100,,,99918,100,,,99826,100,,,,,,,,
2019-06-28 10:06:15.243244737,100747,199,100311,199,100971,199,100107,199,101248,199,100096,199,101335,199,100083,199,101482,199,100037,100,101655,100,100036,100,,,99976,100,,,99918,100,,,99826,100,,,,
2019-06-28 10:06:20.000000000,100747,224,100311,224,100971,224,100107,224,101248,224,100096,224,101335,224,100083,224,101482,100,100037,100,101655,100,100036,1,,,99976,100,,,99918,100,,,99826,100,,,,
2019-06-28 10:06:30.000000000,100747,268,100311,268,100971,263,100107,263,101248,263,100096,263,101335,100,100083,100,101482,100,100037,100,101655,100,100036,1,,,99976,100,,,99918,100,,,99826,100,,,,
2019-06-28 10:06:40.000000000,100747,594,100311,594,100971,100,100107,100,101248,100,100096,100,101335,100,100083,100,101482,100,100037,100,101655,100,100036,1,,,99976,100,,,99918,100,,,99826,100,,,,
2019-06-28 10:06:44.174746723,100747,694,100311,594,100971,100,100107,100,101248,100,100096,100,101335,100,100083,100,101482,100,100037,100,101655,100,100036,1,,,99976,100,,,99918,100,,,99826,100,,,,
2019-06-28 10:06:50.000000000,100747,299,100311,199,100971,199,100107,199,101248,199,100096,199,101335,199,100083,199,101482,199,100037,199,101655,100,100036,1,,,99976,100,,,99918,100,,,99826,100,,,,
2019-06-28 10:07:00.000000000,100747,368,100311,268,100971,263,100107,263,101248,263,100096,263,101335,100,100083,100,101482,100,100037,100,101655,100,100036,1,,,99976,100,,,99918,100,,,99826,100,,,,
2019-06-28 10:07:10.000000000,100747,447,100311,347,100971,347,100107,347,101248,100,100096,100,101335,100,100083,100,101482,100,100037,100,101655,100,100036,1,,,99976,100,,,99918,100,,,99826,100,,,,
2019-06-28 10:07:20.000000000,100747,447,100311,347,100971,347,100107,347,101248,100,100096,100,101335,100,100083,100,101482,100,100037,100,101655,100,100036,1,,,99976,100,,,99918,100,,,99826,100,,,,
2019-06-28 10:07:20.783214330,100453,100,100311,347,100747,447,100107,347,100971,347,100096,100,101248,100,100083,100,101335,100,100037,100,101482,100,100036,1,101655,100,99976,100,,,99918,100,,,99826,100,,,,
2019-06-28 10:07:22.213203910,100453,100,100433,100,100747,447,100311,347,100971,347,100107,347,101248,100,100096,100,101335,100,100083,100,101482,100,100037,100,101655,100,100036,1,,,99976,100,,,99918,100,,,99826,100
2019-06-28 10:07:28.675679749,100453,100,100433,100,100539,100,100311,347,100747,447,100107,347,100971,347,100096,100,101248,100,100083,100,101335,100,100037,100,101482,100,100036,1,101655,100,99976,100,,,99918,100,,,99826,100
2019-06-28 10:07:30.000000000,100453,268,100433,268,100539,263,100311,263,100747,363,100107,263,100971,100,100096,100,101248,100,100083,100,101335,100,100037,100,101482,100,100036,1,101655,100,99976,100,,,99918,100,,,99826,100
2019-06-28 10:07:40.000000000,100453,268,100433,268,100539,263,100311,263,100747,363,100107,263,100971,100,100096,100,101248,100,100083,100,101335,100,100037,100,101482,100,100036,1,101655,100,99976,100,,,99918,100,,,99826,100
2019-06-28 10:07:43.239474954,100453,268,100433,268,100539,263,100311,263,100747,363,100107,263,100971,100,100096,100,101248,100,100037,100,101335,100,100036,1,101482,100,99976,100,101655,100,99918,100,,,99826,100,,,,
2019-06-28 10:07:49.566683233,100453,268,100433,268,100539,263,100311,263,100747,363,100283,100,100971,100,100107,263,101248,100,100096,100,101335,100,100037,100,101482,100,100036,1,101655,100,99976,100,,,99918,100,,,,
2019-06-28 10:07:50.000000000,100453,224,100433,224,100539,224,100311,224,100747,324,100283,224,100971,224,100107,224,101248,100,100096,100,101335,100,100037,100,101482,100,100036,1,101655,100,99976,100,,,99918,100,,,,
2019-06-28 10:08:00.000000000,100453,594,100433,594,100539,100,100311,100,100747,200,100283,100,100971,100,100107,100,101248,100,100096,100,101335,100,100037,100,101482,100,100036,1,101655,100,99976,100,,,99918,100,,,,
2019-06-28 10:08:10.000000000,100453,347,100433,347,100539,347,100311,347,100747,200,100283,100,100971,100,100107,100,101248,100,100096,100,101335,100,100037,100,101482,100,100036,1,101655,100,99976,100,,,99918,100,,,,
2019-06-28 10:08:20.000000000,100453,594,100433,594,100539,100,100311,100,100747,200,100283,100,100971,100,100107,100,101248,100,100096,100,101335,100,100037,100,101482,100,100036,1,101655,100,99976,100,,,99918,100,,,,
2019-06-28 10:08:22.903205497,100453,594,100433,594,100539,100,100311,100,100747,300,100283,100,100971,100,100107,100,101248,100,100096,100,101335,100,100037,100,101482,100,100036,1,101655,100,99976,100,,,99918,100,,,,
2019-06-28 10:08:23.244759266,100453,594,100433,594,100539,100,100311,100,100747,400,100283,100,100971,100,100107,100,101248,100,100096,100,101335,100,100037,100,101482,100,100036,1,101655,100,99976,100,,,99918,100,,,,
2019-06-28 10:08:30.000000000,100453,347,100433,347,100539,347,100311,347,100747,400,100283,100,100971,100,100107,100,101248,100,100096,100,101335,100,100037,100,101482,100,100036,1,101655,100,99976,100,,,99918,100,,,,
2019-06-28 10:08:40.000000000,100453,594,100433,594,100539,100,100311,100,100747,400,100283,100,100971,100,100107,100,101248,100,100096,100,101335,100,100037,100,101482,100,100036,1,101655,100,99976,100,,,99918,100,,,,
2019-06-28 10:08:50.000000000,100453,268,100433,268,100539,263,100311,263,100747,563,100283,263,100971,100,100107,100,101248,100,100096,100,101335,100,100037,100,101482,100,100036,1,101655,100,99976,100,,,99918,100,,,,
2019-06-28 10:09:00.000000000,100453,268,100433,268,100539,263,100311,263,100747,563,100283,263,100971,100,100107,100,101248,100,100096,100,101335,100,100037,100,101482,100,100036,1,101655,100,99976,100,,,99918,100,,,,
2019-06-28 10:09:10.000000000,100453,199,100433,199,100539,199,100311,199,100747,499,100283,199,100971,199,100107,199,101248,199,100096,199,101335,100,100037,100,101482,100,100036,1,101655,100,99976,100,,,99918,100,,,,
2019-06-28 10:09:20.000000000,100453,347,100433,347,100539,347,100311,347,100747,400,100283,100,100971,100,100107,100,101248,100,100096,100,101335,100,100037,100,101482,100,100036,1,101655,100,99976,100,,,99918,100,,,,
2019-06-28 10:09:20.003789260,100453,347,100433,347,100539,347,100311,347,100747,400,100283,100,100971,100,100107,100,101248,100,100096,100,101335,100,100037,100,101482,100,100036,1,101655,100,99976,100,,,99918,100,,,99646,100
2019-06-28 10:09:24.848436422,100453,347,100433,347,100539,347,100311,347,100747,500,100283,100,100971,100,100107,100,101248,100,100096,100,101335,100,100037,100,101482,100,100036,1,101655,100,99976,100,,,99918,100,,,99646,100
2019-06-28 10:09:26.020410878,100453,347,100433,347,100539,347,100311,347,100747,500,100283,100,100971,100,100107,100,101248,100,100096,100,101335,100,100037,100,101482,100,100036,1,101655,100,99976,100,,,99918,100,,,99646,100
2019-06-28 10:09:30.000000000,100453,199,100433,199,100539,199,100311,199,100747,599,100283,199,100971,199,100107,199,101248,199,100096,199,101335,100,100037,100,101482,100,100036,1,101655,100,99976,100,,,99918,100,,,99646,100
2019-06-28 10:09:40.000000000,100453,594,100433,594,100539,100,100311,100,100747,500,100283,100,100971,100,100107,100,101248,100,100096,100,101335,100,100037,100,101482,100,100036,1,101655,100,99976,100,,,99918,100,,,99646,100
2019-06-28 10:09:45.739700680,100453,594,100433,594,100539,100,100311,100,100747,600,100283,100,100971,100,100107,100,101248,100,100096,100,101335,100,100037,100,101482,100,100036,1,101655,100,99976,100,,,99918,100,,,99646,100
2019-06-28 10:09:50.000000000,100453,268,100433,268,100539,263,100311,263,100747,763,100283,263,100971,100,100107,100,101248,100,100096,100,101335,100,100037,100,101482,100,100036,1,101655,100,99976,100,,,99918,100,,,99646,100
2019-06-28 10:09:54.024502334,100453,268,100433,168,100539,263,100311,263,100747,763,100283,263,100971,100,100107,100,101248,100,100096,100,101335,100,100037,100,101482,100,100036,1,101655,100,99976,100,,,99918,100,,,99646,100
2019-06-28 10:10:00.000000000,100453,268,100311,268,100539,263,100283,263,100747,763,100107,263,100971,100,100096,100,101248,100,100037,100,101335,100,100036,1,101482,100,99976,100,101655,100,99918,100,,,99646,100,,,99553,100
2019-06-28 10:10:10.000000000,100453,268,100311,268,100539,263,100283,263,100747,763,100107,263,100971,100,100096,100,101248,100,100037,100,101335,100,100036,1,101482,100,99976,100,101655,100,99918,100,,,99646,100,,,99553,100
2019-06-28 10:10:11.010769245,100453,268,100311,268,100539,263,100283,263,100747,763,100107,263,100971,100,100096,100,101248,100,100037,100,101335,100,100036,1,101482,100,100031,100,101655,100,99976,100,,,99918,100,,,99646,100
2019-06-28 10:10:20.000000000,100453,347,100311,347,100539,347,100283,347,100747,600,100107,100,100971,100,100096,100,101248,100,100037,100,101335,100,100036,1,101482,100,100031,100,101655,100,99976,100,,,99918,100,,,99646,100
2019-06-28 10:10:25.010663109,100453,347,100311,347,100539,247,100283,347,100747,600,100164,100,100971,100,100107,100,101248,100,100096,100,101335,100,100037,100,101482,100,100036,1,101655,100,100031,100,,,99976,100,,,99918,100
2019-06-28 10:10:30.000000000,100453,594,100311,594,100747,600,100283,100,100971,100,100164,100,101248,100,100107,100,101335,100,100096,100,101482,100,100037,100,101655,100,100036,1,,,100031,100,,,99976,100,,,99918,100
2019-06-28 10:10:34.778222576,100453,594,100311,494,100747,600,100283,100,100971,100,100164,100,101248,100,100107,100,101335,100,100096,100,101482,100,100037,100,101655,100,100036,1,,,100031,100,,,99976,100,,,99918,100
2019-06-28 10:10:35.041494518,100453,594,100311,394,100747,600,100283,100,100971,100,100164,100,101248,100,100107,100,101335,100,100096,100,101482,100,100037,100,101655,100,100036,1,,,100031,100,,,99976,100,,,99918,100
2019-06-28 10:10:40.000000000,100453,594,100283,594,100747,600,100164,100,100971,100,100107,100,101248,100,100096,100,101335,100,100037,100,101482,100,100036,1,101655,100,100031,100,,,99976,100,,,99918,100,,,99646,100
2019-06-28 10:10:50.000000000,100453,347,100283,347,100747,847,100164,347,100971,100,100107,100,101248,100,100096,100,101335,100,100037,100,101482,100,100036,1,101655,100,100031,100,,,99976,100,,,99918,100,,,99646,100
2019-06-28 10:11:00.000000000,100453,199,100283,199,100747,699,100164,199,100971,199,100107,199,101248,199,100096,199,101335,199,100037,199,101482,100,100036,1,101655,100,100031,100,,,99976,100,,,99918,100,,,99646,100
2019-06-28 10:11:01.977453395,100343,100,100283,199,100453,199,100164,199,100747,699,100107,199,100971,199,100096,199,101248,199,100037,199,101335,199,100036,1,101482,100,100031,100,101655,100,99976,100,,,99918,100,,,99646,100
2019-06-28 10:11:10.000000000,100343,224,100283,224,100453,224,100164,224,100747,724,100107,224,100971,224,100096,224,101248,100,100037,100,101335,100,100036,1,101482,100,100031,100,101655,100,99976,100,,,99918,100,,,99646,100
2019-06-28 10:11:20.000000000,100343,347,100283,347,100453,347,100164,347,100747,600,100107,100,100971,100,100096,100,101248,100,100037,100,101335,100,100036,1,101482,100,100031,100,101655,100,99976,100,,,99918,100,,,99646,100
