,ask_price_1,ask_size_1,bid_price_1,bid_size_1,ask_price_2,ask_size_2,bid_price_2,bid_size_2,ask_price_3,ask_size_3,bid_price_3,bid_size_3,ask_price_4,ask_size_4,bid_price_4,bid_size_4,ask_price_5,ask_size_5,bid_price_5,bid_size_5,ask_price_6,ask_size_6,bid_price_6,bid_size_6,ask_price_7,ask_size_7,bid_price_7,bid_size_7,ask_price_8,ask_size_8,bid_price_8,bid_size_8,ask_price_9,ask_size_9,bid_price_9,bid_size_9,ask_price_10,ask_size_10,bid_price_10,bid_size_10
2019-06-28 09:30:00.000000001,99981,100,99898,100,100079,100,,,,,,,,,,,,,,,,,,,,,,,,,,,,,,,,,,
2019-06-28 09:30:00.000000004,99981,100,99898,100,100041,100,,,100079,100,,,,,,,,,,,,,,,,,,,,,,,,,,,,,,
2019-06-28 09:30:00.000000007,99981,100,99898,100,100032,100,,,100041,100,,,100079,100,,,,,,,,,,,,,,,,,,,,,,,,,,
2019-06-28 09:30:00.000000008,99981,100,99898,100,100032,100,99825,100,100041,100,,,100079,100,,,,,,,,,,,,,,,,,,,,,,,,,,
2019-06-28 09:30:00.000000012,99981,100,99956,100,100032,100,99898,100,100041,100,99825,100,100079,100,,,,,,,,,,,,,,,,,,,,,,,,,,
2019-06-28 09:30:00.000000013,100032,100,99956,100,100041,100,99946,100,100079,100,99898,100,100103,100,99825,100,,,,,,,,,,,,,,,,,,,,,,,,
2019-06-28 09:30:00.000000014,100032,100,99956,100,100041,100,99946,100,100079,100,99898,100,100103,100,99845,100,,,99825,100,,,,,,,,,,,,,,,,,,,,
2019-06-28 09:30:00.000000016,100032,100,99964,100,100041,100,99956,100,100072,100,99946,100,100079,100,99898,100,100103,100,99860,100,100141,100,99845,100,,,99825,100,,,,,,,,,,,,
2019-06-28 09:30:00.000000019,100032,100,99964,100,100041,100,99956,100,100072,100,99946,100,100079,100,99906,100,100103,100,99898,100,100141,100,99860,100,,,99845,100,,,99825,100,,,,,,,,
2019-06-28 09:30:00.000000020,100032,100,99964,100,100041,100,99956,100,100072,100,99946,100,100079,100,99938,100,100103,100,99906,100,100141,100,99898,100,,,99860,100,,,99845,100,,,99825,100,,,,
2019-06-28 09:30:00.000000021,100032,100,100021,100,100041,100,99964,100,100072,100,99956,100,100079,100,99946,100,100103,100,99938,100,100141,100,99906,100,,,99898,100,,,99860,100,,,99845,100,,,99825,100
2019-06-28 09:30:00.000000023,100032,100,99964,100,100041,100,99956,100,100072,100,99946,100,100079,100,99938,100,100103,100,99906,100,100141,100,99898,100,,,99860,100,,,99845,100,,,99825,100,,,,
2019-06-28 09:30:00.000000025,100032,100,99981,100,100041,100,99964,100,100072,100,99956,100,100079,100,99946,100,100103,100,99938,100,100141,100,99906,100,,,99898,100,,,99860,100,,,99845,100,,,99825,100
2019-06-28 09:30:00.000000026,100032,100,99981,100,100041,100,99964,100,100072,100,99956,100,100074,100,99946,100,100079,100,99938,100,100103,100,99906,100,100141,100,99898,100,,,99860,100,,,99845,100,,,99825,100
2019-06-28 09:30:00.000000029,100041,100,99981,100,100072,100,99964,100,100074,100,99956,100,100079,100,99946,100,100103,100,99938,100,100141,100,99906,100,,,99898,100,,,99860,100,,,99845,100,,,99825,100
2019-06-28 09:30:00.000000031,100041,100,99981,100,100072,100,99964,100,100074,100,99956,100,100079,100,99946,100,100081,100,99938,100,100103,100,99906,100,100141,100,99898,100,,,99860,100,,,99845,100,,,99825,100
2019-06-28 09:30:00.000000032,100041,100,100021,100,100072,100,99981,100,100074,100,99964,100,100079,100,99956,100,100081,100,99946,100,100103,100,99938,100,100141,100,99906,100,,,99898,100,,,99860,100,,,99845,100
2019-06-28 09:30:00.000000034,100041,100,100021,100,100072,100,99981,100,100074,100,99964,100,100079,100,99956,100,100081,100,99946,100,100103,100,99945,100,100141,100,99938,100,,,99906,100,,,99898,100,,,99860,100
2019-06-28 09:30:00.000000035,100041,100,99981,100,100072,100,99964,100,100074,100,99956,100,100079,100,99946,100,100081,100,99945,100,100103,100,99938,100,100141,100,99906,100,,,99898,100,,,99860,100,,,99845,100
2019-06-28 09:30:00.000000036,100041,100,99981,100,100072,100,99964,100,100074,100,99956,100,100079,100,99946,100,100081,100,99945,100,100103,100,99938,100,100141,100,99906,100,,,99898,100,,,99860,100,,,99845,100
2019-06-28 09:30:00.000000037,100037,100,99996,100,100041,100,99981,100,100072,100,99964,100,100074,100,99956,100,100079,100,99946,100,100081,100,99945,100,100103,100,99938,100,100141,100,99906,100,,,99898,100,,,99860,100
2019-06-28 09:30:00.000000038,100037,100,99996,100,100041,100,99981,100,100072,100,99964,100,100074,100,99956,100,100079,100,99946,100,100081,100,99945,100,100103,100,99938,100,100141,100,99919,100,,,99906,100,,,99898,100
2019-06-28 09:30:00.000000042,100037,100,99996,100,100041,100,99981,100,100042,100,99964,100,100072,100,99956,100,100074,100,99946,100,100079,100,99945,100,100081,100,99938,100,100103,100,99919,100,100141,100,99906,100,,,99898,100
2019-06-28 09:30:00.000000043,100037,100,99996,100,100041,100,99981,100,100042,100,99964,100,100044,100,99956,100,100072,100,99946,100,100074,100,99945,100,100079,100,99938,100,100081,100,99919,100,100103,100,99906,100,100141,100,99898,100
2019-06-28 09:30:00.000000045,100037,100,99996,100,100041,100,99981,100,100042,100,99976,100,100044,100,99964,100,100072,100,99956,100,100074,100,99946,100,100079,100,99945,100,100081,100,99938,100,100103,100,99919,100,100141,100,99906,100
2019-06-28 09:30:00.000000047,100037,100,99996,100,100041,100,99981,100,100042,100,99976,100,100044,100,99964,100,100072,100,99956,100,100074,100,99946,100,100079,100,99945,100,100081,100,99938,100,100103,100,99919,100,100141,100,99906,100
2019-06-28 09:30:00.000000049,100037,100,99996,100,100041,100,99981,100,100042,100,99976,100,100044,100,99964,100,100072,100,99956,100,100074,100,99948,100,100079,100,99946,100,100081,100,99945,100,100103,100,99938,100,100141,100,99919,100
2019-06-28 09:30:00.000000056,100037,100,99996,100,100041,200,99981,100,100042,100,99976,100,100044,100,99964,100,100072,100,99956,100,100074,100,99948,100,100079,100,99946,100,100081,100,99945,100,100103,100,99938,100,100141,100,99919,100
2019-06-28 09:30:00.000000057,100037,100,99996,100,100041,200,99981,100,100042,100,99976,100,100044,100,99964,100,100072,100,99956,100,100074,100,99948,200,100079,100,99946,100,100081,100,99945,100,100103,100,99938,100,100141,100,99919,100
2019-06-28 09:30:00.000000058,100037,100,99996,100,100041,200,99981,100,100042,100,99976,100,100044,100,99964,100,100072,100,99956,100,100074,100,99948,200,100079,100,99946,100,100081,100,99945,100,100103,100,99938,100,100141,100,99919,100
2019-06-28 09:30:00.000000060,100037,100,99996,100,100041,200,99981,100,100042,100,99976,100,100044,100,99964,100,100072,100,99956,100,100074,100,99948,200,100079,100,99946,100,100081,100,99945,100,100103,100,99938,100,100141,100,99937,100
2019-06-28 09:30:00.000000064,100037,100,99996,100,100041,200,99981,100,100042,100,99976,100,100044,100,99964,100,100072,100,99956,100,100074,100,99948,200,100079,100,99946,100,100081,100,99945,100,100103,100,99938,100,100141,100,99937,100
2019-06-28 09:30:00.000000068,100037,100,99996,100,100041,200,99981,100,100042,100,99976,100,100044,100,99964,100,100072,100,99956,100,100074,100,99948,200,100079,100,99946,100,100081,100,99945,100,100090,100,99938,100,100103,100,99937,100
2019-06-28 09:30:00.000000069,100037,100,99996,100,100041,200,99981,100,100042,100,99976,100,100044,100,99964,100,100072,100,99956,100,100074,100,99948,200,100079,100,99946,100,100081,100,99945,100,100090,100,99938,100,100103,100,99937,100
2019-06-28 09:30:00.000000070,100037,100,99996,100,100041,200,99981,100,100042,100,99976,100,100044,100,99964,100,100072,100,99956,100,100074,100,99949,100,100079,100,99948,200,100081,100,99946,100,100090,100,99945,100,100103,100,99938,100
2019-06-28 09:30:00.000000073,100037,100,99996,100,100041,200,99981,100,100042,100,99976,100,100044,100,99964,100,100071,100,99956,100,100072,100,99949,100,100074,100,99948,200,100079,100,99946,100,100081,100,99945,100,100090,100,99938,100
2019-06-28 09:30:00.000000075,100025,100,99996,100,100037,100,99981,100,100041,200,99976,100,100042,100,99964,100,100044,100,99956,100,100071,100,99949,100,100072,100,99948,200,100074,100,99946,100,100079,100,99945,100,100081,100,99938,100
2019-06-28 09:30:00.000000076,100025,100,99996,100,100037,100,99981,100,100041,200,99976,100,100042,100,99964,100,100044,100,99956,100,100071,100,99949,100,100072,100,99948,200,100074,100,99946,100,100079,100,99945,100,100081,100,99938,100
2019-06-28 09:30:00.000000078,100025,100,99996,100,100037,100,99981,100,100041,200,99976,100,100042,100,99964,100,100044,100,99956,100,100071,100,99949,100,100072,100,99948,200,100074,100,99946,100,100079,100,99945,100,100081,100,99938,100
2019-06-28 09:30:00.000000079,100025,100,99996,100,100037,100,99981,100,100041,200,99976,100,100042,100,99964,100,100044,100,99956,100,100071,100,99951,100,100072,100,99949,100,100074,100,99948,200,100079,100,99946,100,100081,100,99945,100
2019-06-28 09:30:00.000000081,100025,100,100021,100,100037,100,99996,100,100041,200,99981,100,100042,100,99976,100,100044,100,99964,100,100071,100,99956,100,100072,100,99951,100,100074,100,99949,100,100079,100,99948,200,100081,100,99946,100
2019-06-28 09:30:00.000000083,100025,100,99996,100,100037,100,99981,100,100041,200,99976,100,100042,100,99964,100,100044,100,99956,100,100071,100,99951,100,100072,100,99949,100,100074,100,99948,200,100079,100,99946,100,100081,100,99945,100
2019-06-28 09:30:00.000000084,100025,100,99996,100,100037,100,99981,100,100041,200,99979,100,100042,100,99976,100,100044,100,99964,100,100071,100,99956,100,100072,100,99951,100,100074,100,99949,100,100079,100,99948,200,100081,100,99946,100
2019-06-28 09:30:00.000000086,100025,100,99996,100,100037,100,99981,100,100041,200,99979,100,100042,100,99976,100,100044,100,99964,100,100071,100,99963,100,100072,100,99956,100,100074,100,99951,100,100079,100,99949,100,100081,100,99948,200
2019-06-28 09:30:00.000000095,100037,100,99996,100,100041,200,99981,100,100042,100,99979,100,100044,100,99976,100,100071,100,99964,100,100072,100,99963,100,100074,100,99956,100,100079,100,99951,100,100081,100,99949,100,100090,100,99948,200
2019-06-28 09:30:00.000000096,100037,100,99981,100,100041,200,99979,100,100042,100,99976,100,100044,100,99964,100,100071,100,99963,100,100072,100,99956,100,100074,100,99951,100,100079,100,99949,100,100081,100,99948,200,100090,100,99946,100
2019-06-28 09:30:07.413794909,100037,100,99996,100,100041,200,99981,100,100042,100,99979,100,100044,100,99976,100,100071,100,99964,100,100072,100,99963,100,100074,100,99956,100,100079,100,99951,100,100081,100,99949,100,100090,100,99948,200
2019-06-28 09:30:10.000000000,100037,177,99996,177,100041,277,99981,177,100042,177,99979,177,100044,177,99976,177,100071,177,99964,177,100072,100,99963,100,100074,100,99956,100,100079,100,99951,100,100081,100,99949,100,100090,100,99948,200
2019-06-28 09:30:20.000000000,100037,292,99996,292,100041,392,99981,292,100042,100,99979,100,100044,100,99976,100,100071,100,99964,100,100072,100,99963,100,100074,100,99956,100,100079,100,99951,100,100081,100,99949,100,100090,100,99948,200
2019-06-28 09:30:21.589169120,100035,100,99996,292,100037,292,99981,292,100041,392,99979,100,100042,100,99976,100,100044,100,99964,100,100071,100,99963,100,100072,100,99956,100,100074,100,99951,100,100081,100,99949,100,100090,100,99948,200
2019-06-28 09:30:25.007026475,100035,100,99996,392,100037,292,99981,292,100041,392,99979,100,100042,100,99976,100,100044,100,99964,100,100071,100,99963,100,100072,100,99956,100,100074,100,99951,100,100081,100,99949,100,100090,100,99948,200
2019-06-28 09:30:30.000000000,100035,196,99996,296,100037,196,99981,196,100041,296,99979,196,100042,196,99976,196,100044,100,99964,100,100071,100,99963,100,100072,100,99956,100,100074,100,99951,100,100081,100,99949,100,100090,100,99948,200
2019-06-28 09:30:40.000000000,100035,177,99996,277,100037,177,99981,177,100041,277,99979,177,100042,177,99976,177,100044,177,99964,177,100071,100,99963,100,100072,100,99956,100,100074,100,99951,100,100081,100,99949,100,100090,100,99948,200
2019-06-28 09:30:50.000000000,100035,292,99996,392,100037,292,99981,292,100041,200,99979,100,100042,100,99976,100,100044,100,99964,100,100071,100,99963,100,100072,100,99956,100,100074,100,99951,100,100081,100,99949,100,100090,100,99948,200
2019-06-28 09:30:55.307594762,100021,100,99996,392,100035,292,99981,292,100037,292,99979,100,100041,200,99976,100,100042,100,99964,100,100044,100,99963,100,100071,100,99956,100,100072,100,99951,100,100074,100,99949,100,100081,100,99948,200
2019-06-28 09:31:00.000000000,100021,231,99996,331,100035,227,99981,227,100037,227,99979,227,100041,200,99976,100,100042,100,99964,100,100044,100,99963,100,100071,100,99956,100,100072,100,99951,100,100074,100,99949,100,100081,100,99948,200
2019-06-28 09:31:06.901518809,100021,231,99996,231,100035,227,99981,227,100037,227,99979,227,100041,200,99976,100,100042,100,99964,100,100071,100,99963,100,100072,100,99956,100,100074,100,99951,100,100081,100,99949,100,100090,100,99948,200
2019-06-28 09:31:10.000000000,100021,177,99996,177,100035,177,99981,177,100037,177,99979,177,100041,277,99976,177,100042,177,99964,177,100071,100,99963,100,100072,100,99956,100,100074,100,99951,100,100081,100,99949,100,100090,100,99948,200
2019-06-28 09:31:17.666737226,100021,177,99997,100,100035,177,99996,177,100037,177,99981,177,100041,277,99979,177,100042,177,99976,177,100071,100,99964,177,100072,100,99963,100,100074,100,99956,100,100081,100,99951,100,100090,100,99949,100
2019-06-28 09:31:20.000000000,100021,231,99997,231,100035,227,99996,227,100037,227,99981,227,100041,200,99979,100,100042,100,99976,100,100071,100,99964,100,100072,100,99963,100,100074,100,99956,100,100081,100,99951,100,100090,100,99949,100
2019-06-28 09:31:30.000000000,100021,231,99997,231,100035,227,99996,227,100037,227,99981,227,100041,200,99979,100,100042,100,99976,100,100071,100,99964,100,100072,100,99963,100,100074,100,99956,100,100081,100,99951,100,100090,100,99949,100
2019-06-28 09:31:40.000000000,100021,196,99997,196,100035,196,99996,196,100037,196,99981,196,100041,296,99979,196,100042,100,99976,100,100071,100,99964,100,100072,100,99963,100,100074,100,99956,100,100081,100,99951,100,100090,100,99949,100
2019-06-28 09:31:42.558482069,100021,196,99997,96,100035,196,99996,196,100037,196,99981,196,100041,296,99979,196,100042,100,99976,100,100071,100,99964,100,100074,100,99963,100,100081,100,99956,100,100090,100,99951,100,100093,100,99949,100
2019-06-28 09:31:49.704092080,100021,196,99997,96,100035,196,99996,196,100037,196,99981,196,100041,296,99979,196,100042,100,99976,100,100071,100,99966,100,100074,100,99964,100,100081,100,99963,100,100090,100,99956,100,100093,100,99951,100
2019-06-28 09:31:50.000000000,100021,484,99996,484,100035,100,99981,100,100037,100,99979,100,100041,200,99976,100,100042,100,99966,100,100071,100,99964,100,100074,100,99963,100,100081,100,99956,100,100090,100,99951,100,100093,100,99949,100
2019-06-28 09:31:56.073664459,100021,384,99996,484,100035,100,99981,100,100037,100,99979,100,100041,200,99976,100,100042,100,99966,100,100074,100,99964,100,100081,100,99963,100,100090,100,99956,100,100093,100,99951,100,100103,100,99949,100
2019-06-28 09:32:00.000000000,100035,177,99996,177,100037,177,99981,177,100041,277,99979,177,100042,177,99976,177,100074,177,99966,177,100081,100,99964,100,100090,100,99963,100,100093,100,99956,100,100103,100,99951,100,100117,100,99949,100
2019-06-28 09:32:00.292485657,100026,100,99996,177,100035,177,99981,177,100037,177,99979,177,100041,277,99976,177,100042,177,99966,177,100074,177,99964,100,100081,100,99963,100,100090,100,99956,100,100093,100,99951,100,100103,100,99949,100
2019-06-28 09:32:01.063090210,100026,100,99996,177,100035,177,99988,100,100037,177,99981,177,100041,277,99979,177,100042,177,99976,177,100074,177,99966,177,100081,100,99964,100,100090,100,99963,100,100093,100,99956,100,100103,100,99951,100
2019-06-28 09:32:10.000000000,100026,292,99996,292,100035,292,99988,292,100037,100,99981,100,100041,200,99979,100,100042,100,99976,100,100074,100,99966,100,100081,100,99964,100,100090,100,99963,100,100093,100,99956,100,100103,100,99951,100
2019-06-28 09:32:20.000000000,100026,196,99996,196,100035,196,99988,196,100037,196,99981,196,100041,296,99979,196,100042,100,99976,100,100074,100,99966,100,100081,100,99964,100,100090,100,99963,100,100093,100,99956,100,100103,100,99951,100
2019-06-28 09:32:30.000000000,100026,484,99996,484,100035,100,99988,100,100037,100,99981,100,100041,200,99979,100,100042,100,99976,100,100074,100,99966,100,100081,100,99964,100,100090,100,99963,100,100093,100,99956,100,100103,100,99951,100
2019-06-28 09:32:34.355139898,100026,484,99996,484,100035,100,99988,100,100037,100,99981,100,100041,200,99979,100,100042,100,99976,100,100074,100,99966,100,100081,100,99964,100,100090,100,99963,100,100093,100,99956,100,100103,100,99951,100
2019-06-28 09:32:40.000000000,100026,196,99996,196,100035,196,99988,196,100037,196,99981,196,100041,296,99979,196,100042,100,99976,100,100074,100,99966,100,100081,100,99964,100,100090,100,99963,100,100093,100,99956,100,100103,100,99951,100
2019-06-28 09:32:42.551476225,100026,196,99998,100,100035,196,99996,196,100037,196,99988,196,100041,296,99981,196,100042,100,99979,196,100074,100,99976,100,100081,100,99966,100,100090,100,99964,100,100093,100,99963,100,100103,100,99956,100
2019-06-28 09:32:50.000000000,100026,231,99998,231,100035,227,99996,227,100037,227,99988,227,100041,200,99981,100,100042,100,99979,100,100074,100,99976,100,100081,100,99966,100,100090,100,99964,100,100093,100,99963,100,100103,100,99956,100
2019-06-28 09:32:56.513316877,100026,131,99998,231,100035,227,99996,227,100037,227,99988,227,100041,200,99981,100,100074,100,99979,100,100081,100,99976,100,100090,100,99966,100,100093,100,99964,100,100103,100,99963,100,100117,100,99956,100
2019-06-28 09:33:00.000000000,100035,196,99998,196,100037,196,99996,196,100041,296,99988,196,100074,196,99981,196,100081,100,99979,100,100090,100,99976,100,100093,100,99966,100,100103,100,99964,100,100117,100,99963,100,100141,100,99956,100
2019-06-28 09:33:10.000000000,100035,177,99998,177,100037,177,99996,177,100041,277,99988,177,100074,177,99981,177,100081,177,99979,177,100090,100,99976,100,100093,100,99966,100,100103,100,99964,100,100117,100,99963,100,100141,100,99956,100
2019-06-28 09:33:15.895610111,100035,177,99998,177,100037,177,99996,177,100041,277,99988,177,100074,177,99981,177,100081,177,99979,177,100090,100,99976,100,100093,100,99966,100,100103,100,99964,100,100117,100,99963,100,100141,100,99956,100
2019-06-28 09:33:19.203166596,100020,100,99998,177,100035,177,99996,177,100037,177,99988,177,100041,277,99981,177,100074,177,99979,177,100081,177,99976,100,100090,100,99966,100,100093,100,99964,100,100103,100,99963,100,100117,100,99956,100
2019-06-28 09:33:20.000000000,100020,177,99998,177,100035,177,99996,177,100037,177,99988,177,100041,277,99981,177,100074,177,99979,177,100081,100,99976,100,100090,100,99966,100,100093,100,99964,100,100103,100,99963,100,100117,100,99956,100
2019-06-28 09:33:30.000000000,100020,292,99998,292,100035,292,99996,292,100037,100,99988,100,100041,200,99981,100,100074,100,99979,100,100081,100,99976,100,100090,100,99966,100,100093,100,99964,100,100103,100,99963,100,100117,100,99956,100
2019-06-28 09:33:40.000000000,100020,196,99998,196,100035,196,99996,196,100037,196,99988,196,100041,296,99981,196,100074,100,99979,100,100081,100,99976,100,100090,100,99966,100,100093,100,99964,100,100103,100,99963,100,100117,100,99956,100
2019-06-28 09:33:44.314838757,100020,196,99998,196,100035,196,99996,196,100037,196,99988,196,100041,296,99981,196,100074,100,99979,100,100081,100,99976,100,100090,100,99966,100,100093,100,99964,100,100103,100,99963,100,100117,100,99956,100
2019-06-28 09:33:50.000000000,100020,231,99998,231,100035,227,99996,227,100037,227,99988,227,100041,200,99981,100,100074,100,99979,100,100081,100,99976,100,100090,100,99966,100,100093,100,99964,100,100103,100,99963,100,100117,100,99956,100
2019-06-28 09:34:00.000000000,100020,231,99998,231,100035,227,99996,227,100037,227,99988,227,100041,200,99981,100,100074,100,99979,100,100081,100,99976,100,100090,100,99966,100,100093,100,99964,100,100103,100,99963,100,100117,100,99956,100
2019-06-28 09:34:10.000000000,100020,484,99998,484,100035,100,99996,100,100037,100,99988,100,100041,200,99981,100,100074,100,99979,100,100081,100,99976,100,100090,100,99966,100,100093,100,99964,100,100103,100,99963,100,100117,100,99956,100
2019-06-28 09:34:13.542129077,100020,484,99998,384,100035,100,99996,100,100037,100,99988,100,100041,200,99981,100,100074,100,99979,100,100081,100,99976,100,100090,100,99966,100,100093,100,99964,100,100103,100,99963,100,100117,100,99956,100
2019-06-28 09:34:20.000000000,100020,231,99996,231,100035,227,99988,227,100037,227,99981,227,100041,200,99979,100,100074,100,99976,100,100081,100,99966,100,100090,100,99964,100,100093,100,99963,100,100103,100,99956,100,100117,100,99951,100
2019-06-28 09:34:30.000000000,100020,484,99996,484,100035,100,99988,100,100037,100,99981,100,100041,200,99979,100,100074,100,99976,100,100081,100,99966,100,100090,100,99964,100,100093,100,99963,100,100103,100,99956,100,100117,100,99951,100
2019-06-28 09:34:40.000000000,100020,177,99996,177,100035,177,99988,177,100037,177,99981,177,100041,277,99979,177,100074,177,99976,177,100081,100,99966,100,100090,100,99964,100,100093,100,99963,100,100103,100,99956,100,100117,100,99951,100
2019-06-28 09:34:49.698101413,100020,177,99996,177,100035,177,99988,177,100037,177,99981,177,100041,277,99979,177,100074,177,99976,177,100081,100,99966,100,100090,100,99964,100,100093,100,99963,100,100099,100,99956,100,100103,100,99951,100
2019-06-28 09:34:50.000000000,100020,196,99996,196,100035,196,99988,196,100037,196,99981,196,100041,296,99979,196,100074,100,99976,100,100081,100,99966,100,100090,100,99964,100,100093,100,99963,100,100099,100,99956,100,100103,100,99951,100
2019-06-28 09:34:59.118533698,100020,96,99996,196,100035,196,99988,196,100037,196,99981,196,100041,296,99979,196,100074,100,99966,100,100081,100,99964,100,100090,100,99963,100,100093,100,99956,100,100099,100,99951,100,100103,100,99949,100
2019-06-28 09:35:00.000000000,100035,177,99996,177,100037,177,99988,177,100041,277,99981,177,100074,177,99979,177,100081,177,99966,177,100090,100,99964,100,100093,100,99963,100,100099,100,99956,100,100103,100,99951,100,100117,100,99949,100
2019-06-28 09:35:01.859238439,100035,177,99996,77,100037,177,99988,177,100041,277,99981,177,100074,177,99979,177,100081,177,99966,177,100090,100,99964,100,100093,100,99963,100,100099,100,99956,100,100103,100,99951,100,100117,100,99949,100
2019-06-28 09:35:04.492461523,100035,177,99999,100,100037,177,99996,77,100041,277,99988,177,100074,177,99981,177,100081,177,99979,177,100090,100,99966,177,100093,100,99964,100,100099,100,99963,100,100103,100,99956,100,100117,100,99951,100
2019-06-28 09:35:10.000000000,100035,177,99999,177,100037,177,99988,177,100041,277,99981,177,100074,177,99979,177,100081,177,99966,177,100090,100,99964,100,100093,100,99963,100,100099,100,99956,100,100103,100,99951,100,100117,100,99949,100
2019-06-28 09:35:20.000000000,100035,484,99999,484,100037,100,99988,100,100041,200,99981,100,100074,100,99979,100,100081,100,99966,100,100090,100,99964,100,100093,100,99963,100,100099,100,99956,100,100103,100,99951,100,100117,100,99949,100
2019-06-28 09:35:25.452312025,100035,484,99999,484,100037,100,99988,100,100041,200,99984,100,100074,100,99981,100,100081,100,99979,100,100090,100,99966,100,100093,100,99964,100,100099,100,99963,100,100103,100,99956,100,100117,100,99951,100
2019-06-28 09:35:30.000000000,100035,231,99999,231,100037,227,99988,227,100041,327,99984,227,100074,100,99981,100,100081,100,99979,100,100090,100,99966,100,100093,100,99964,100,100099,100,99963,100,100103,100,99956,100,100117,100,99951,100
2019-06-28 09:35:32.931229310,100035,231,99999,231,100037,227,99988,227,100041,327,99984,227,100074,100,99981,100,100081,100,99979,100,100090,100,99966,100,100093,100,99964,100,100099,100,99963,100,100103,100,99956,100,100117,100,99951,100
2019-06-28 09:35:40.000000000,100035,196,99999,196,100037,196,99988,196,100041,296,99984,196,100074,196,99981,196,100081,100,99979,100,100090,100,99966,100,100093,100,99964,100,100099,100,99963,100,100103,100,99956,100,100117,100,99951,100
2019-06-28 09:35:50.000000000,100035,177,99999,177,100037,177,99988,177,100041,277,99984,177,100074,177,99981,177,100081,177,99979,177,100090,100,99966,100,100093,100,99964,100,100099,100,99963,100,100103,100,99956,100,100117,100,99951,100
2019-06-28 09:36:00.000000000,100035,196,99999,196,100037,196,99988,196,100041,296,99984,196,100074,196,99981,196,100081,100,99979,100,100090,100,99966,100,100093,100,99964,100,100099,100,99963,100,100103,100,99956,100,100117,100,99951,100
2019-06-28 09:36:10.000000000,100035,177,99999,177,100037,177,99988,177,100041,277,99984,177,100074,177,99981,177,100081,177,99979,177,100090,100,99966,100,100093,100,99964,100,100099,100,99963,100,100103,100,99956,100,100117,100,99951,100
2019-06-28 09:36:20.000000000,100035,292,99999,292,100037,292,99988,292,100041,200,99984,100,100074,100,99981,100,100081,100,99979,100,100090,100,99966,100,100093,100,99964,100,100099,100,99963,100,100103,100,99956,100,100117,100,99951,100
2019-06-28 09:36:23.650041515,100035,292,99999,292,100037,292,99988,292,100041,200,99984,100,100074,100,99981,100,100081,100,99979,100,100090,100,99966,100,100093,100,99964,100,100099,100,99963,100,100117,100,99956,100,100141,100,99951,100
2019-06-28 09:36:27.617222235,100019,100,99999,292,100035,292,99988,292,100037,292,99984,100,100041,200,99981,100,100074,100,99979,100,100081,100,99966,100,100090,100,99964,100,100093,100,99963,100,100099,100,99956,100,100117,100,99951,100
2019-06-28 09:36:30.000000000,100019,231,99999,231,100035,227,99988,227,100037,227,99984,227,100041,200,99981,100,100074,100,99979,100,100081,100,99966,100,100090,100,99964,100,100093,100,99963,100,100099,100,99956,100,100117,100,99951,100
2019-06-28 09:36:40.000000000,100019,231,99999,231,100035,227,99988,227,100037,227,99984,227,100041,200,99981,100,100074,100,99979,100,100081,100,99966,100,100090,100,99964,100,100093,100,99963,100,100099,100,99956,100,100117,100,99951,100
2019-06-28 09:36:50.000000000,100019,177,99999,177,100035,177,99988,177,100037,177,99984,177,100041,277,99981,177,100074,177,99979,177,100081,100,99966,100,100090,100,99964,100,100093,100,99963,100,100099,100,99956,100,100117,100,99951,100
2019-06-28 09:37:00.000000000,100019,196,99999,196,100035,196,99988,196,100037,196,99984,196,100041,296,99981,196,100074,100,99979,100,100081,100,99966,100,100090,100,99964,100,100093,100,99963,100,100099,100,99956,100,100117,100,99951,100
2019-06-28 09:37:10.000000000,100019,196,99999,196,100035,196,99988,196,100037,196,99984,196,100041,296,99981,196,100074,100,99979,100,100081,100,99966,100,100090,100,99964,100,100093,100,99963,100,100099,100,99956,100,100117,100,99951,100
2019-06-28 09:37:20.000000000,100019,196,99999,196,100035,196,99988,196,100037,196,99984,196,100041,296,99981,196,100074,100,99979,100,100081,100,99966,100,100090,100,99964,100,100093,100,99963,100,100099,100,99956,100,100117,100,99951,100
2019-06-28 09:37:23.951278124,100019,296,99999,196,100035,196,99988,196,100037,196,99984,196,100041,296,99981,196,100074,100,99979,100,100081,100,99966,100,100090,100,99964,100,100093,100,99963,100,100099,100,99956,100,100117,100,99951,100
2019-06-28 09:37:24.594635816,100019,296,99999,96,100035,196,99988,196,100037,196,99984,196,100041,296,99981,196,100074,100,99979,100,100090,100,99966,100,100093,100,99964,100,100099,100,99963,100,100117,100,99956,100,100141,100,99951,100
2019-06-28 09:37:25.962289907,100018,100,99999,96,100019,296,99988,196,100035,196,99984,196,100037,196,99981,96,100041,296,99979,100,100074,100,99966,100,100090,100,99964,100,100093,100,99963,100,100099,100,99956,100,100117,100,99951,100
2019-06-28 09:37:30.000000000,100018,484,99988,484,100019,200,99984,100,100035,100,99979,100,100037,100,99966,100,100041,200,99964,100,100074,100,99963,100,100090,100,99956,100,100093,100,99951,100,100099,100,99949,100,100117,100,99948,200
2019-06-28 09:37:36.308646692,100018,484,99988,484,100019,200,99984,100,100035,100,99979,100,100037,100,99966,100,100041,200,99964,100,100074,100,99963,100,100090,100,99956,100,100093,100,99951,100,100099,100,99949,100,100117,100,99948,200
2019-06-28 09:37:40.000000000,100018,231,99988,231,100019,327,99984,227,100035,227,99979,227,100037,100,99966,100,100041,200,99964,100,100074,100,99963,100,100090,100,99956,100,100093,100,99951,100,100099,100,99949,100,100117,100,99948,200
2019-06-28 09:37:48.973239875,100018,331,99988,231,100019,327,99984,227,100035,227,99979,227,100037,100,99966,100,100041,200,99964,100,100074,100,99963,100,100090,100,99956,100,100093,100,99951,100,100099,100,99949,100,100117,100,99948,200
2019-06-28 09:37:50.000000000,100018,277,99988,177,100019,277,99984,177,100035,177,99979,177,100037,177,99966,177,100041,277,99964,177,100074,100,99963,100,100090,100,99956,100,100093,100,99951,100,100099,100,99949,100,100117,100,99948,200
2019-06-28 09:38:00.000000000,100018,392,99988,292,100019,392,99984,292,100035,100,99979,100,100037,100,99966,100,100041,200,99964,100,100074,100,99963,100,100090,100,99956,100,100093,100,99951,100,100099,100,99949,100,100117,100,99948,200
2019-06-28 09:38:10.000000000,100018,331,99988,231,100019,327,99984,227,100035,227,99979,227,100037,100,99966,100,100041,200,99964,100,100074,100,99963,100,100090,100,99956,100,100093,100,99951,100,100099,100,99949,100,100117,100,99948,200
2019-06-28 09:38:20.000000000,100018,296,99988,196,100019,296,99984,196,100035,196,99979,196,100037,196,99966,196,100041,200,99964,100,100074,100,99963,100,100090,100,99956,100,100093,100,99951,100,100099,100,99949,100,100117,100,99948,200
2019-06-28 09:38:29.865314840,100018,196,99988,196,100019,296,99984,196,100035,196,99979,196,100037,196,99966,196,100041,200,99964,100,100074,100,99963,100,100090,100,99956,100,100093,100,99951,100,100099,100,99949,100,100117,100,99948,200
2019-06-28 09:38:30.000000000,100018,484,99988,484,100019,200,99984,100,100035,100,99979,100,100037,100,99966,100,100041,200,99964,100,100074,100,99963,100,100090,100,99956,100,100093,100,99951,100,100099,100,99949,100,100117,100,99948,200
2019-06-28 09:38:34.608582140,100018,584,99988,484,100019,200,99984,100,100035,100,99979,100,100037,100,99966,100,100041,200,99964,100,100074,100,99963,100,100090,100,99956,100,100093,100,99951,100,100099,100,99949,100,100117,100,99948,200
2019-06-28 09:38:37.308625869,100018,684,99988,484,100019,200,99984,100,100035,100,99979,100,100037,100,99966,100,100041,200,99964,100,100074,100,99963,100,100090,100,99956,100,100093,100,99951,100,100099,100,99949,100,100117,100,99948,200
2019-06-28 09:38:40.000000000,100018,377,99988,177,100019,277,99984,177,100035,177,99979,177,100037,177,99966,177,100041,277,99964,177,100074,100,99963,100,100090,100,99956,100,100093,100,99951,100,100099,100,99949,100,100117,100,99948,200
2019-06-28 09:38:50.000000000,100018,492,99988,292,100019,392,99984,292,100035,100,99979,100,100037,100,99966,100,100041,200,99964,100,100074,100,99963,100,100090,100,99956,100,100093,100,99951,100,100099,100,99949,100,100117,100,99948,200
2019-06-28 09:39:00.000000000,100018,431,99988,231,100019,327,99984,227,100035,227,99979,227,100037,100,99966,100,100041,200,99964,100,100074,100,99963,100,100090,100,99956,100,100093,100,99951,100,100099,100,99949,100,100117,100,99948,200
2019-06-28 09:39:10.000000000,100018,684,99988,484,100019,200,99984,100,100035,100,99979,100,100037,100,99966,100,100041,200,99964,100,100074,100,99963,100,100090,100,99956,100,100093,100,99951,100,100099,100,99949,100,100117,100,99948,200
2019-06-28 09:39:14.835249726,100018,684,99988,384,100019,200,99984,100,100035,100,99979,100,100037,100,99966,100,100041,200,99964,100,100074,100,99963,100,100090,100,99956,100,100093,100,99951,100,100099,100,99949,100,100117,100,99948,200
2019-06-28 09:39:20.000000000,100018,492,99984,292,100019,392,99979,292,100035,100,99966,100,100037,100,99964,100,100041,200,99963,100,100074,100,99956,100,100090,100,99951,100,100093,100,99949,100,100099,100,99948,200,100117,100,99938,100
2019-06-28 09:39:21.004595905,100018,492,99984,292,100019,392,99979,292,100035,100,99966,100,100037,100,99964,100,100041,200,99963,100,100074,100,99956,100,100090,100,99951,100,100093,100,99949,100,100099,100,99948,200,100117,100,99938,100
2019-06-28 09:39:30.000000000,100018,492,99984,292,100019,392,99979,292,100035,100,99966,100,100037,100,99964,100,100041,200,99963,100,100074,100,99956,100,100090,100,99951,100,100093,100,99949,100,100099,100,99948,200,100117,100,99938,100
2019-06-28 09:39:40.000000000,100018,377,99984,177,100019,277,99979,177,100035,177,99966,177,100037,177,99964,177,100041,277,99963,177,100074,100,99956,100,100090,100,99951,100,100093,100,99949,100,100099,100,99948,200,100117,100,99938,100
2019-06-28 09:39:47.121730486,100018,377,99984,77,100019,277,99979,177,100035,177,99966,177,100037,177,99964,177,100041,277,99963,177,100074,100,99956,100,100090,100,99951,100,100093,100,99949,100,100099,100,99948,200,100238,100,99938,100
2019-06-28 09:39:50.000000000,100018,684,99979,484,100019,200,99966,100,100035,100,99964,100,100037,100,99963,100,100041,200,99956,100,100074,100,99951,100,100090,100,99949,100,100093,100,99948,200,100099,100,99938,100,100238,100,99937,100
2019-06-28 09:39:56.832042443,100018,684,99979,384,100019,200,99966,100,100035,100,99964,100,100037,100,99963,100,100041,200,99956,100,100074,100,99951,100,100090,100,99949,100,100093,100,99948,200,100099,100,99938,100,100238,100,99937,100
2019-06-28 09:40:00.000000000,100018,492,99966,292,100019,392,99964,292,100035,100,99963,100,100037,100,99956,100,100041,200,99951,100,100074,100,99949,100,100090,100,99948,200,100093,100,99938,100,100099,100,99937,100,100238,100,99925,100
2019-06-28 09:40:02.343211268,100018,492,99966,292,100019,392,99964,292,100035,100,99963,100,100037,100,99956,100,100041,200,99951,100,100074,100,99949,100,100090,100,99948,200,100093,100,99938,100,100099,100,99937,100,100238,100,99925,100
2019-06-28 09:40:10.000000000,100018,684,99966,484,100019,200,99964,100,100035,100,99963,100,100037,100,99956,100,100041,200,99951,100,100074,100,99949,100,100090,100,99948,200,100093,100,99938,100,100099,100,99937,100,100238,100,99925,100
2019-06-28 09:40:20.000000000,100018,492,99966,292,100019,392,99964,292,100035,100,99963,100,100037,100,99956,100,100041,200,99951,100,100074,100,99949,100,100090,100,99948,200,100093,100,99938,100,100099,100,99937,100,100238,100,99925,100
2019-06-28 09:40:30.000000000,100018,396,99966,196,100019,296,99964,196,100035,196,99963,196,100037,196,99956,196,100041,200,99951,100,100074,100,99949,100,100090,100,99948,200,100093,100,99938,100,100099,100,99937,100,100238,100,99925,100
2019-06-28 09:40:39.844933517,100018,396,99966,196,100019,296,99964,196,100035,196,99963,196,100037,196,99956,196,100041,200,99951,100,100074,100,99949,100,100090,100,99948,200,100093,100,99938,100,100099,100,99937,100,100238,100,99925,100
2019-06-28 09:40:40.000000000,100018,431,99966,231,100019,327,99964,227,100035,227,99963,227,100037,100,99956,100,100041,200,99951,100,100074,100,99949,100,100090,100,99948,200,100093,100,99938,100,100099,100,99937,100,100238,100,99925,100
2019-06-28 09:40:40.290936644,100018,431,99966,131,100019,327,99964,227,100035,227,99963,227,100037,100,99956,100,100041,200,99951,100,100074,100,99949,100,100090,100,99948,200,100093,100,99938,100,100238,100,99937,100,,,99925,100
2019-06-28 09:40:50.000000000,100018,396,99964,196,100019,296,99963,196,100035,196,99956,196,100037,196,99951,196,100041,200,99949,100,100074,100,99948,200,100090,100,99938,100,100093,100,99937,100,100238,100,99925,100,,,99919,100
2019-06-28 09:41:00.000000000,100018,396,99964,196,100019,296,99963,196,100035,196,99956,196,100037,196,99951,196,100041,200,99949,100,100074,100,99948,200,100090,100,99938,100,100093,100,99937,100,100238,100,99925,100,,,99919,100
2019-06-28 09:41:01.583986434,100018,396,99964,196,100019,296,99963,196,100035,196,99956,196,100037,196,99951,196,100041,200,99949,100,100074,100,99948,200,100090,100,99938,100,100093,100,99937,100,100238,100,99925,100,,,99919,100
2019-06-28 09:41:10.000000000,100018,492,99964,292,100019,392,99963,292,100035,100,99956,100,100037,100,99951,100,100041,200,99949,100,100074,100,99948,200,100090,100,99938,100,100093,100,99937,100,100238,100,99925,100,,,99919,100
2019-06-28 09:41:20.000000000,100018,492,99964,292,100019,392,99963,292,100035,100,99956,100,100037,100,99951,100,100041,200,99949,100,100074,100,99948,200,100090,100,99938,100,100093,100,99937,100,100238,100,99925,100,,,99919,100
2019-06-28 09:41:25.935603728,100018,492,99964,292,100019,392,99963,292,100035,100,99956,100,100037,100,99951,100,100041,200,99949,100,100074,100,99948,200,100090,100,99938,100,100093,100,99937,100,,,99925,100,,,99919,100
2019-06-28 09:41:30.000000000,100018,431,99964,231,100019,327,99963,227,100035,227,99956,227,100037,100,99951,100,100041,200,99949,100,100074,100,99948,200,100090,100,99938,100,100093,100,99937,100,,,99925,100,,,99919,100
2019-06-28 09:41:40.000000000,100018,377,99964,177,100019,277,99963,177,100035,177,99956,177,100037,177,99951,177,100041,277,99949,177,100074,100,99948,200,100090,100,99938,100,100093,100,99937,100,,,99925,100,,,99919,100
2019-06-28 09:41:40.267316194,99979,100,99964,177,100018,377,99963,177,100019,277,99956,177,100035,177,99951,177,100037,177,99949,177,100041,277,99948,200,100074,100,99938,100,100090,100,99937,100,100093,100,99925,100,,,99919,100
2019-06-28 09:41:50.000000000,99979,292,99964,292,100018,492,99963,292,100019,200,99956,100,100035,100,99951,100,100037,100,99949,100,100041,200,99948,200,100074,100,99938,100,100090,100,99937,100,100093,100,99925,100,,,99919,100
2019-06-28 09:42:00.000000000,99979,231,99964,231,100018,427,99963,227,100019,327,99956,227,100035,100,99951,100,100037,100,99949,100,100041,200,99948,200,100074,100,99938,100,100090,100,99937,100,100093,100,99925,100,,,99919,100
2019-06-28 09:42:05.086993431,99979,331,99964,231,100018,427,99963,227,100019,327,99956,227,100035,100,99951,100,100037,100,99949,100,100041,100,99948,200,100074,100,99938,100,100090,100,99937,100,100093,100,99925,100,,,99919,100
2019-06-28 09:42:10.000000000,99979,392,99964,292,100018,492,99963,292,100019,200,99956,100,100035,100,99951,100,100037,100,99949,100,100041,100,99948,200,100074,100,99938,100,100090,100,99937,100,100093,100,99925,100,,,99919,100
2019-06-28 09:42:11.270216377,99979,492,99964,292,100018,492,99963,292,100019,200,99956,100,100035,100,99951,100,100037,100,99949,100,100041,100,99948,200,100074,100,99938,100,100090,100,99937,100,100093,100,99925,100,,,99919,100
2019-06-28 09:42:13.310795538,99979,492,99964,292,100018,492,99963,292,100019,200,99956,100,100035,100,99951,100,100037,100,99949,100,100041,100,99948,100,100074,100,99938,100,100090,100,99937,100,100093,100,99925,100,,,99919,100
2019-06-28 09:42:20.000000000,99979,431,99964,231,100018,427,99963,227,100019,327,99956,227,100035,100,99951,100,100037,100,99949,100,100041,100,99948,100,100074,100,99938,100,100090,100,99937,100,100093,100,99925,100,,,99919,100
2019-06-28 09:42:30.000000000,99979,377,99964,177,100018,377,99963,177,100019,277,99956,177,100035,177,99951,177,100037,177,99949,177,100041,100,99948,100,100074,100,99938,100,100090,100,99937,100,100093,100,99925,100,,,99919,100
2019-06-28 09:42:33.086938183,99979,377,99964,77,100018,377,99963,177,100019,277,99956,177,100035,177,99951,177,100037,177,99949,177,100041,100,99948,100,100074,100,99938,100,100090,100,99937,100,100093,100,99925,100,,,99919,100
2019-06-28 09:42:40.000000000,99979,492,99963,292,100018,492,99956,292,100019,200,99951,100,100035,100,99949,100,100037,100,99948,100,100041,100,99938,100,100074,100,99937,100,100090,100,99925,100,100093,100,99919,100,,,99906,100
2019-06-28 09:42:47.082251199,99979,492,99963,292,100018,492,99956,292,100019,200,99951,100,100035,100,99949,100,100037,100,99948,100,100041,100,99937,100,100074,100,99925,100,100090,100,99919,100,100093,100,99906,100,,,99902,100
2019-06-28 09:42:50.000000000,99979,684,99963,484,100018,300,99956,100,100019,200,99951,100,100035,100,99949,100,100037,100,99948,100,100041,100,99937,100,100074,100,99925,100,100090,100,99919,100,100093,100,99906,100,,,99902,100
2019-06-28 09:43:00.000000000,99979,396,99963,196,100018,396,99956,196,100019,296,99951,196,100035,196,99949,196,100037,100,99948,100,100041,100,99937,100,100074,100,99925,100,100090,100,99919,100,100093,100,99906,100,,,99902,100
2019-06-28 09:43:10.000000000,99979,396,99963,196,100018,396,99956,196,100019,296,99951,196,100035,196,99949,196,100037,100,99948,100,100041,100,99937,100,100074,100,99925,100,100090,100,99919,100,100093,100,99906,100,,,99902,100
2019-06-28 09:43:20.000000000,99979,396,99963,196,100018,396,99956,196,100019,296,99951,196,100035,196,99949,196,100037,100,99948,100,100041,100,99937,100,100074,100,99925,100,100090,100,99919,100,100093,100,99906,100,,,99902,100
2019-06-28 09:43:26.817766728,99966,100,99963,196,99979,396,99956,196,100018,396,99951,196,100019,296,99949,196,100035,196,99948,100,100037,100,99937,100,100041,100,99925,100,100074,100,99919,100,100090,100,99902,100,100093,100,99898,100
2019-06-28 09:43:30.000000000,99966,177,99963,177,99979,377,99956,177,100018,377,99951,177,100019,277,99949,177,100035,177,99948,177,100037,100,99937,100,100041,100,99925,100,100074,100,99919,100,100090,100,99902,100,100093,100,99898,100
2019-06-28 09:43:40.000000000,99966,292,99963,292,99979,492,99956,292,100018,300,99951,100,100019,200,99949,100,100035,100,99948,100,100037,100,99937,100,100041,100,99925,100,100074,100,99919,100,100090,100,99902,100,100093,100,99898,100
2019-06-28 09:43:50.000000000,99966,196,99963,196,99979,396,99956,196,100018,396,99951,196,100019,296,99949,196,100035,100,99948,100,100037,100,99937,100,100041,100,99925,100,100074,100,99919,100,100090,100,99902,100,100093,100,99898,100
2019-06-28 09:44:00.000000000,99966,177,99963,177,99979,377,99956,177,100018,377,99951,177,100019,277,99949,177,100035,177,99948,177,100037,100,99937,100,100041,100,99925,100,100074,100,99919,100,100090,100,99902,100,100093,100,99898,100
2019-06-28 09:44:10.000000000,99966,177,99963,177,99979,377,99956,177,100018,377,99951,177,100019,277,99949,177,100035,177,99948,177,100037,100,99937,100,100041,100,99925,100,100074,100,99919,100,100090,100,99902,100,100093,100,99898,100
2019-06-28 09:44:16.053583161,99966,177,99963,177,99979,377,99956,177,100018,377,99951,177,100019,277,99949,177,100035,177,99948,177,100037,100,99937,100,100041,100,99925,100,100074,100,99919,100,100090,100,99902,100,100093,100,99898,100
2019-06-28 09:44:20.000000000,99966,177,99963,177,99979,377,99956,177,100018,377,99951,177,100019,277,99949,177,100035,177,99948,177,100037,100,99937,100,100041,100,99925,100,100074,100,99919,100,100090,100,99902,100,100093,100,99898,100
2019-06-28 09:44:28.670975906,99966,277,99963,177,99979,377,99956,177,100018,377,99951,177,100019,277,99949,177,100035,177,99948,177,100037,100,99937,100,100041,100,99925,100,100074,100,99919,100,100090,100,99902,100,100093,100,99898,100
2019-06-28 09:44:30.000000000,99966,584,99963,484,99979,300,99956,100,100018,300,99951,100,100019,200,99949,100,100035,100,99948,100,100037,100,99937,100,100041,100,99925,100,100074,100,99919,100,100090,100,99902,100,100093,100,99898,100
2019-06-28 09:44:39.297868902,99966,584,99963,484,99979,300,99956,100,100018,300,99951,100,100019,200,99949,100,100035,100,99948,100,100037,100,99937,100,100041,100,99925,100,100074,100,99919,100,100090,100,99902,100,100093,100,99898,100
2019-06-28 09:44:40.000000000,99966,277,99963,177,99979,377,99956,177,100018,377,99951,177,100019,277,99949,177,100035,177,99948,177,100037,100,99937,100,100041,100,99925,100,100074,100,99919,100,100090,100,99902,100,100093,100,99898,100
2019-06-28 09:44:50.000000000,99966,392,99963,292,99979,492,99956,292,100018,300,99951,100,100019,200,99949,100,100035,100,99948,100,100037,100,99937,100,100041,100,99925,100,100074,100,99919,100,100090,100,99902,100,100093,100,99898,100
2019-06-28 09:45:00.000000000,99966,584,99963,484,99979,300,99956,100,100018,300,99951,100,100019,200,99949,100,100035,100,99948,100,100037,100,99937,100,100041,100,99925,100,100074,100,99919,100,100090,100,99902,100,100093,100,99898,100
2019-06-28 09:45:10.000000000,99966,392,99963,292,99979,492,99956,292,100018,300,99951,100,100019,200,99949,100,100035,100,99948,100,100037,100,99937,100,100041,100,99925,100,100074,100,99919,100,100090,100,99902,100,100093,100,99898,100
2019-06-28 09:45:18.722902284,99966,492,99963,292,99979,492,99956,292,100018,300,99951,100,100019,200,99949,100,100035,100,99948,100,100037,100,99937,100,100041,100,99925,100,100074,100,99919,100,100090,100,99902,100,100093,100,99898,100
2019-06-28 09:45:20.000000000,99966,396,99963,196,99979,396,99956,196,100018,396,99951,196,100019,296,99949,196,100035,100,99948,100,100037,100,99937,100,100041,100,99925,100,100074,100,99919,100,100090,100,99902,100,100093,100,99898,100
2019-06-28 09:45:30.000000000,99966,684,99963,484,99979,300,99956,100,100018,300,99951,100,100019,200,99949,100,100035,100,99948,100,100037,100,99937,100,100041,100,99925,100,100074,100,99919,100,100090,100,99902,100,100093,100,99898,100
2019-06-28 09:45:33.821120518,99966,684,99963,484,99979,300,99956,100,100018,300,99951,100,100019,200,99949,100,100035,100,99948,100,100037,100,99937,100,100041,100,99925,100,100074,100,99919,100,100090,100,99902,100,100093,100,99898,100
2019-06-28 09:45:40.000000000,99966,396,99963,196,99979,396,99956,196,100018,396,99951,196,100019,296,99949,196,100035,100,99948,100,100037,100,99937,100,100041,100,99925,100,100074,100,99919,100,100090,100,99902,100,100093,100,99898,100
2019-06-28 09:45:40.066909431,99966,396,99963,196,99979,396,99956,196,100018,396,99951,196,100019,296,99949,196,100035,100,99948,100,100037,100,99937,100,100041,100,99925,100,100074,100,99919,100,100090,100,99902,100,100093,100,99898,100
2019-06-28 09:45:50.000000000,99966,492,99963,292,99979,492,99956,292,100018,300,99951,100,100019,200,99949,100,100035,100,99948,100,100037,100,99937,100,100041,100,99925,100,100074,100,99919,100,100090,100,99902,100,100093,100,99898,100
2019-06-28 09:45:52.505410138,99966,592,99963,292,99979,392,99956,292,100018,300,99951,100,100019,200,99949,100,100035,100,99948,100,100037,100,99937,100,100041,100,99925,100,100074,100,99919,100,100090,100,99902,100,100093,100,99898,100
2019-06-28 09:46:00.000000000,99966,477,99963,177,99979,277,99956,177,100018,377,99951,177,100019,277,99949,177,100035,177,99948,177,100037,100,99937,100,100041,100,99925,100,100074,100,99919,100,100090,100,99902,100,100093,100,99898,100
2019-06-28 09:46:10.000000000,99966,784,99963,484,99979,200,99956,100,100018,300,99951,100,100019,200,99949,100,100035,100,99948,100,100037,100,99937,100,100041,100,99925,100,100074,100,99919,100,100090,100,99902,100,100093,100,99898,100
2019-06-28 09:46:20.000000000,99966,592,99963,292,99979,392,99956,292,100018,300,99951,100,100019,200,99949,100,100035,100,99948,100,100037,100,99937,100,100041,100,99925,100,100074,100,99919,100,100090,100,99902,100,100093,100,99898,100
2019-06-28 09:46:30.000000000,99966,531,99963,231,99979,327,99956,227,100018,427,99951,227,100019,200,99949,100,100035,100,99948,100,100037,100,99937,100,100041,100,99925,100,100074,100,99919,100,100090,100,99902,100,100093,100,99898,100
2019-06-28 09:46:38.236043333,99966,431,99963,231,99979,327,99956,227,100018,427,99951,227,100019,200,99949,100,100035,100,99948,100,100037,100,99937,100,100041,100,99925,100,100074,100,99919,100,100090,100,99902,100,100093,100,99898,100
2019-06-28 09:46:40.000000000,99966,377,99963,177,99979,277,99956,177,100018,377,99951,177,100019,277,99949,177,100035,177,99948,177,100037,100,99937,100,100041,100,99925,100,100074,100,99919,100,100090,100,99902,100,100093,100,99898,100
2019-06-28 09:46:40.832290575,99966,377,99963,177,99979,277,99956,177,100018,377,99951,177,100019,277,99949,177,100035,177,99948,177,100037,100,99937,100,100041,100,99925,100,100074,100,99919,100,100090,100,99902,100,100093,100,99898,100
2019-06-28 09:46:50.000000000,99966,377,99963,177,99979,277,99956,177,100018,377,99951,177,100019,277,99949,177,100035,177,99948,177,100037,100,99937,100,100041,100,99925,100,100074,100,99919,100,100090,100,99902,100,100093,100,99898,100
2019-06-28 09:46:50.107954845,99966,377,99963,177,99979,277,99956,177,100018,377,99951,77,100019,277,99949,177,100035,177,99948,177,100037,100,99937,100,100041,100,99925,100,100074,100,99919,100,100090,100,99902,100,100093,100,99898,100
2019-06-28 09:47:00.000000000,99966,431,99963,231,99979,327,99956,227,100018,427,99949,227,100019,200,99948,100,100035,100,99937,100,100037,100,99925,100,100041,100,99919,100,100074,100,99902,100,100090,100,99898,100,100093,100,99876,100
2019-06-28 09:47:10.000000000,99966,396,99963,196,99979,296,99956,196,100018,396,99949,196,100019,296,99948,196,100035,100,99937,100,100037,100,99925,100,100041,100,99919,100,100074,100,99902,100,100090,100,99898,100,100093,100,99876,100
2019-06-28 09:47:19.383599309,99966,396,99963,96,99979,296,99956,196,100018,396,99949,196,100019,296,99948,196,100035,100,99937,100,100037,100,99925,100,100041,100,99919,100,100074,100,99902,100,100090,100,99898,100,100093,100,99876,100
2019-06-28 09:47:20.000000000,99966,377,99956,177,99979,277,99949,177,100018,377,99948,177,100019,277,99937,177,100035,177,99925,177,100037,100,99919,100,100041,100,99902,100,100074,100,99898,100,100090,100,99876,100,100093,100,99871,100
2019-06-28 09:47:29.102510506,99964,100,99956,177,99966,377,99949,177,99979,277,99948,177,100018,377,99937,177,100019,277,99925,177,100035,177,99919,100,100037,100,99902,100,100041,100,99898,100,100074,100,99876,100,100090,100,99871,100
2019-06-28 09:47:30.000000000,99964,177,99956,177,99966,377,99949,177,99979,277,99948,177,100018,377,99937,177,100019,277,99925,177,100035,100,99919,100,100037,100,99902,100,100041,100,99898,100,100074,100,99876,100,100090,100,99871,100
2019-06-28 09:47:30.238002156,99964,177,99956,177,99966,377,99949,177,99979,277,99948,177,100018,377,99937,177,100019,277,99925,177,100035,100,99919,100,100037,100,99902,100,100041,100,99898,100,100074,100,99876,100,100090,100,99871,100
2019-06-28 09:47:40.000000000,99964,177,99956,177,99966,377,99949,177,99979,277,99948,177,100018,377,99937,177,100019,277,99925,177,100035,100,99919,100,100037,100,99902,100,100041,100,99898,100,100074,100,99876,100,100090,100,99871,100
2019-06-28 09:47:50.000000000,99964,292,99956,292,99966,492,99949,292,99979,200,99948,100,100018,300,99937,100,100019,200,99925,100,100035,100,99919,100,100037,100,99902,100,100041,100,99898,100,100074,100,99876,100,100090,100,99871,100
2019-06-28 09:47:53.121447252,99964,292,99956,292,99966,492,99949,292,99979,200,99948,100,100018,300,99937,100,100019,200,99925,100,100035,100,99919,100,100037,100,99902,100,100041,100,99898,100,100074,100,99876,100,100090,100,99871,100
2019-06-28 09:48:00.000000000,99964,177,99956,177,99966,377,99949,177,99979,277,99948,177,100018,377,99937,177,100019,277,99925,177,100035,100,99919,100,100037,100,99902,100,100041,100,99898,100,100074,100,99876,100,100090,100,99871,100
2019-06-28 09:48:01.226590082,99964,177,99956,177,99966,377,99949,177,99979,277,99948,177,100018,377,99937,177,100019,277,99925,177,100035,100,99919,100,100037,100,99902,100,100041,100,99898,100,100074,100,99876,100,100090,100,99871,100
2019-06-28 09:48:10.000000000,99964,484,99956,484,99966,300,99949,100,99979,200,99948,100,100018,300,99937,100,100019,200,99925,100,100035,100,99919,100,100037,100,99902,100,100041,100,99898,100,100074,100,99876,100,100090,100,99871,100
2019-06-28 09:48:20.000000000,99964,196,99956,196,99966,396,99949,196,99979,296,99948,196,100018,396,99937,196,100019,200,99925,100,100035,100,99919,100,100037,100,99902,100,100041,100,99898,100,100074,100,99876,100,100090,100,99871,100
2019-06-28 09:48:22.074753026,99964,296,99956,196,99966,396,99949,196,99979,296,99948,196,100018,396,99937,196,100019,100,99925,100,100035,100,99919,100,100037,100,99902,100,100041,100,99898,100,100074,100,99876,100,100090,100,99871,100
2019-06-28 09:48:30.000000000,99964,296,99956,196,99966,396,99949,196,99979,296,99948,196,100018,396,99937,196,100019,100,99925,100,100035,100,99919,100,100037,100,99902,100,100041,100,99898,100,100074,100,99876,100,100090,100,99871,100
2019-06-28 09:48:40.000000000,99964,277,99956,177,99966,377,99949,177,99979,277,99948,177,100018,377,99937,177,100019,177,99925,177,100035,100,99919,100,100037,100,99902,100,100041,100,99898,100,100074,100,99876,100,100090,100,99871,100
2019-06-28 09:48:41.115032303,99964,277,99956,77,99966,377,99949,177,99979,277,99948,177,100018,377,99937,177,100019,177,99925,177,100035,100,99919,100,100037,100,99902,100,100041,100,99898,100,100074,100,99876,100,100090,100,99871,100
2019-06-28 09:48:50.000000000,99964,392,99949,292,99966,492,99948,292,99979,200,99937,100,100018,300,99925,100,100019,100,99919,100,100035,100,99902,100,100037,100,99898,100,100041,100,99876,100,100074,100,99871,100,100090,100,99870,100
2019-06-28 09:48:58.912597880,99964,392,99949,292,99966,492,99948,192,99979,200,99937,100,100018,300,99925,100,100019,100,99919,100,100035,100,99902,100,100037,100,99898,100,100041,100,99876,100,100074,100,99871,100,100090,100,99870,100
2019-06-28 09:49:00.000000000,99964,584,99949,484,99966,300,99937,100,99979,200,99925,100,100018,300,99919,100,100019,100,99902,100,100035,100,99898,100,100037,100,99876,100,100041,100,99871,100,100074,100,99870,100,100090,100,99855,100
2019-06-28 09:49:01.965422075,99963,100,99949,484,99964,584,99937,100,99966,300,99925,100,99979,200,99919,100,100018,200,99902,100,100019,100,99898,100,100035,100,99876,100,100037,100,99871,100,100041,100,99870,100,100074,100,99855,100
2019-06-28 09:49:10.000000000,99963,292,99949,292,99964,392,99937,292,99966,300,99925,100,99979,200,99919,100,100018,200,99902,100,100019,100,99898,100,100035,100,99876,100,100037,100,99871,100,100041,100,99870,100,100074,100,99855,100
2019-06-28 09:49:20.000000000,99963,196,99949,196,99964,296,99937,196,99966,396,99925,196,99979,296,99919,196,100018,200,99902,100,100019,100,99898,100,100035,100,99876,100,100037,100,99871,100,100041,100,99870,100,100074,100,99855,100
2019-06-28 09:49:30.000000000,99963,196,99949,196,99964,296,99937,196,99966,396,99925,196,99979,296,99919,196,100018,200,99902,100,100019,100,99898,100,100035,100,99876,100,100037,100,99871,100,100041,100,99870,100,100074,100,99855,100
2019-06-28 09:49:32.162307310,99963,296,99949,196,99964,296,99937,196,99966,396,99925,196,99979,296,99919,196,100018,200,99902,100,100035,100,99898,100,100037,100,99876,100,100041,100,99871,100,100074,100,99870,100,100090,100,99855,100
2019-06-28 09:49:36.732548142,99963,296,99949,196,99964,296,99937,196,99966,396,99925,196,99979,296,99919,196,100018,200,99902,100,100035,100,99898,100,100037,100,99876,100,100041,100,99871,100,100074,100,99870,100,100090,100,99855,100
2019-06-28 09:49:40.000000000,99963,584,99949,484,99964,200,99937,100,99966,300,99925,100,99979,200,99919,100,100018,200,99902,100,100035,100,99898,100,100037,100,99876,100,100041,100,99871,100,100074,100,99870,100,100090,100,99855,100
2019-06-28 09:49:43.322514140,99963,584,99949,484,99964,200,99937,100,99966,200,99925,100,99979,200,99919,100,100018,200,99902,100,100035,100,99898,100,100037,100,99876,100,100041,100,99871,100,100074,100,99870,100,100090,100,99855,100
2019-06-28 09:49:50.000000000,99963,331,99949,231,99964,327,99937,227,99966,327,99925,227,99979,200,99919,100,100018,200,99902,100,100035,100,99898,100,100037,100,99876,100,100041,100,99871,100,100074,100,99870,100,100090,100,99855,100
2019-06-28 09:49:53.733392218,99963,431,99949,231,99964,227,99937,227,99966,327,99925,227,99979,200,99919,100,100018,200,99902,100,100035,100,99898,100,100037,100,99876,100,100041,100,99871,100,100074,100,99870,100,100090,100,99855,100
2019-06-28 09:49:55.976825248,99963,431,99949,231,99964,227,99937,227,99966,327,99925,227,99979,200,99919,100,100018,200,99902,100,100035,100,99898,100,100037,100,99876,100,100041,100,99871,100,100074,100,99870,100,100090,100,99855,100
2019-06-28 09:50:00.000000000,99963,377,99949,177,99964,177,99937,177,99966,277,99925,177,99979,277,99919,177,100018,277,99902,177,100035,100,99898,100,100037,100,99876,100,100041,100,99871,100,100074,100,99870,100,100090,100,99855,100
2019-06-28 09:50:01.169568457,99963,377,99949,177,99964,177,99937,177,99966,277,99925,177,99979,277,99919,177,100018,277,99902,177,100035,100,99876,100,100037,100,99871,100,100041,100,99870,100,100074,100,99855,100,100090,100,99825,100
2019-06-28 09:50:01.659953397,99963,377,99949,177,99964,177,99937,177,99966,277,99925,177,99979,277,99919,177,100018,277,99902,177,100035,100,99876,100,100037,100,99871,100,100041,100,99870,100,100074,100,99855,100,100090,100,99825,100
2019-06-28 09:50:05.901999606,99963,377,99949,177,99964,177,99937,177,99966,277,99925,177,99979,277,99919,177,100018,277,99902,177,100035,100,99876,100,100037,100,99871,100,100041,100,99870,100,100074,100,99855,100,100090,100,99825,100
2019-06-28 09:50:10.000000000,99963,492,99949,292,99964,292,99937,292,99966,200,99925,100,99979,200,99919,100,100018,200,99902,100,100035,100,99876,100,100037,100,99871,100,100041,100,99870,100,100074,100,99855,100,100090,100,99825,100
2019-06-28 09:50:17.304893503,99963,492,99949,192,99964,292,99937,292,99966,200,99925,100,99979,200,99919,100,100018,200,99902,100,100037,100,99876,100,100041,100,99871,100,100074,100,99870,100,100090,100,99855,100,100093,100,99825,100
2019-06-28 09:50:19.478639639,99956,100,99949,192,99963,492,99937,292,99964,292,99925,100,99966,200,99919,100,99979,200,99902,100,100018,100,99876,100,100037,100,99871,100,100041,100,99870,100,100074,100,99855,100,100090,100,99825,100
2019-06-28 09:50:20.000000000,99956,231,99937,231,99963,427,99925,227,99964,227,99919,227,99966,200,99902,100,99979,200,99876,100,100018,100,99871,100,100037,100,99870,100,100041,100,99855,100,100074,100,99825,100,100090,100,99800,100
2019-06-28 09:50:22.510128401,99956,331,99937,231,99963,327,99925,227,99964,227,99919,227,99966,200,99902,100,99979,200,99876,100,100018,100,99871,100,100037,100,99870,100,100041,100,99855,100,100074,100,99825,100,100090,100,99800,100
2019-06-28 09:50:30.000000000,99956,331,99937,231,99963,327,99925,227,99964,227,99919,227,99966,200,99902,100,99979,200,99876,100,100018,100,99871,100,100037,100,99870,100,100041,100,99855,100,100074,100,99825,100,100090,100,99800,100
2019-06-28 09:50:40.000000000,99956,584,99937,484,99963,200,99925,100,99964,100,99919,100,99966,200,99902,100,99979,200,99876,100,100018,100,99871,100,100037,100,99870,100,100041,100,99855,100,100074,100,99825,100,100090,100,99800,100
2019-06-28 09:50:45.460173906,99956,484,99937,484,99963,200,99925,100,99964,100,99919,100,99966,200,99902,100,99979,200,99876,100,100018,100,99871,100,100037,100,99870,100,100041,100,99855,100,100074,100,99825,100,100090,100,99800,100
2019-06-28 09:50:48.306170600,99956,484,99937,384,99963,200,99925,100,99964,100,99919,100,99966,200,99902,100,99979,200,99876,100,100018,100,99871,100,100037,100,99870,100,100041,100,99825,100,100074,100,99800,100,100090,100,99650,100
2019-06-28 09:50:50.000000000,99956,292,99925,292,99963,392,99919,292,99964,100,99902,100,99966,200,99876,100,99979,200,99871,100,100018,100,99870,100,100037,100,99825,100,100041,100,99800,100,100074,100,99650,100,100090,100,99274,100
2019-06-28 09:50:51.421006766,99956,292,99925,292,99963,392,99919,292,99964,100,99902,100,99966,200,99876,100,99979,200,99871,100,100018,100,99870,100,100037,100,99825,100,100041,100,99800,100,100074,100,99650,100,100090,100,99274,100
2019-06-28 09:51:00.000000000,99956,292,99925,292,99963,392,99919,292,99964,100,99902,100,99966,200,99876,100,99979,200,99871,100,100018,100,99870,100,100037,100,99825,100,100041,100,99800,100,100074,100,99650,100,100090,100,99274,100
2019-06-28 09:51:10.000000000,99956,231,99925,231,99963,327,99919,227,99964,227,99902,227,99966,200,99876,100,99979,200,99871,100,100018,100,99870,100,100037,100,99825,100,100041,100,99800,100,100074,100,99650,100,100090,100,99274,100
2019-06-28 09:51:13.411433682,99956,231,99925,131,99963,327,99919,227,99964,227,99902,227,99966,200,99876,100,99979,200,99870,100,100018,100,99825,100,100037,100,99800,100,100041,100,99650,100,100074,100,99274,100,100090,100,99146,100
2019-06-28 09:51:13.762488041,99956,231,99925,31,99963,327,99919,227,99964,227,99902,227,99966,200,99876,100,99979,200,99870,100,100018,100,99825,100,100037,100,99800,100,100041,100,99650,100,100074,100,99274,100,100090,100,99146,100
2019-06-28 09:51:20.000000000,99956,231,99919,231,99963,327,99902,227,99964,227,99876,227,99966,200,99870,100,99979,200,99825,100,100018,100,99800,100,100037,100,99650,100,100041,100,99274,100,100074,100,99146,100,100090,100,99114,100
2019-06-28 09:51:21.197682506,99956,231,99919,231,99963,327,99902,227,99964,227,99876,227,99966,200,99870,100,99979,200,99825,100,100018,100,99800,100,100037,100,99650,100,100041,100,99274,100,100074,100,99146,100,100090,100,99114,100
2019-06-28 09:51:30.000000000,99956,177,99919,177,99963,277,99902,177,99964,177,99876,177,99966,277,99870,177,99979,277,99825,177,100018,100,99800,100,100037,100,99650,100,100041,100,99274,100,100074,100,99146,100,100090,100,99114,100
2019-06-28 09:51:40.000000000,99956,231,99919,231,99963,327,99902,227,99964,227,99876,227,99966,200,99870,100,99979,200,99825,100,100018,100,99800,100,100037,100,99650,100,100041,100,99274,100,100074,100,99146,100,100090,100,99114,100
2019-06-28 09:51:40.748050972,99925,100,99919,231,99956,231,99902,227,99963,327,99876,227,99964,227,99870,100,99966,200,99825,100,99979,200,99800,100,100018,100,99650,100,100037,100,99274,100,100041,100,99146,100,100074,100,99114,100
2019-06-28 09:51:50.000000000,99925,196,99919,196,99956,196,99902,196,99963,296,99876,196,99964,196,99870,196,99966,200,99825,100,99979,200,99800,100,100018,100,99650,100,100037,100,99274,100,100041,100,99146,100,100074,100,99114,100
2019-06-28 09:52:00.000000000,99925,231,99919,231,99956,227,99902,227,99963,327,99876,227,99964,100,99870,100,99966,200,99825,100,99979,200,99800,100,100018,100,99650,100,100037,100,99274,100,100041,100,99146,100,100074,100,99114,100
2019-06-28 09:52:10.000000000,99925,484,99919,484,99956,100,99902,100,99963,200,99876,100,99964,100,99870,100,99966,200,99825,100,99979,200,99800,100,100018,100,99650,100,100037,100,99274,100,100041,100,99146,100,100074,100,99114,100
2019-06-28 09:52:20.000000000,99925,231,99919,231,99956,227,99902,227,99963,327,99876,227,99964,100,99870,100,99966,200,99825,100,99979,200,99800,100,100018,100,99650,100,100037,100,99274,100,100041,100,99146,100,100074,100,99114,100
2019-06-28 09:52:23.236488359,99925,231,99919,131,99956,227,99902,227,99963,327,99876,227,99964,100,99870,100,99966,200,99825,100,99979,200,99800,100,100018,100,99650,100,100037,100,99274,100,100041,100,99146,100,100074,100,99114,100
2019-06-28 09:52:30.000000000,99925,484,99902,484,99956,100,99876,100,99963,200,99870,100,99964,100,99825,100,99966,200,99800,100,99979,200,99650,100,100018,100,99274,100,100037,100,99146,100,100041,100,99114,100,100074,100,99109,100
2019-06-28 09:52:33.796814356,99925,484,99902,384,99956,100,99876,100,99963,200,99870,100,99964,100,99825,100,99966,200,99800,100,99979,200,99650,100,100018,100,99274,100,100041,100,99146,100,100074,100,99114,100,100090,100,99109,100
2019-06-28 09:52:40.000000000,99925,484,99876,484,99956,100,99870,100,99963,200,99825,100,99964,100,99800,100,99966,200,99650,100,99979,200,99274,100,100018,100,99146,100,100041,100,99114,100,100074,100,99109,100,100090,100,98923,100
2019-06-28 09:52:50.000000000,99925,292,99876,292,99956,292,99870,292,99963,200,99825,100,99964,100,99800,100,99966,200,99650,100,99979,200,99274,100,100018,100,99146,100,100041,100,99114,100,100074,100,99109,100,100090,100,98923,100
2019-06-28 09:52:50.075811606,99925,292,99876,192,99956,292,99870,292,99963,200,99825,100,99964,100,99800,100,99966,200,99650,100,99979,200,99274,100,100018,100,99146,100,100041,100,99114,100,100090,100,99109,100,100093,100,98923,100
2019-06-28 09:53:00.000000000,99925,196,99870,196,99956,196,99825,196,99963,296,99800,196,99964,196,99650,196,99966,200,99274,100,99979,200,99146,100,100018,100,99114,100,100041,100,99109,100,100090,100,98923,100,100093,100,98884,100
2019-06-28 09:53:10.000000000,99925,177,99870,177,99956,177,99825,177,99963,277,99800,177,99964,177,99650,177,99966,277,99274,177,99979,200,99146,100,100018,100,99114,100,100041,100,99109,100,100090,100,98923,100,100093,100,98884,100
2019-06-28 09:53:20.000000000,99925,196,99870,196,99956,196,99825,196,99963,296,99800,196,99964,196,99650,196,99966,200,99274,100,99979,200,99146,100,100018,100,99114,100,100041,100,99109,100,100090,100,98923,100,100093,100,98884,100
2019-06-28 09:53:30.000000000,99925,292,99870,292,99956,292,99825,292,99963,200,99800,100,99964,100,99650,100,99966,200,99274,100,99979,200,99146,100,100018,100,99114,100,100041,100,99109,100,100090,100,98923,100,100093,100,98884,100
2019-06-28 09:53:39.817875980,99925,292,99870,292,99956,292,99825,292,99963,200,99800,100,99964,100,99650,100,99966,200,99274,100,99979,200,99146,100,100018,100,99114,100,100041,100,99109,100,100090,100,98997,100,100093,100,98923,100
2019-06-28 09:53:40.000000000,99925,177,99870,177,99956,177,99825,177,99963,277,99800,177,99964,177,99650,177,99966,277,99274,177,99979,200,99146,100,100018,100,99114,100,100041,100,99109,100,100090,100,98997,100,100093,100,98923,100
2019-06-28 09:53:43.521124868,99902,100,99870,177,99925,177,99825,177,99956,177,99800,177,99963,277,99650,177,99964,177,99274,177,99966,277,99146,100,99979,200,99114,100,100018,100,99109,100,100041,100,98997,100,100090,100,98923,100
2019-06-28 09:53:48.235967912,99902,100,99870,77,99925,177,99825,177,99956,177,99800,177,99963,277,99650,177,99964,177,99274,177,99966,277,99146,100,99979,200,99114,100,100018,100,99109,100,100041,100,98997,100,100090,100,98923,100
2019-06-28 09:53:50.000000000,99902,177,99825,177,99925,177,99800,177,99956,177,99650,177,99963,277,99274,177,99964,177,99146,177,99966,200,99114,100,99979,200,99109,100,100018,100,98997,100,100041,100,98923,100,100090,100,98884,100
2019-06-28 09:53:50.177015973,99902,177,99825,177,99925,177,99800,177,99956,177,99650,177,99963,277,99274,177,99964,177,99146,177,99966,200,99114,100,99979,200,99109,100,100018,100,98997,100,100041,100,98923,100,100090,100,98884,100
2019-06-28 09:54:00.000000000,99902,292,99825,292,99925,292,99800,292,99956,100,99650,100,99963,200,99274,100,99964,100,99146,100,99966,200,99114,100,99979,200,99109,100,100018,100,98997,100,100041,100,98923,100,100090,100,98884,100
2019-06-28 09:54:06.264330669,99902,292,99825,292,99925,292,99800,292,99956,100,99650,100,99963,200,99274,100,99964,100,99146,100,99966,200,99114,100,99979,200,99109,100,100018,100,98997,100,100041,100,98923,100,100090,100,98921,100
2019-06-28 09:54:10.000000000,99902,231,99825,231,99925,227,99800,227,99956,227,99650,227,99963,200,99274,100,99964,100,99146,100,99966,200,99114,100,99979,200,99109,100,100018,100,98997,100,100041,100,98923,100,100090,100,98921,100
2019-06-28 09:54:20.000000000,99902,231,99825,231,99925,227,99800,227,99956,227,99650,227,99963,200,99274,100,99964,100,99146,100,99966,200,99114,100,99979,200,99109,100,100018,100,98997,100,100041,100,98923,100,100090,100,98921,100
2019-06-28 09:54:30.000000000,99902,177,99825,177,99925,177,99800,177,99956,177,99650,177,99963,277,99274,177,99964,177,99146,177,99966,200,99114,100,99979,200,99109,100,100018,100,98997,100,100041,100,98923,100,100090,100,98921,100
2019-06-28 09:54:40.000000000,99902,196,99825,196,99925,196,99800,196,99956,196,99650,196,99963,296,99274,196,99964,100,99146,100,99966,200,99114,100,99979,200,99109,100,100018,100,98997,100,100041,100,98923,100,100090,100,98921,100
2019-06-28 09:54:50.000000000,99902,292,99825,292,99925,292,99800,292,99956,100,99650,100,99963,200,99274,100,99964,100,99146,100,99966,200,99114,100,99979,200,99109,100,100018,100,98997,100,100041,100,98923,100,100090,100,98921,100
2019-06-28 09:54:58.242150675,99902,292,99825,292,99925,292,99800,292,99956,100,99650,100,99963,100,99274,100,99964,100,99146,100,99966,200,99114,100,99979,200,99109,100,100018,100,98997,100,100041,100,98923,100,100090,100,98921,100
2019-06-28 09:55:00.000000000,99902,484,99825,484,99925,100,99800,100,99956,100,99650,100,99963,100,99274,100,99964,100,99146,100,99966,200,99114,100,99979,200,99109,100,100018,100,98997,100,100041,100,98923,100,100090,100,98921,100
2019-06-28 09:55:10.000000000,99902,196,99825,196,99925,196,99800,196,99956,196,99650,196,99963,196,99274,196,99964,100,99146,100,99966,200,99114,100,99979,200,99109,100,100018,100,98997,100,100041,100,98923,100,100090,100,98921,100
2019-06-28 09:55:10.372088067,99902,196,99825,196,99925,196,99800,196,99956,196,99650,196,99963,196,99274,196,99964,100,99146,100,99966,200,99114,100,99979,200,98997,100,100018,100,98923,100,100041,100,98921,100,100090,100,98884,100
2019-06-28 09:55:12.372110826,99876,100,99825,196,99902,196,99800,196,99925,196,99650,196,99956,196,99274,196,99963,196,99146,100,99964,100,99114,100,99966,200,98997,100,99979,200,98923,100,100018,100,98921,100,100041,100,98884,100
2019-06-28 09:55:20.000000000,99876,292,99825,292,99902,292,99800,292,99925,100,99650,100,99956,100,99274,100,99963,100,99146,100,99964,100,99114,100,99966,200,98997,100,99979,200,98923,100,100018,100,98921,100,100041,100,98884,100
2019-06-28 09:55:30.000000000,99876,231,99825,231,99902,227,99800,227,99925,227,99650,227,99956,100,99274,100,99963,100,99146,100,99964,100,99114,100,99966,200,98997,100,99979,200,98923,100,100018,100,98921,100,100041,100,98884,100
2019-06-28 09:55:40.000000000,99876,484,99825,484,99902,100,99800,100,99925,100,99650,100,99956,100,99274,100,99963,100,99146,100,99964,100,99114,100,99966,200,98997,100,99979,200,98923,100,100018,100,98921,100,100041,100,98884,100
2019-06-28 09:55:50.000000000,99876,292,99825,292,99902,292,99800,292,99925,100,99650,100,99956,100,99274,100,99963,100,99146,100,99964,100,99114,100,99966,200,98997,100,99979,200,98923,100,100018,100,98921,100,100041,100,98884,100
2019-06-28 09:56:00.000000000,99876,177,99825,177,99902,177,99800,177,99925,177,99650,177,99956,177,99274,177,99963,177,99146,177,99964,100,99114,100,99966,200,98997,100,99979,200,98923,100,100018,100,98921,100,100041,100,98884,100
2019-06-28 09:56:01.063347510,99876,177,99825,77,99902,177,99800,177,99925,177,99650,177,99956,177,99274,177,99963,177,99146,177,99964,100,99114,100,99966,200,98997,100,99979,200,98923,100,100018,100,98921,100,100041,100,98884,100
2019-06-28 09:56:05.012582132,99876,177,99825,77,99902,77,99800,177,99925,177,99650,177,99956,177,99274,177,99963,177,99146,177,99964,100,99114,100,99966,200,98997,100,99979,200,98923,100,100018,100,98921,100,100041,100,98884,100
2019-06-28 09:56:10.000000000,99876,196,99800,196,99925,196,99650,196,99956,196,99274,196,99963,196,99146,196,99964,100,99114,100,99966,200,98997,100,99979,200,98923,100,100018,100,98921,100,100041,100,98884,100,100090,100,98881,100
2019-06-28 09:56:20.000000000,99876,484,99800,484,99925,100,99650,100,99956,100,99274,100,99963,100,99146,100,99964,100,99114,100,99966,200,98997,100,99979,200,98923,100,100018,100,98921,100,100041,100,98884,100,100090,100,98881,100
2019-06-28 09:56:24.214791692,99876,484,99800,384,99925,100,99650,100,99956,100,99274,100,99963,100,99146,100,99964,100,99114,100,99966,200,98997,100,99979,200,98923,100,100018,100,98921,100,100041,100,98884,100,100090,100,98881,100
2019-06-28 09:56:30.000000000,99876,292,99650,292,99925,292,99274,292,99956,100,99146,100,99963,100,99114,100,99964,100,98997,100,99966,200,98923,100,99979,200,98921,100,100018,100,98884,100,100041,100,98881,100,100090,100,98858,100
2019-06-28 09:56:40.000000000,99876,177,99650,177,99925,177,99274,177,99956,177,99146,177,99963,177,99114,177,99964,177,98997,177,99966,200,98923,100,99979,200,98921,100,100018,100,98884,100,100041,100,98881,100,100090,100,98858,100
2019-06-28 09:56:43.407606596,99876,177,99650,77,99925,177,99274,177,99956,177,99146,177,99963,177,99114,177,99964,177,98997,177,99966,200,98923,100,99979,200,98921,100,100018,100,98884,100,100041,100,98881,100,100090,100,98858,100
2019-06-28 09:56:50.000000000,99876,177,99274,177,99925,177,99146,177,99956,177,99114,177,99963,177,98997,177,99964,177,98923,177,99966,200,98921,100,99979,200,98884,100,100018,100,98881,100,100041,100,98858,100,100090,100,98732,100
2019-06-28 09:57:00.000000000,99876,231,99274,231,99925,227,99146,227,99956,227,99114,227,99963,100,98997,100,99964,100,98923,100,99966,200,98921,100,99979,200,98884,100,100018,100,98881,100,100041,100,98858,100,100090,100,98732,100
2019-06-28 09:57:05.833377752,99876,231,99274,231,99925,227,99146,227,99956,227,99114,227,99963,100,98997,100,99966,200,98923,100,99979,200,98921,100,100018,100,98884,100,100041,100,98881,100,100090,100,98858,100,100093,100,98732,100
2019-06-28 09:57:10.000000000,99876,231,99274,231,99925,227,99146,227,99956,227,99114,227,99963,100,98997,100,99966,200,98923,100,99979,200,98921,100,100018,100,98884,100,100041,100,98881,100,100090,100,98858,100,100093,100,98732,100
2019-06-28 09:57:13.114621574,99876,231,99274,131,99925,227,99146,227,99956,227,99114,227,99963,100,98997,100,99966,200,98923,100,99979,200,98921,100,100018,100,98884,100,100041,100,98858,100,100090,100,98732,100,100093,100,98716,100
2019-06-28 09:57:19.897919142,99876,231,99274,131,99925,227,99146,227,99956,227,99114,227,99963,100,98997,100,99966,200,98923,100,99979,200,98921,100,100018,100,98884,100,100041,100,98858,100,100090,100,98732,100,,,98716,100
2019-06-28 09:57:20.000000000,99876,292,99146,292,99925,292,99114,292,99956,100,98997,100,99963,100,98923,100,99966,200,98921,100,99979,200,98884,100,100018,100,98858,100,100041,100,98732,100,100090,100,98716,100,,,98663,100
2019-06-28 09:57:30.000000000,99876,177,99146,177,99925,177,99114,177,99956,177,98997,177,99963,177,98923,177,99966,277,98921,177,99979,200,98884,100,100018,100,98858,100,100041,100,98732,100,100090,100,98716,100,,,98663,100
2019-06-28 09:57:37.887838296,99876,177,99146,77,99925,177,99114,177,99956,177,98997,177,99963,177,98923,177,99966,277,98921,177,99979,200,98884,100,100018,100,98858,100,100041,100,98732,100,100090,100,98716,100,,,98663,100
2019-06-28 09:57:40.000000000,99876,484,99114,484,99925,100,98997,100,99956,100,98923,100,99963,100,98921,100,99966,200,98884,100,99979,200,98858,100,100018,100,98732,100,100041,100,98716,100,100090,100,98663,100,,,98613,100
2019-06-28 09:57:47.909110649,99876,484,99114,484,99925,100,98997,100,99956,100,98923,100,99963,100,98921,100,99966,200,98884,100,99979,200,98858,100,100018,100,98732,100,100041,100,98716,100,100090,100,98663,100,,,98613,100
2019-06-28 09:57:50.000000000,99876,292,99114,292,99925,292,98997,292,99956,100,98923,100,99963,100,98921,100,99966,200,98884,100,99979,200,98858,100,100018,100,98732,100,100041,100,98716,100,100090,100,98663,100,,,98613,100
2019-06-28 09:57:58.568414303,99876,292,99114,92,99925,292,98997,292,99956,100,98923,100,99963,100,98921,100,99966,200,98884,100,99979,200,98858,100,100018,100,98732,100,100041,100,98716,100,100090,100,98663,100,,,98613,100
2019-06-28 09:58:00.000000000,99876,231,98997,231,99925,227,98923,227,99956,227,98921,227,99963,100,98884,100,99966,200,98858,100,99979,200,98732,100,100018,100,98716,100,100041,100,98663,100,100090,100,98613,100,,,98574,100
2019-06-28 09:58:02.162056796,99876,231,98997,231,99925,227,98923,227,99956,227,98921,227,99963,100,98884,100,99966,200,98858,100,99979,200,98732,100,100018,100,98716,100,100041,100,98663,100,100090,100,98613,100,,,98574,100
2019-06-28 09:58:05.723233051,99876,231,98997,231,99925,227,98923,227,99956,227,98921,227,99963,100,98884,100,99966,200,98858,100,99979,200,98732,100,100018,100,98716,100,100041,100,98663,100,100090,100,98613,100,,,98574,100
2019-06-28 09:58:10.000000000,99876,292,98997,292,99925,292,98923,292,99956,100,98921,100,99963,100,98884,100,99966,200,98858,100,99979,200,98732,100,100018,100,98716,100,100041,100,98663,100,100090,100,98613,100,,,98574,100
2019-06-28 09:58:17.476860408,99876,292,98997,192,99925,292,98923,292,99956,100,98921,100,99963,100,98884,100,99966,200,98858,100,99979,200,98732,100,100018,100,98716,100,100041,100,98663,100,100090,100,98613,100,,,98574,100
2019-06-28 09:58:20.000000000,99876,292,98923,292,99925,292,98921,292,99956,100,98884,100,99963,100,98858,100,99966,200,98732,100,99979,200,98716,100,100018,100,98663,100,100041,100,98613,100,100090,100,98574,100,,,98463,100
2019-06-28 09:58:22.643715686,99114,100,98923,292,99876,292,98921,292,99925,292,98884,100,99956,100,98858,100,99963,100,98732,100,99966,200,98716,100,99979,200,98663,100,100018,100,98613,100,100041,100,98574,100,100090,100,98463,100
2019-06-28 09:58:29.588686881,99114,200,98923,292,99876,292,98921,292,99925,292,98884,100,99956,100,98858,100,99963,100,98732,100,99966,200,98716,100,99979,200,98663,100,100018,100,98613,100,100041,100,98574,100,100090,100,98463,100
2019-06-28 09:58:30.000000000,99114,296,98923,196,99876,196,98921,196,99925,196,98884,196,99956,196,98858,196,99963,100,98732,100,99966,200,98716,100,99979,200,98663,100,100018,100,98613,100,100041,100,98574,100,100090,100,98463,100
2019-06-28 09:58:30.272994362,99114,396,98923,196,99876,196,98921,196,99925,196,98884,196,99956,196,98858,196,99963,100,98732,100,99966,200,98716,100,99979,200,98663,100,100018,100,98613,100,100041,100,98574,100,100090,100,98463,100
2019-06-28 09:58:40.000000000,99114,684,98923,484,99876,100,98921,100,99925,100,98884,100,99956,100,98858,100,99963,100,98732,100,99966,200,98716,100,99979,200,98663,100,100018,100,98613,100,100041,100,98574,100,100090,100,98463,100
2019-06-28 09:58:45.158359714,99114,684,98923,484,99876,100,98921,100,99925,100,98884,100,99956,100,98858,100,99963,100,98739,100,99966,200,98732,100,99979,200,98716,100,100018,100,98663,100,100041,100,98613,100,100090,100,98574,100
2019-06-28 09:58:50.000000000,99114,492,98923,292,99876,292,98921,292,99925,100,98884,100,99956,100,98858,100,99963,100,98739,100,99966,200,98732,100,99979,200,98716,100,100018,100,98663,100,100041,100,98613,100,100090,100,98574,100
2019-06-28 09:58:55.758683696,99114,592,98923,292,99876,292,98921,292,99925,100,98884,100,99956,100,98858,100,99963,100,98739,100,99966,200,98732,100,99979,200,98716,100,100018,100,98663,100,100041,100,98613,100,100090,100,98574,100
2019-06-28 09:59:00.000000000,99114,784,98923,484,99876,100,98921,100,99925,100,98884,100,99956,100,98858,100,99963,100,98739,100,99966,200,98732,100,99979,200,98716,100,100018,100,98663,100,100041,100,98613,100,100090,100,98574,100
2019-06-28 09:59:03.903042569,99015,100,98923,484,99114,784,98921,100,99876,100,98884,100,99925,100,98858,100,99956,100,98739,100,99963,100,98732,100,99966,200,98716,100,99979,200,98663,100,100018,100,98613,100,100041,100,98574,100
2019-06-28 09:59:10.000000000,99015,196,98923,196,99114,496,98921,196,99876,196,98884,196,99925,196,98858,196,99956,100,98739,100,99963,100,98732,100,99966,200,98716,100,99979,200,98663,100,100018,100,98613,100,100041,100,98574,100
2019-06-28 09:59:13.083094398,99015,196,98923,196,99114,496,98921,196,99876,196,98884,196,99925,196,98858,196,99956,100,98739,100,99963,100,98732,100,99966,200,98716,100,99979,200,98676,100,100018,100,98663,100,100041,100,98613,100
2019-06-28 09:59:20.000000000,99015,231,98923,231,99114,527,98921,227,99876,227,98884,227,99925,100,98858,100,99956,100,98739,100,99963,100,98732,100,99966,200,98716,100,99979,200,98676,100,100018,100,98663,100,100041,100,98613,100
2019-06-28 09:59:30.000000000,99015,177,98923,177,99114,477,98921,177,99876,177,98884,177,99925,177,98858,177,99956,177,98739,177,99963,100,98732,100,99966,200,98716,100,99979,200,98676,100,100018,100,98663,100,100041,100,98613,100
2019-06-28 09:59:40.000000000,99015,484,98923,484,99114,400,98921,100,99876,100,98884,100,99925,100,98858,100,99956,100,98739,100,99963,100,98732,100,99966,200,98716,100,99979,200,98676,100,100018,100,98663,100,100041,100,98613,100
2019-06-28 09:59:46.293384334,99015,484,98923,484,99114,300,98921,100,99876,100,98884,100,99925,100,98858,100,99956,100,98739,100,99963,100,98732,100,99966,200,98716,100,99979,200,98676,100,100018,100,98663,100,100041,100,98613,100
2019-06-28 09:59:48.024916837,99015,484,98923,484,99114,400,98921,100,99876,100,98884,100,99925,100,98858,100,99956,100,98739,100,99963,100,98732,100,99966,200,98716,100,99979,200,98676,100,100018,100,98663,100,100041,100,98613,100
2019-06-28 09:59:50.000000000,99015,196,98923,196,99114,496,98921,196,99876,196,98884,196,99925,196,98858,196,99956,100,98739,100,99963,100,98732,100,99966,200,98716,100,99979,200,98676,100,100018,100,98663,100,100041,100,98613,100
2019-06-28 10:00:00.000000000,99015,231,98923,231,99114,527,98921,227,99876,227,98884,227,99925,100,98858,100,99956,100,98739,100,99963,100,98732,100,99966,200,98716,100,99979,200,98676,100,100018,100,98663,100,100041,100,98613,100
2019-06-28 10:00:10.000000000,99015,292,98923,292,99114,592,98921,292,99876,100,98884,100,99925,100,98858,100,99956,100,98739,100,99963,100,98732,100,99966,200,98716,100,99979,200,98676,100,100018,100,98663,100,100041,100,98613,100
2019-06-28 10:00:14.043723462,99015,292,98923,292,99114,692,98921,292,99876,100,98884,100,99925,100,98858,100,99956,100,98739,100,99963,100,98732,100,99966,200,98716,100,99979,200,98676,100,100018,100,98663,100,100041,100,98613,100
2019-06-28 10:00:20.000000000,99015,177,98923,177,99114,577,98921,177,99876,177,98884,177,99925,177,98858,177,99956,177,98739,177,99963,100,98732,100,99966,200,98716,100,99979,200,98676,100,100018,100,98663,100,100041,100,98613,100
2019-06-28 10:00:30.000000000,99015,484,98923,484,99114,500,98921,100,99876,100,98884,100,99925,100,98858,100,99956,100,98739,100,99963,100,98732,100,99966,200,98716,100,99979,200,98676,100,100018,100,98663,100,100041,100,98613,100
2019-06-28 10:00:40.000000000,99015,231,98923,231,99114,627,98921,227,99876,227,98884,227,99925,100,98858,100,99956,100,98739,100,99963,100,98732,100,99966,200,98716,100,99979,200,98676,100,100018,100,98663,100,100041,100,98613,100
2019-06-28 10:00:50.000000000,99015,177,98923,177,99114,577,98921,177,99876,177,98884,177,99925,177,98858,177,99956,177,98739,177,99963,100,98732,100,99966,200,98716,100,99979,200,98676,100,100018,100,98663,100,100041,100,98613,100
2019-06-28 10:01:00.000000000,99015,231,98923,231,99114,627,98921,227,99876,227,98884,227,99925,100,98858,100,99956,100,98739,100,99963,100,98732,100,99966,200,98716,100,99979,200,98676,100,100018,100,98663,100,100041,100,98613,100
2019-06-28 10:01:02.752635038,99015,231,98923,131,99114,627,98921,227,99876,227,98884,227,99925,100,98858,100,99956,100,98739,100,99963,100,98732,100,99966,200,98716,100,99979,200,98676,100,100018,100,98663,100,100041,100,98613,100
2019-06-28 10:01:10.000000000,99015,484,98921,484,99114,500,98884,100,99876,100,98858,100,99925,100,98739,100,99956,100,98732,100,99963,100,98716,100,99966,200,98676,100,99979,200,98663,100,100018,100,98613,100,100041,100,98574,100
2019-06-28 10:01:10.631489201,99015,484,98921,484,99114,500,98884,100,99876,100,98858,100,99925,100,98739,100,99956,100,98732,100,99963,100,98716,100,99966,200,98676,100,99979,200,98663,100,100018,100,98613,100,100041,100,98574,100
2019-06-28 10:01:20.000000000,99015,196,98921,196,99114,596,98884,196,99876,196,98858,196,99925,196,98739,196,99956,100,98732,100,99963,100,98716,100,99966,200,98676,100,99979,200,98663,100,100018,100,98613,100,100041,100,98574,100
2019-06-28 10:01:28.912504562,98997,100,98921,196,99015,196,98884,196,99114,596,98858,196,99876,196,98739,196,99925,196,98732,100,99956,100,98716,100,99963,100,98676,100,99966,200,98663,100,99979,200,98613,100,100018,100,98574,100
2019-06-28 10:01:30.000000000,98997,484,98921,484,99015,100,98884,100,99114,500,98858,100,99876,100,98739,100,99925,100,98732,100,99956,100,98716,100,99963,100,98676,100,99966,200,98663,100,99979,200,98613,100,100018,100,98574,100
2019-06-28 10:01:40.000000000,98997,292,98921,292,99015,292,98884,292,99114,500,98858,100,99876,100,98739,100,99925,100,98732,100,99956,100,98716,100,99963,100,98676,100,99966,200,98663,100,99979,200,98613,100,100018,100,98574,100
2019-06-28 10:01:47.030287716,98997,292,98921,192,99015,292,98884,292,99114,500,98858,100,99876,100,98739,100,99925,100,98732,100,99956,100,98716,100,99963,100,98676,100,99966,200,98663,100,99979,200,98613,100,100018,100,98574,100
2019-06-28 10:01:47.160336340,98997,292,98921,192,99015,292,98884,292,99114,500,98858,100,99876,100,98739,100,99925,100,98732,100,99956,100,98716,100,99963,100,98676,100,99966,100,98663,100,99979,200,98613,100,100018,100,98574,100
2019-06-28 10:01:50.000000000,98997,196,98884,196,99015,196,98858,196,99114,596,98739,196,99876,196,98732,196,99925,100,98716,100,99956,100,98676,100,99963,100,98663,100,99966,100,98613,100,99979,200,98574,100,100018,100,98463,100
2019-06-28 10:01:53.095871585,98997,196,98884,196,99015,196,98858,196,99114,596,98739,196,99876,196,98732,196,99925,100,98716,100,99956,100,98712,100,99963,100,98676,100,99966,100,98663,100,99979,200,98613,100,100018,100,98574,100
2019-06-28 10:01:58.297555940,98997,196,98884,96,99015,196,98858,196,99114,596,98739,196,99876,196,98732,196,99925,100,98716,100,99956,100,98712,100,99963,100,98676,100,99966,100,98663,100,99979,200,98613,100,100018,100,98574,100
2019-06-28 10:02:00.000000000,98997,292,98858,292,99015,292,98739,292,99114,500,98732,100,99876,100,98716,100,99925,100,98712,100,99956,100,98676,100,99963,100,98663,100,99966,100,98613,100,99979,200,98574,100,100018,100,98463,100
2019-06-28 10:02:10.000000000,98997,484,98858,484,99015,100,98739,100,99114,500,98732,100,99876,100,98716,100,99925,100,98712,100,99956,100,98676,100,99963,100,98663,100,99966,100,98613,100,99979,200,98574,100,100018,100,98463,100
2019-06-28 10:02:20.000000000,98997,292,98858,292,99015,292,98739,292,99114,500,98732,100,99876,100,98716,100,99925,100,98712,100,99956,100,98676,100,99963,100,98663,100,99966,100,98613,100,99979,200,98574,100,100018,100,98463,100
2019-06-28 10:02:30.000000000,98997,177,98858,177,99015,177,98739,177,99114,577,98732,177,99876,177,98716,177,99925,177,98712,177,99956,100,98676,100,99963,100,98663,100,99966,100,98613,100,99979,200,98574,100,100018,100,98463,100
2019-06-28 10:02:40.000000000,98997,231,98858,231,99015,227,98739,227,99114,627,98732,227,99876,100,98716,100,99925,100,98712,100,99956,100,98676,100,99963,100,98663,100,99966,100,98613,100,99979,200,98574,100,100018,100,98463,100
2019-06-28 10:02:50.000000000,98997,196,98858,196,99015,196,98739,196,99114,596,98732,196,99876,196,98716,196,99925,100,98712,100,99956,100,98676,100,99963,100,98663,100,99966,100,98613,100,99979,200,98574,100,100018,100,98463,100
2019-06-28 10:03:00.000000000,98997,196,98858,196,99015,196,98739,196,99114,596,98732,196,99876,196,98716,196,99925,100,98712,100,99956,100,98676,100,99963,100,98663,100,99966,100,98613,100,99979,200,98574,100,100018,100,98463,100
2019-06-28 10:03:07.374549101,98997,196,98858,196,99015,196,98739,196,99114,596,98732,196,99876,196,98716,196,99925,100,98712,100,99963,100,98676,100,99966,100,98663,100,99979,200,98613,100,100018,100,98574,100,100090,100,98463,100
2019-06-28 10:03:10.000000000,98997,231,98858,231,99015,227,98739,227,99114,627,98732,227,99876,100,98716,100,99925,100,98712,100,99963,100,98676,100,99966,100,98663,100,99979,200,98613,100,100018,100,98574,100,100090,100,98463,100
2019-06-28 10:03:20.000000000,98997,231,98858,231,99015,227,98739,227,99114,627,98732,227,99876,100,98716,100,99925,100,98712,100,99963,100,98676,100,99966,100,98663,100,99979,200,98613,100,100018,100,98574,100,100090,100,98463,100
2019-06-28 10:03:23.399175669,98997,231,98858,231,99015,227,98739,227,99114,627,98732,227,99430,100,98716,100,99876,100,98712,100,99925,100,98676,100,99963,100,98663,100,99966,100,98613,100,99979,200,98574,100,100018,100,98463,100
2019-06-28 10:03:30.000000000,98997,231,98858,231,99015,227,98739,227,99114,627,98732,227,99430,100,98716,100,99876,100,98712,100,99925,100,98676,100,99963,100,98663,100,99966,100,98613,100,99979,200,98574,100,100018,100,98463,100
2019-06-28 10:03:40.000000000,98997,292,98858,292,99015,292,98739,292,99114,500,98732,100,99430,100,98716,100,99876,100,98712,100,99925,100,98676,100,99963,100,98663,100,99966,100,98613,100,99979,200,98574,100,100018,100,98463,100
2019-06-28 10:03:45.937231853,98997,292,98858,292,99015,292,98739,292,99114,500,98732,100,99430,100,98716,100,99463,100,98712,100,99876,100,98676,100,99925,100,98663,100,99963,100,98613,100,99966,100,98574,100,99979,200,98463,100
2019-06-28 10:03:50.000000000,98997,484,98858,484,99015,100,98739,100,99114,500,98732,100,99430,100,98716,100,99463,100,98712,100,99876,100,98676,100,99925,100,98663,100,99963,100,98613,100,99966,100,98574,100,99979,200,98463,100
2019-06-28 10:04:00.000000000,98997,196,98858,196,99015,196,98739,196,99114,596,98732,196,99430,196,98716,196,99463,100,98712,100,99876,100,98676,100,99925,100,98663,100,99963,100,98613,100,99966,100,98574,100,99979,200,98463,100
2019-06-28 10:04:10.000000000,98997,231,98858,231,99015,227,98739,227,99114,627,98732,227,99430,100,98716,100,99463,100,98712,100,99876,100,98676,100,99925,100,98663,100,99963,100,98613,100,99966,100,98574,100,99979,200,98463,100
2019-06-28 10:04:20.000000000,98997,196,98858,196,99015,196,98739,196,99114,596,98732,196,99430,196,98716,196,99463,100,98712,100,99876,100,98676,100,99925,100,98663,100,99963,100,98613,100,99966,100,98574,100,99979,200,98463,100
2019-06-28 10:04:21.943120116,98997,96,98858,196,99015,196,98739,196,99114,596,98732,196,99430,196,98716,196,99463,100,98712,100,99876,100,98676,100,99925,100,98663,100,99963,100,98613,100,99966,100,98574,100,99979,200,98463,100
2019-06-28 10:04:30.000000000,99015,292,98858,292,99114,692,98739,292,99430,100,98732,100,99463,100,98716,100,99876,100,98712,100,99925,100,98676,100,99963,100,98663,100,99966,100,98613,100,99979,200,98574,100,100018,100,98463,100
2019-06-28 10:04:38.004810733,99015,292,98885,100,99114,692,98858,292,99430,100,98739,292,99463,100,98732,100,99876,100,98716,100,99963,100,98712,100,99966,100,98676,100,99979,200,98663,100,100018,100,98613,100,100090,100,98574,100
2019-06-28 10:04:40.000000000,99015,177,98885,177,99114,577,98858,177,99430,177,98739,177,99463,177,98732,177,99876,177,98716,177,99963,100,98712,100,99966,100,98676,100,99979,200,98663,100,100018,100,98613,100,100090,100,98574,100
2019-06-28 10:04:50.000000000,99015,231,98885,231,99114,627,98858,227,99430,227,98739,227,99463,100,98732,100,99876,100,98716,100,99963,100,98712,100,99966,100,98676,100,99979,200,98663,100,100018,100,98613,100,100090,100,98574,100
2019-06-28 10:04:50.563127923,99015,131,98885,231,99114,627,98858,227,99430,227,98739,127,99463,100,98732,100,99876,100,98716,100,99963,100,98712,100,99966,100,98676,100,99979,200,98663,100,100018,100,98613,100,100090,100,98574,100
2019-06-28 10:05:00.000000000,99114,692,98885,292,99430,292,98858,292,99463,100,98732,100,99876,100,98716,100,99963,100,98712,100,99966,100,98676,100,99979,200,98663,100,100018,100,98613,100,100090,100,98574,100,,,98463,100
2019-06-28 10:05:10.000000000,99114,577,98885,177,99430,177,98858,177,99463,177,98732,177,99876,177,98716,177,99963,177,98712,177,99966,100,98676,100,99979,200,98663,100,100018,100,98613,100,100090,100,98574,100,,,98463,100
2019-06-28 10:05:20.000000000,99114,884,98885,484,99430,100,98858,100,99463,100,98732,100,99876,100,98716,100,99963,100,98712,100,99966,100,98676,100,99979,200,98663,100,100018,100,98613,100,100090,100,98574,100,,,98463,100
2019-06-28 10:05:30.000000000,99114,692,98885,292,99430,292,98858,292,99463,100,98732,100,99876,100,98716,100,99963,100,98712,100,99966,100,98676,100,99979,200,98663,100,100018,100,98613,100,100090,100,98574,100,,,98463,100
2019-06-28 10:05:40.000000000,99114,577,98885,177,99430,177,98858,177,99463,177,98732,177,99876,177,98716,177,99963,177,98712,177,99966,100,98676,100,99979,200,98663,100,100018,100,98613,100,100090,100,98574,100,,,98463,100
2019-06-28 10:05:50.000000000,99114,631,98885,231,99430,227,98858,227,99463,227,98732,227,99876,100,98716,100,99963,100,98712,100,99966,100,98676,100,99979,200,98663,100,100018,100,98613,100,100090,100,98574,100,,,98463,100
2019-06-28 10:05:51.266456968,99114,631,98885,231,99364,100,98858,227,99430,227,98732,227,99463,227,98716,100,99876,100,98712,100,99963,100,98676,100,99966,100,98663,100,99979,200,98613,100,100018,100,98574,100,100090,100,98463,100
2019-06-28 10:06:00.000000000,99114,631,98885,231,99364,227,98858,227,99430,227,98732,227,99463,100,98716,100,99876,100,98712,100,99963,100,98676,100,99966,100,98663,100,99979,200,98613,100,100018,100,98574,100,100090,100,98463,100
2019-06-28 10:06:05.236127387,99114,631,98885,231,99364,227,98858,227,99430,227,98732,227,99437,100,98716,100,99463,100,98712,100,99876,100,98676,100,99963,100,98663,100,99966,100,98613,100,99979,200,98574,100,100018,100,98463,100
2019-06-28 10:06:10.000000000,99114,596,98885,196,99364,196,98858,196,99430,196,98732,196,99437,196,98716,196,99463,100,98712,100,99876,100,98676,100,99963,100,98663,100,99966,100,98613,100,99979,200,98574,100,100018,100,98463,100
2019-06-28 10:06:12.711854254,99114,596,98885,196,99359,100,98858,196,99364,196,98732,196,99430,196,98716,196,99437,196,98712,100,99463,100,98676,100,99876,100,98663,100,99963,100,98613,100,99966,100,98574,100,99979,200,98463,100
2019-06-28 10:06:16.387800913,99114,596,98885,196,99359,100,98858,196,99364,196,98732,196,99430,196,98716,196,99437,196,98712,100,99463,100,98676,100,99513,100,98663,100,99876,100,98613,100,99963,100,98574,100,99966,100,98372,100
2019-06-28 10:06:17.967758450,99114,596,98885,196,99359,100,98858,196,99364,196,98732,196,99430,196,98716,196,99437,196,98712,100,99463,100,98676,100,99513,100,98663,100,99585,100,98613,100,99876,100,98574,100,99963,100,98372,100
2019-06-28 10:06:20.000000000,99114,884,98885,484,99359,100,98858,100,99364,100,98732,100,99430,100,98716,100,99437,100,98712,100,99463,100,98676,100,99513,100,98663,100,99585,100,98613,100,99876,100,98574,100,99963,100,98372,100
2019-06-28 10:06:30.000000000,99114,884,98885,484,99359,100,98858,100,99364,100,98732,100,99430,100,98716,100,99437,100,98712,100,99463,100,98676,100,99513,100,98663,100,99585,100,98613,100,99876,100,98574,100,99963,100,98372,100
2019-06-28 10:06:38.755282928,99114,884,98885,484,99359,100,98858,100,99364,100,98732,100,99430,100,98716,100,99437,100,98712,100,99513,100,98676,100,99550,100,98663,100,99585,100,98613,100,99876,100,98574,100,99963,100,98372,100
2019-06-28 10:06:40.000000000,99114,577,98885,177,99359,177,98858,177,99364,177,98732,177,99430,177,98716,177,99437,177,98712,177,99513,100,98676,100,99550,100,98663,100,99585,100,98613,100,99876,100,98574,100,99963,100,98372,100
2019-06-28 10:06:42.291902299,99114,477,98885,177,99359,177,98858,177,99364,177,98732,177,99430,177,98716,77,99437,177,98712,177,99513,100,98676,100,99550,100,98663,100,99585,100,98613,100,99876,100,98574,100,99963,100,98372,100
2019-06-28 10:06:50.000000000,99114,784,98885,484,99359,100,98858,100,99364,100,98732,100,99430,100,98712,100,99437,100,98676,100,99513,100,98663,100,99550,100,98613,100,99585,100,98574,100,99876,100,98372,100,99963,100,98061,100
2019-06-28 10:06:50.068970355,99114,684,98885,484,99359,100,98858,100,99430,100,98732,100,99437,100,98712,100,99513,100,98676,100,99550,100,98663,100,99585,100,98613,100,99876,100,98574,100,99963,100,98372,100,99966,100,98061,100
2019-06-28 10:07:00.000000000,99114,431,98885,231,99359,227,98858,227,99430,227,98732,227,99437,100,98712,100,99513,100,98676,100,99550,100,98663,100,99585,100,98613,100,99876,100,98574,100,99963,100,98372,100,99966,100,98061,100
2019-06-28 10:07:02.833162395,99114,431,98885,231,99359,227,98858,227,99430,227,98732,227,99437,100,98712,100,99513,100,98676,100,99550,100,98663,100,99585,100,98574,100,99737,100,98372,100,99876,100,98061,100,99963,100,,
2019-06-28 10:07:04.665518817,99114,331,98885,231,99359,227,98858,227,99430,227,98732,227,99437,100,98712,100,99513,100,98676,100,99550,100,98663,100,99585,100,98574,100,99737,100,98372,100,99876,100,98061,100,99963,100,,
2019-06-28 10:07:10.000000000,99114,296,98885,196,99359,196,98858,196,99430,196,98732,196,99437,196,98712,196,99513,100,98676,100,99550,100,98663,100,99585,100,98574,100,99737,100,98372,100,99876,100,98061,100,99963,100,,
2019-06-28 10:07:20.000000000,99114,277,98885,177,99359,177,98858,177,99430,177,98732,177,99437,177,98712,177,99513,177,98676,177,99550,100,98663,100,99585,100,98574,100,99737,100,98372,100,99876,100,98061,100,99963,100,,
2019-06-28 10:07:24.621608335,99114,177,98885,177,99359,177,98858,177,99430,177,98732,177,99437,177,98712,177,99513,177,98676,177,99550,100,98663,100,99585,100,98574,100,99737,100,98372,100,99876,100,98061,100,99963,100,,
2019-06-28 10:07:30.000000000,99114,484,98885,484,99359,100,98858,100,99430,100,98732,100,99437,100,98712,100,99513,100,98676,100,99550,100,98663,100,99585,100,98574,100,99737,100,98372,100,99876,100,98061,100,99963,100,,
2019-06-28 10:07:35.164432167,99114,484,98885,384,99359,100,98858,100,99430,100,98732,100,99437,100,98712,100,99513,100,98676,100,99550,100,98663,100,99585,100,98574,100,99737,100,98372,100,99876,100,98061,100,99963,100,,
2019-06-28 10:07:40.000000000,99114,177,98858,177,99359,177,98732,177,99430,177,98712,177,99437,177,98676,177,99513,177,98663,177,99550,100,98574,100,99585,100,98372,100,99737,100,98061,100,99876,100,,,99963,100,,
2019-06-28 10:07:46.622387672,99114,77,98858,177,99359,177,98732,177,99430,177,98712,77,99437,177,98676,177,99513,177,98663,177,99550,100,98574,100,99585,100,98372,100,99737,100,98061,100,99876,100,,,99963,100,,
2019-06-28 10:07:50.000000000,99359,484,98858,484,99430,100,98732,100,99437,100,98676,100,99513,100,98663,100,99550,100,98574,100,99585,100,98372,100,99737,100,98061,100,99876,100,,,99963,100,,,99966,100,,
2019-06-28 10:07:58.139391908,99359,384,98858,484,99430,100,98732,100,99437,100,98676,100,99513,100,98663,100,99550,100,98574,100,99585,100,98372,100,99737,100,98061,100,99876,100,,,99963,100,,,99966,100,,
2019-06-28 10:08:00.000000000,99430,231,98858,231,99437,227,98732,227,99513,227,98676,227,99550,100,98663,100,99585,100,98574,100,99737,100,98372,100,99876,100,98061,100,99963,100,,,99966,100,,,99979,100,,
2019-06-28 10:08:05.948921063,99430,131,98858,231,99437,127,98732,227,99513,227,98676,227,99550,100,98663,100,99585,100,98574,100,99737,100,98372,100,99876,100,98061,100,99963,100,,,99966,100,,,99979,100,,
2019-06-28 10:08:07.803112281,99430,131,99359,100,99437,127,98858,231,99513,227,98732,227,99550,100,98676,227,99585,100,98663,100,99737,100,98574,100,99876,100,98372,100,99963,100,98061,100,99966,100,,,99979,100,,
2019-06-28 10:08:09.715702739,99430,131,99359,100,99437,127,98858,231,99513,227,98732,227,99550,100,98676,227,99585,100,98663,100,99737,100,98574,100,99876,100,98372,100,99963,100,98061,100,99966,100,,,99979,100,,
2019-06-28 10:08:10.000000000,99513,292,99359,292,99550,292,98858,292,99585,100,98732,100,99737,100,98676,100,99876,100,98663,100,99963,100,98574,100,99966,100,98372,100,99979,100,98061,100,99991,100,,,100018,100,,
2019-06-28 10:08:20.000000000,99513,292,99359,292,99550,292,98858,292,99585,100,98732,100,99737,100,98676,100,99876,100,98663,100,99963,100,98574,100,99966,100,98372,100,99979,100,98061,100,99991,100,,,100018,100,,
2019-06-28 10:08:25.782680517,99513,292,99359,292,99550,292,98858,292,99585,100,98732,100,99737,100,98676,100,99876,100,98663,100,99963,100,98574,100,99966,100,98372,100,99991,100,98061,100,100018,100,,,100090,100,,
2019-06-28 10:08:28.964418231,99513,292,99359,392,99550,292,98858,292,99585,100,98732,100,99737,100,98676,100,99876,100,98663,100,99963,100,98574,100,99966,100,98372,100,99991,100,98061,100,100018,100,,,100090,100,,
2019-06-28 10:08:30.000000000,99513,177,99359,277,99550,177,98858,177,99585,177,98732,177,99737,177,98676,177,99876,177,98663,177,99963,100,98574,100,99966,100,98372,100,99991,100,98061,100,100018,100,,,100090,100,,
