,ask_price_1,ask_size_1,bid_price_1,bid_size_1,ask_price_2,ask_size_2,bid_price_2,bid_size_2,ask_price_3,ask_size_3,bid_price_3,bid_size_3,ask_price_4,ask_size_4,bid_price_4,bid_size_4,ask_price_5,ask_size_5,bid_price_5,bid_size_5,ask_price_6,ask_size_6,bid_price_6,bid_size_6,ask_price_7,ask_size_7,bid_price_7,bid_size_7,ask_price_8,ask_size_8,bid_price_8,bid_size_8,ask_price_9,ask_size_9,bid_price_9,bid_size_9,ask_price_10,ask_size_10,bid_price_10,bid_size_10
2019-06-28 09:30:00.000000007,,,99996,100,,,,,,,,,,,,,,,,,,,,,,,,,,,,,,,,,,,,
2019-06-28 09:30:00.000000008,,,100061,100,,,99996,100,,,99956,100,,,,,,,,,,,,,,,,,,,,,,,,,,,,
2019-06-28 09:30:00.000000009,,,100061,100,,,100033,100,,,99996,100,,,99956,100,,,99917,100,,,,,,,,,,,,,,,,,,,,
2019-06-28 09:30:00.000000014,100086,100,100061,100,100196,100,100033,100,,,99996,100,,,99956,100,,,99917,100,,,,,,,,,,,,,,,,,,,,
2019-06-28 09:30:00.000000016,100086,100,100061,100,100196,100,100033,100,,,99996,100,,,99956,100,,,99917,100,,,99843,100,,,,,,,,,,,,,,,,
2019-06-28 09:30:00.000000017,100086,100,100061,100,100196,100,100033,100,,,99996,100,,,99956,100,,,99931,100,,,99917,100,,,99843,100,,,,,,,,,,,,
2019-06-28 09:30:00.000000020,100086,100,100033,100,100196,100,99996,100,,,99956,100,,,99931,100,,,99917,100,,,99843,100,,,,,,,,,,,,,,,,
2019-06-28 09:30:00.000000022,100086,100,100033,100,100196,100,100028,100,,,99996,100,,,99956,100,,,99931,100,,,99917,100,,,99886,100,,,99843,100,,,,,,,,
2019-06-28 09:30:00.000000023,100086,100,100033,100,100196,100,100028,100,,,99996,100,,,99956,100,,,99946,100,,,99931,100,,,99917,100,,,99886,100,,,99843,100,,,,
2019-06-28 09:30:00.000000029,100086,100,100033,100,100196,100,100028,100,,,99996,100,,,99956,100,,,99946,100,,,99931,100,,,99917,100,,,99886,100,,,99843,100,,,,
2019-06-28 09:30:00.000000030,100086,100,100033,200,100196,100,100028,100,,,99996,100,,,99956,100,,,99946,100,,,99931,100,,,99917,100,,,99886,100,,,99843,100,,,,
2019-06-28 09:30:00.000000031,100086,100,100033,100,100133,100,100028,100,100196,100,99996,100,,,99956,100,,,99946,100,,,99931,100,,,99917,100,,,99886,100,,,99843,100,,,,
2019-06-28 09:30:00.000000034,100086,100,100033,200,100133,100,100028,100,100196,100,99996,100,,,99956,100,,,99946,100,,,99931,100,,,99917,100,,,99886,100,,,99843,100,,,,
2019-06-28 09:30:00.000000035,100086,100,100033,200,100133,100,100028,100,100196,100,99996,100,,,99960,100,,,99956,100,,,99946,100,,,99931,100,,,99917,100,,,99886,100,,,99843,100
2019-06-28 09:30:00.000000036,100086,100,100033,200,100133,100,100028,100,100196,100,100013,100,,,99996,100,,,99960,100,,,99956,100,,,99946,100,,,99931,100,,,99917,100,,,99886,100
2019-06-28 09:30:00.000000038,100086,100,100033,300,100133,100,100028,100,100196,100,100013,100,,,99996,100,,,99960,100,,,99956,100,,,99946,100,,,99931,100,,,99917,100,,,99886,100
2019-06-28 09:30:00.000000041,100086,100,100033,300,100133,100,100028,100,100165,100,100013,100,100196,100,99996,100,,,99960,100,,,99956,100,,,99946,100,,,99931,100,,,99917,100,,,99886,100
2019-06-28 09:30:00.000000044,100086,100,100033,300,100133,100,100028,100,100165,100,100013,200,100196,100,99996,100,,,99960,100,,,99956,100,,,99946,100,,,99931,100,,,99917,100,,,99886,100
2019-06-28 09:30:00.000000046,100039,100,100033,200,100086,100,100028,100,100133,100,100013,200,100165,100,99996,100,100196,100,99960,100,,,99956,100,,,99946,100,,,99931,100,,,99917,100,,,99886,100
2019-06-28 09:30:00.000000047,100039,100,100033,100,100075,100,100028,100,100086,100,100013,200,100133,100,99996,100,100165,100,99960,100,100196,100,99956,100,,,99946,100,,,99931,100,,,99917,100,,,99886,100
2019-06-28 09:30:00.000000048,100039,100,100028,100,100075,100,100013,200,100086,100,99996,100,100133,100,99960,100,100165,100,99956,100,100196,100,99946,100,,,99931,100,,,99917,100,,,99886,100,,,99843,100
2019-06-28 09:30:00.000000049,100033,100,100028,100,100039,100,100013,200,100075,100,99996,100,100086,100,99960,100,100133,100,99956,100,100165,100,99946,100,100196,100,99931,100,,,99917,100,,,99886,100,,,99843,100
2019-06-28 09:30:00.000000051,100033,100,100028,100,100039,100,100013,200,100075,100,99996,100,100086,100,99980,100,100133,100,99960,100,100165,100,99956,100,100196,100,99946,100,,,99931,100,,,99917,100,,,99886,100
2019-06-28 09:30:00.000000053,100033,100,100028,100,100039,100,100013,200,100075,100,99996,100,100086,100,99980,100,100133,100,99960,100,100165,100,99956,100,100196,100,99946,100,,,99931,100,,,99917,100,,,99895,100
2019-06-28 09:30:00.000000054,100033,100,100028,100,100039,100,100013,200,100075,100,100008,100,100086,100,99996,100,100133,100,99980,100,100165,100,99960,100,100196,100,99956,100,,,99946,100,,,99931,100,,,99917,100
2019-06-28 09:30:00.000000057,100033,100,100028,100,100039,100,100013,200,100075,100,100008,100,100086,100,99996,100,100133,100,99980,100,100165,100,99960,100,100196,100,99956,100,,,99946,100,,,99931,100,,,99917,100
2019-06-28 09:30:00.000000058,100033,100,100028,100,100039,100,100013,200,100075,100,100008,100,100086,100,99996,100,100096,100,99980,100,100133,100,99960,100,100165,100,99956,100,100196,100,99946,100,,,99931,100,,,99917,100
2019-06-28 09:30:00.000000060,100030,100,100028,100,100033,100,100013,200,100039,100,100008,100,100075,100,99996,100,100086,100,99980,100,100096,100,99960,100,100133,100,99956,100,100165,100,99946,100,100196,100,99931,100,,,99917,100
2019-06-28 09:30:00.000000062,100030,100,100028,100,100033,100,100013,200,100039,100,100008,100,100075,100,99996,100,100086,100,99995,100,100096,100,99980,100,100133,100,99960,100,100139,100,99956,100,100165,100,99946,100,100196,100,99931,100
2019-06-28 09:30:00.000000063,100030,100,100028,100,100033,100,100013,200,100039,100,100008,100,100075,100,99996,100,100086,100,99995,100,100096,100,99980,100,100133,100,99960,100,100139,100,99956,100,100165,100,99946,100,100196,100,99931,100
2019-06-28 09:30:00.000000064,100030,100,100028,100,100033,100,100013,200,100039,100,100008,100,100075,100,99996,100,100086,100,99995,100,100096,100,99980,100,100133,100,99960,100,100139,100,99956,100,100165,100,99946,100,100196,100,99931,100
2019-06-28 09:30:00.000000065,100030,100,100013,200,100033,100,100008,100,100039,100,99996,100,100075,100,99995,100,100086,100,99980,100,100096,100,99960,100,100133,100,99956,100,100139,100,99946,100,100165,100,99931,100,100196,100,99917,100
2019-06-28 09:30:00.000000072,100030,100,100013,200,100033,100,100008,100,100039,100,99996,100,100075,100,99995,100,100086,100,99980,100,100096,100,99960,100,100133,100,99956,100,100139,100,99946,100,100165,100,99931,100,100191,100,99917,100
2019-06-28 09:30:00.000000073,100030,100,100028,100,100033,100,100013,200,100039,100,100008,100,100075,100,99996,100,100086,100,99995,100,100096,100,99980,100,100133,100,99969,100,100139,100,99960,100,100165,100,99956,100,100191,100,99946,100
2019-06-28 09:30:00.000000078,100030,100,100029,100,100033,100,100028,100,100039,100,100013,200,100051,100,100008,100,100075,100,99996,100,100086,100,99995,100,100096,100,99980,100,100133,100,99969,100,100139,100,99960,100,100165,100,99956,100
2019-06-28 09:30:00.000000080,100030,100,100029,100,100033,100,100028,100,100039,100,100013,200,100051,100,100008,100,100075,100,99996,100,100086,100,99995,100,100096,100,99980,100,100133,100,99969,100,100139,100,99960,100,100165,100,99956,100
2019-06-28 09:30:00.000000083,100030,100,100029,100,100033,100,100028,100,100039,100,100013,200,100051,100,100008,100,100075,100,99996,100,100086,100,99995,100,100096,100,99980,100,100133,100,99970,100,100139,100,99969,100,100165,100,99965,100
2019-06-28 09:30:00.000000085,100030,100,100029,100,100033,100,100028,100,100039,100,100013,200,100051,100,100008,100,100075,100,99996,100,100086,100,99995,100,100096,100,99980,100,100133,100,99970,100,100139,100,99969,100,100165,100,99965,100
2019-06-28 09:30:00.000000086,100030,100,100029,100,100033,100,100028,100,100039,100,100013,200,100051,100,100008,100,100075,100,99996,100,100086,100,99995,100,100096,100,99980,100,100133,100,99970,100,100139,100,99969,100,100165,100,99965,100
2019-06-28 09:30:00.000000092,100030,100,100028,100,100033,100,100013,200,100039,100,100008,100,100051,100,99996,100,100075,100,99995,100,100086,100,99980,100,100096,100,99970,100,100133,100,99969,100,100139,100,99965,100,100165,100,99960,100
2019-06-28 09:30:00.000000094,100030,100,100028,100,100033,100,100013,200,100039,100,100008,100,100051,100,99996,100,100075,100,99995,100,100086,100,99980,100,100096,100,99970,100,100133,100,99969,100,100139,100,99965,100,100165,100,99960,100
2019-06-28 09:30:00.000000095,100030,100,100028,200,100033,100,100013,200,100039,100,100008,100,100051,100,99996,100,100075,100,99995,100,100086,100,99980,100,100096,100,99970,100,100133,100,99969,100,100139,100,99965,100,100165,100,99960,100
2019-06-28 09:30:00.000000098,100030,100,100028,200,100033,100,100013,200,100039,100,100008,100,100051,100,99996,100,100070,100,99995,100,100075,100,99980,100,100086,100,99970,100,100096,100,99969,100,100133,100,99965,100,100139,100,99960,100
2019-06-28 09:30:10.000000000,100030,220,100028,320,100033,220,100013,320,100039,220,100008,220,100051,220,99996,220,100070,100,99995,100,100075,100,99980,100,100086,100,99970,100,100096,100,99969,100,100133,100,99965,100,100139,100,99960,100
2019-06-28 09:30:15.331755006,100030,120,100028,320,100033,220,100013,320,100039,220,100008,220,100051,220,99996,220,100070,100,99995,100,100075,100,99980,100,100086,100,99970,100,100096,100,99969,100,100133,100,99965,100,100139,100,99960,100
2019-06-28 09:30:20.000000000,100033,220,100028,320,100039,220,100013,320,100051,220,100008,220,100070,220,99996,220,100075,100,99995,100,100086,100,99980,100,100096,100,99970,100,100133,100,99969,100,100139,100,99965,100,100151,100,99960,100
2019-06-28 09:30:29.903053515,100033,220,100028,320,100039,220,100013,320,100051,220,100008,220,100070,220,99996,220,100075,100,99995,100,100086,100,99980,100,100096,100,99970,100,100133,100,99969,100,100151,100,99965,100,100165,100,99960,100
2019-06-28 09:30:30.000000000,100033,582,100028,682,100039,100,100013,200,100051,100,100008,100,100070,100,99996,100,100075,100,99995,100,100086,100,99980,100,100096,100,99970,100,100133,100,99969,100,100151,100,99965,100,100165,100,99960,100
2019-06-28 09:30:32.745047905,100033,582,100028,682,100039,100,100013,200,100051,100,100008,100,100070,100,99996,100,100075,100,99995,100,100086,100,99970,100,100096,100,99969,100,100133,100,99965,100,100151,100,99960,100,100165,100,99956,100
2019-06-28 09:30:37.203428455,100033,582,100028,682,100039,100,100013,200,100051,100,100008,100,100070,100,99996,100,100075,100,99995,100,100086,100,99970,100,100096,100,99969,100,100133,100,99965,100,100151,100,99960,100,100165,100,99956,100
2019-06-28 09:30:40.000000000,100033,582,100028,682,100039,100,100013,200,100051,100,100008,100,100070,100,99996,100,100075,100,99995,100,100086,100,99970,100,100096,100,99969,100,100133,100,99965,100,100151,100,99960,100,100165,100,99956,100
2019-06-28 09:30:50.000000000,100033,341,100028,441,100039,341,100013,441,100051,100,100008,100,100070,100,99996,100,100075,100,99995,100,100086,100,99970,100,100096,100,99969,100,100133,100,99965,100,100151,100,99960,100,100165,100,99956,100
2019-06-28 09:31:00.000000000,100033,264,100028,364,100039,259,100013,359,100051,259,100008,259,100070,100,99996,100,100075,100,99995,100,100086,100,99970,100,100096,100,99969,100,100133,100,99965,100,100151,100,99960,100,100165,100,99956,100
2019-06-28 09:31:10.000000000,100033,341,100028,441,100039,341,100013,441,100051,100,100008,100,100070,100,99996,100,100075,100,99995,100,100086,100,99970,100,100096,100,99969,100,100133,100,99965,100,100151,100,99960,100,100165,100,99956,100
2019-06-28 09:31:11.920050410,100033,341,100028,441,100039,341,100013,441,100051,100,100008,100,100070,100,99996,100,100075,100,99995,100,100086,100,99970,100,100096,100,99969,100,100133,100,99965,100,100151,100,99960,100,100165,100,99956,100
2019-06-28 09:31:13.918524585,100033,341,100029,100,100039,341,100028,441,100051,100,100013,441,100070,100,100008,100,100075,100,99996,100,100086,100,99995,100,100096,100,99970,100,100133,100,99969,100,100151,100,99965,100,100165,100,99960,100
2019-06-28 09:31:15.911124857,100033,341,100029,100,100039,341,100028,441,100051,100,100013,441,100070,100,100008,100,100075,100,99996,100,100086,100,99995,100,100096,100,99970,100,100133,100,99969,100,100165,100,99965,100,100168,100,99960,100
2019-06-28 09:31:18.707521184,100033,241,100029,100,100039,341,100028,441,100051,100,100013,441,100070,100,100008,100,100086,100,99996,100,100096,100,99995,100,100133,100,99970,100,100165,100,99969,100,100168,100,99965,100,100184,100,99960,100
2019-06-28 09:31:20.000000000,100039,264,100029,264,100051,259,100028,359,100070,259,100013,359,100086,100,100008,100,100096,100,99996,100,100133,100,99995,100,100165,100,99970,100,100168,100,99969,100,100184,100,99965,100,100189,100,99960,100
2019-06-28 09:31:20.890556501,100039,264,100029,264,100051,259,100028,359,100070,259,100013,359,100086,100,100008,100,100096,100,99996,100,100133,100,99995,100,100165,100,99970,100,100168,100,99969,100,100184,100,99965,100,100189,100,99960,100
2019-06-28 09:31:30.000000000,100039,341,100029,341,100051,341,100028,441,100070,100,100013,200,100086,100,100008,100,100096,100,99996,100,100133,100,99995,100,100165,100,99970,100,100168,100,99969,100,100184,100,99965,100,100189,100,99960,100
2019-06-28 09:31:40.000000000,100039,220,100029,220,100051,220,100028,320,100070,220,100013,320,100086,220,100008,220,100096,100,99996,100,100133,100,99995,100,100165,100,99970,100,100168,100,99969,100,100184,100,99965,100,100189,100,99960,100
2019-06-28 09:31:40.472168326,100039,120,100029,220,100051,220,100028,320,100070,220,100013,320,100086,220,100008,220,100096,100,99996,100,100133,100,99995,100,100165,100,99970,100,100168,100,99969,100,100184,100,99965,100,100189,100,99960,100
2019-06-28 09:31:40.989095103,100039,120,100029,220,100051,220,100028,320,100070,220,100013,320,100086,220,100008,220,100096,100,99996,100,100133,100,99995,100,100165,100,99970,100,100168,100,99969,100,100184,100,99965,100,100189,100,99956,100
2019-06-28 09:31:46.082575936,100039,20,100029,220,100051,220,100028,320,100070,220,100013,320,100086,220,100008,220,100096,100,99996,100,100133,100,99995,100,100165,100,99970,100,100168,100,99969,100,100184,100,99965,100,100189,100,99956,100
2019-06-28 09:31:50.000000000,100051,220,100029,220,100070,220,100028,320,100086,220,100013,320,100096,220,100008,220,100133,100,99996,100,100165,100,99995,100,100168,100,99970,100,100184,100,99969,100,100189,100,99965,100,100191,100,99956,100
2019-06-28 09:32:00.000000000,100051,264,100029,264,100070,259,100028,359,100086,259,100013,359,100096,100,100008,100,100133,100,99996,100,100165,100,99995,100,100168,100,99970,100,100184,100,99969,100,100189,100,99965,100,100191,100,99956,100
2019-06-28 09:32:07.108439811,100051,164,100029,264,100070,259,100028,359,100086,259,100013,359,100096,100,100008,100,100133,100,99996,100,100165,100,99995,100,100168,100,99970,100,100184,100,99969,100,100189,100,99965,100,100191,100,99956,100
2019-06-28 09:32:07.236511845,100051,64,100029,264,100070,259,100028,359,100086,259,100013,359,100096,100,100008,100,100133,100,99996,100,100165,100,99995,100,100168,100,99970,100,100184,100,99969,100,100189,100,99965,100,100191,100,99956,100
2019-06-28 09:32:10.000000000,100070,341,100029,341,100086,341,100028,441,100096,100,100013,200,100133,100,100008,100,100165,100,99996,100,100168,100,99995,100,100184,100,99970,100,100189,100,99969,100,100191,100,99965,100,100196,100,99956,100
2019-06-28 09:32:15.855809324,100070,341,100051,100,100086,341,100029,341,100096,100,100028,441,100133,100,100013,200,100165,100,100008,100,100168,100,99996,100,100184,100,99995,100,100189,100,99970,100,100191,100,99969,100,100196,100,99965,100
2019-06-28 09:32:20.000000000,100070,196,100051,196,100086,196,100029,196,100096,196,100028,296,100133,196,100013,296,100165,196,100008,196,100168,100,99996,100,100184,100,99995,100,100189,100,99970,100,100191,100,99969,100,100196,100,99965,100
2019-06-28 09:32:24.238784371,100070,96,100051,196,100086,196,100029,196,100096,196,100028,296,100133,196,100013,296,100165,196,100008,196,100168,100,99996,100,100184,100,99995,100,100189,100,99970,100,100191,100,99969,100,100196,100,99965,100
2019-06-28 09:32:30.000000000,100086,582,100051,582,100096,100,100029,100,100133,100,100028,200,100165,100,100013,200,100168,100,100008,100,100184,100,99996,100,100189,100,99995,100,100191,100,99970,100,100196,100,99969,100,100295,100,99965,100
2019-06-28 09:32:40.000000000,100086,341,100051,341,100096,341,100029,341,100133,100,100028,200,100165,100,100013,200,100168,100,100008,100,100184,100,99996,100,100189,100,99995,100,100191,100,99970,100,100196,100,99969,100,100295,100,99965,100
2019-06-28 09:32:50.000000000,100086,264,100051,264,100096,259,100029,259,100133,259,100028,359,100165,100,100013,200,100168,100,100008,100,100184,100,99996,100,100189,100,99995,100,100191,100,99970,100,100196,100,99969,100,100295,100,99965,100
2019-06-28 09:32:56.762682062,100086,164,100051,264,100096,259,100029,259,100133,259,100028,359,100165,100,100013,200,100168,100,99996,100,100184,100,99995,100,100189,100,99970,100,100191,100,99969,100,100196,100,99965,100,100295,100,99956,100
2019-06-28 09:33:00.000000000,100096,264,100051,264,100133,259,100029,259,100165,259,100028,359,100168,100,100013,200,100184,100,99996,100,100189,100,99995,100,100191,100,99970,100,100196,100,99969,100,100295,100,99965,100,100369,100,99956,100
2019-06-28 09:33:10.000000000,100096,220,100051,220,100133,220,100029,220,100165,220,100028,320,100168,220,100013,320,100184,100,99996,100,100189,100,99995,100,100191,100,99970,100,100196,100,99969,100,100295,100,99965,100,100369,100,99956,100
2019-06-28 09:33:20.000000000,100096,582,100051,582,100133,100,100029,100,100165,100,100028,200,100168,100,100013,200,100184,100,99996,100,100189,100,99995,100,100191,100,99970,100,100196,100,99969,100,100295,100,99965,100,100369,100,99956,100
2019-06-28 09:33:25.420806829,100061,100,100051,582,100096,582,100029,100,100133,100,100028,200,100165,100,100013,200,100168,100,99996,100,100184,100,99995,100,100189,100,99970,100,100191,100,99969,100,100196,100,99965,100,100295,100,99956,100
2019-06-28 09:33:30.000000000,100061,582,100051,582,100096,100,100029,100,100133,100,100028,200,100165,100,100013,200,100168,100,99996,100,100184,100,99995,100,100189,100,99970,100,100191,100,99969,100,100196,100,99965,100,100295,100,99956,100
2019-06-28 09:33:40.000000000,100061,582,100051,582,100096,100,100029,100,100133,100,100028,200,100165,100,100013,200,100168,100,99996,100,100184,100,99995,100,100189,100,99970,100,100191,100,99969,100,100196,100,99965,100,100295,100,99956,100
2019-06-28 09:33:50.000000000,100061,220,100051,220,100096,220,100029,220,100133,220,100028,320,100165,220,100013,320,100168,100,99996,100,100184,100,99995,100,100189,100,99970,100,100191,100,99969,100,100196,100,99965,100,100295,100,99956,100
2019-06-28 09:33:53.489923873,100061,120,100051,220,100096,220,100029,220,100133,220,100028,320,100165,220,100013,320,100168,100,99996,100,100189,100,99995,100,100191,100,99970,100,100196,100,99969,100,100295,100,99965,100,100369,100,99956,100
2019-06-28 09:34:00.000000000,100096,220,100051,220,100133,220,100029,220,100165,220,100028,320,100168,220,100013,320,100189,100,99996,100,100191,100,99995,100,100196,100,99970,100,100295,100,99969,100,100369,100,99965,100,100490,100,99956,100
2019-06-28 09:34:10.000000000,100096,196,100051,196,100133,196,100029,196,100165,196,100028,296,100168,196,100013,296,100189,196,99996,196,100191,100,99995,100,100196,100,99970,100,100295,100,99969,100,100369,100,99965,100,100490,100,99956,100
2019-06-28 09:34:11.228845217,100096,96,100051,196,100133,196,100029,196,100165,196,100028,296,100168,196,100013,296,100189,196,99996,196,100191,100,99995,100,100196,100,99970,100,100295,100,99969,100,100369,100,99965,100,100490,100,99956,100
2019-06-28 09:34:20.000000000,100133,341,100051,341,100165,341,100029,341,100168,100,100028,200,100189,100,100013,200,100191,100,99996,100,100196,100,99995,100,100295,100,99970,100,100369,100,99969,100,100490,100,99965,100,100502,100,99956,100
2019-06-28 09:34:30.000000000,100133,264,100051,264,100165,259,100029,259,100168,259,100028,359,100189,100,100013,200,100191,100,99996,100,100196,100,99995,100,100295,100,99970,100,100369,100,99969,100,100490,100,99965,100,100502,100,99956,100
2019-06-28 09:34:40.000000000,100133,196,100051,196,100165,196,100029,196,100168,196,100028,296,100189,196,100013,296,100191,196,99996,196,100196,100,99995,100,100295,100,99970,100,100369,100,99969,100,100490,100,99965,100,100502,100,99956,100
2019-06-28 09:34:50.000000000,100133,582,100051,582,100165,100,100029,100,100168,100,100028,200,100189,100,100013,200,100191,100,99996,100,100196,100,99995,100,100295,100,99970,100,100369,100,99969,100,100490,100,99965,100,100502,100,99956,100
2019-06-28 09:34:50.455064659,100133,582,100051,582,100165,100,100029,100,100168,100,100028,200,100189,100,100013,200,100191,100,99996,100,100196,100,99995,100,100238,100,99970,100,100295,100,99969,100,100369,100,99965,100,100490,100,99956,100
2019-06-28 09:34:55.106379686,100133,582,100051,582,100165,100,100029,100,100168,100,100028,200,100189,100,100013,200,100191,100,99996,100,100196,100,99995,100,100238,100,99970,100,100295,100,99969,100,100369,100,99965,100,100437,100,99956,100
2019-06-28 09:35:00.000000000,100133,582,100051,582,100165,100,100029,100,100168,100,100028,200,100189,100,100013,200,100191,100,99996,100,100196,100,99995,100,100238,100,99970,100,100295,100,99969,100,100369,100,99965,100,100437,100,99956,100
2019-06-28 09:35:10.000000000,100133,582,100051,582,100165,100,100029,100,100168,100,100028,200,100189,100,100013,200,100191,100,99996,100,100196,100,99995,100,100238,100,99970,100,100295,100,99969,100,100369,100,99965,100,100437,100,99956,100
2019-06-28 09:35:20.000000000,100133,341,100051,341,100165,341,100029,341,100168,100,100028,200,100189,100,100013,200,100191,100,99996,100,100196,100,99995,100,100238,100,99970,100,100295,100,99969,100,100369,100,99965,100,100437,100,99956,100
2019-06-28 09:35:30.000000000,100133,264,100051,264,100165,259,100029,259,100168,259,100028,359,100189,100,100013,200,100191,100,99996,100,100196,100,99995,100,100238,100,99970,100,100295,100,99969,100,100369,100,99965,100,100437,100,99956,100
2019-06-28 09:35:38.708560128,100133,264,100051,264,100165,259,100029,259,100168,259,100028,359,100189,100,100013,200,100191,100,99996,100,100196,100,99995,100,100238,100,99988,100,100295,100,99970,100,100369,100,99969,100,100437,100,99965,100
2019-06-28 09:35:40.000000000,100133,341,100051,341,100165,341,100029,341,100168,100,100028,200,100189,100,100013,200,100191,100,99996,100,100196,100,99995,100,100238,100,99988,100,100295,100,99970,100,100369,100,99969,100,100437,100,99965,100
2019-06-28 09:35:43.453857615,100133,341,100061,100,100165,341,100051,341,100168,100,100029,341,100189,100,100028,200,100191,100,100013,200,100196,100,99996,100,100238,100,99995,100,100295,100,99988,100,100369,100,99970,100,100437,100,99969,100
2019-06-28 09:35:46.971576960,100133,341,100061,100,100165,341,100051,341,100168,100,100029,341,100189,100,100028,200,100191,100,100013,200,100196,100,99996,100,100238,100,99995,100,100251,100,99988,100,100295,100,99970,100,100369,100,99969,100
2019-06-28 09:35:50.000000000,100133,341,100061,341,100165,341,100051,341,100168,100,100029,100,100189,100,100028,200,100191,100,100013,200,100196,100,99996,100,100238,100,99995,100,100251,100,99988,100,100295,100,99970,100,100369,100,99969,100
2019-06-28 09:36:00.000000000,100133,264,100061,264,100165,259,100051,259,100168,259,100029,259,100189,100,100028,200,100191,100,100013,200,100196,100,99996,100,100238,100,99995,100,100251,100,99988,100,100295,100,99970,100,100369,100,99969,100
2019-06-28 09:36:10.000000000,100133,341,100061,341,100165,341,100051,341,100168,100,100029,100,100189,100,100028,200,100191,100,100013,200,100196,100,99996,100,100238,100,99995,100,100251,100,99988,100,100295,100,99970,100,100369,100,99969,100
2019-06-28 09:36:17.841879575,100133,341,100061,341,100165,341,100051,341,100168,100,100029,100,100189,100,100028,200,100191,100,100013,200,100196,100,99996,100,100238,100,99995,100,100251,100,99988,100,100295,100,99970,100,100369,100,99969,100
2019-06-28 09:36:20.000000000,100133,196,100061,196,100165,196,100051,196,100168,196,100029,196,100189,196,100028,296,100191,196,100013,296,100196,100,99996,100,100238,100,99995,100,100251,100,99988,100,100295,100,99970,100,100369,100,99969,100
2019-06-28 09:36:25.871508890,100133,196,100061,196,100165,196,100051,196,100168,196,100029,196,100189,196,100028,296,100191,96,100013,296,100196,100,99996,100,100238,100,99995,100,100251,100,99988,100,100295,100,99970,100,100369,100,99969,100
2019-06-28 09:36:30.000000000,100133,196,100061,196,100165,196,100051,196,100168,196,100029,196,100189,196,100028,296,100196,196,100013,296,100238,100,99996,100,100251,100,99995,100,100295,100,99988,100,100369,100,99970,100,100385,100,99969,100
2019-06-28 09:36:40.000000000,100133,264,100061,264,100165,259,100051,259,100168,259,100029,259,100189,100,100028,200,100196,100,100013,200,100238,100,99996,100,100251,100,99995,100,100295,100,99988,100,100369,100,99970,100,100385,100,99969,100
2019-06-28 09:36:43.834505795,100133,264,100061,264,100165,259,100051,259,100168,259,100029,259,100189,100,100028,200,100196,100,100013,200,100238,100,99996,100,100251,100,99995,100,100295,100,99988,100,100369,100,99970,100,100385,100,99969,100
2019-06-28 09:36:50.000000000,100133,341,100061,341,100165,341,100051,341,100168,100,100029,100,100189,100,100028,200,100196,100,100013,200,100238,100,99996,100,100251,100,99995,100,100295,100,99988,100,100369,100,99970,100,100385,100,99969,100
2019-06-28 09:36:51.022708490,100133,341,100061,441,100165,341,100051,341,100168,100,100029,100,100189,100,100028,200,100196,100,100013,200,100238,100,99996,100,100251,100,99995,100,100295,100,99988,100,100369,100,99970,100,100385,100,99969,100
2019-06-28 09:36:56.124711799,100133,341,100061,541,100165,341,100051,341,100168,100,100029,100,100189,100,100028,200,100196,100,100013,200,100238,100,99996,100,100251,100,99995,100,100295,100,99988,100,100369,100,99970,100,100385,100,99969,100
2019-06-28 09:36:57.561865016,100133,341,100061,641,100165,341,100051,341,100168,100,100029,100,100189,100,100028,200,100196,100,100013,200,100238,100,99996,100,100251,100,99995,100,100295,100,99988,100,100369,100,99970,100,100385,100,99969,100
2019-06-28 09:37:00.000000000,100133,582,100061,882,100165,100,100051,100,100168,100,100029,100,100189,100,100028,200,100196,100,100013,200,100238,100,99996,100,100251,100,99995,100,100295,100,99988,100,100369,100,99970,100,100385,100,99969,100
2019-06-28 09:37:05.714640542,100133,582,100061,982,100165,100,100051,100,100168,100,100029,100,100189,100,100028,200,100196,100,100013,200,100238,100,99996,100,100251,100,99995,100,100295,100,99988,100,100369,100,99970,100,100385,100,99969,100
2019-06-28 09:37:10.000000000,100133,196,100061,596,100165,196,100051,196,100168,196,100029,196,100189,196,100028,296,100196,196,100013,296,100238,100,99996,100,100251,100,99995,100,100295,100,99988,100,100369,100,99970,100,100385,100,99969,100
2019-06-28 09:37:20.000000000,100133,264,100061,664,100165,259,100051,259,100168,259,100029,259,100189,100,100028,200,100196,100,100013,200,100238,100,99996,100,100251,100,99995,100,100295,100,99988,100,100369,100,99970,100,100385,100,99969,100
2019-06-28 09:37:30.000000000,100133,196,100061,596,100165,196,100051,196,100168,196,100029,196,100189,196,100028,296,100196,196,100013,296,100238,100,99996,100,100251,100,99995,100,100295,100,99988,100,100369,100,99970,100,100385,100,99969,100
2019-06-28 09:37:35.615400992,100133,196,100061,696,100165,196,100051,196,100168,196,100029,196,100189,196,100028,296,100196,196,100013,296,100238,100,99996,100,100251,100,99995,100,100295,100,99988,100,100369,100,99970,100,100385,100,99969,100
2019-06-28 09:37:40.000000000,100133,220,100061,720,100165,220,100051,220,100168,220,100029,220,100189,220,100028,320,100196,100,100013,200,100238,100,99996,100,100251,100,99995,100,100295,100,99988,100,100369,100,99970,100,100385,100,99969,100
2019-06-28 09:37:40.658362782,100133,220,100061,720,100165,220,100051,220,100168,220,100029,220,100189,220,100028,320,100196,100,100013,200,100238,100,99996,100,100251,100,99995,100,100295,100,99988,100,100344,100,99970,100,100369,100,99969,100
2019-06-28 09:37:50.000000000,100133,582,100061,1082,100165,100,100051,100,100168,100,100029,100,100189,100,100028,200,100196,100,100013,200,100238,100,99996,100,100251,100,99995,100,100295,100,99988,100,100344,100,99970,100,100369,100,99969,100
2019-06-28 09:37:50.122631991,100133,482,100061,1082,100168,100,100051,100,100189,100,100029,100,100196,100,100028,200,100238,100,100013,200,100251,100,99996,100,100295,100,99995,100,100344,100,99988,100,100369,100,99970,100,100385,100,99969,100
2019-06-28 09:37:53.093834991,100133,382,100061,1082,100168,100,100051,100,100189,100,100029,100,100196,100,100028,200,100238,100,100013,200,100251,100,99995,100,100295,100,99988,100,100344,100,99970,100,100369,100,99969,100,100385,100,99956,100
2019-06-28 09:37:58.257772466,100133,382,100061,1082,100168,100,100051,100,100189,100,100029,100,100196,100,100028,200,100238,100,100013,100,100251,100,99995,100,100295,100,99988,100,100344,100,99970,100,100369,100,99969,100,100385,100,99956,100
2019-06-28 09:38:00.000000000,100168,582,100061,1082,100189,100,100051,100,100196,100,100029,100,100238,100,100028,200,100251,100,100013,100,100295,100,99995,100,100344,100,99988,100,100369,100,99970,100,100385,100,99969,100,100437,100,99956,100
2019-06-28 09:38:10.000000000,100168,220,100061,720,100189,220,100051,220,100196,220,100029,220,100238,220,100028,320,100251,100,100013,100,100295,100,99995,100,100344,100,99988,100,100369,100,99970,100,100385,100,99969,100,100437,100,99956,100
2019-06-28 09:38:20.000000000,100168,264,100061,764,100189,259,100051,259,100196,259,100029,259,100238,100,100028,200,100251,100,100013,100,100295,100,99995,100,100344,100,99988,100,100369,100,99970,100,100385,100,99969,100,100437,100,99956,100
2019-06-28 09:38:30.000000000,100168,582,100061,1082,100189,100,100051,100,100196,100,100029,100,100238,100,100028,200,100251,100,100013,100,100295,100,99995,100,100344,100,99988,100,100369,100,99970,100,100385,100,99969,100,100437,100,99956,100
2019-06-28 09:38:30.050992981,100168,582,100061,1082,100189,100,100051,100,100196,100,100029,100,100238,100,100028,200,100251,100,100013,100,100295,100,99995,100,100344,100,99988,100,100369,100,99970,100,100385,100,99969,100,100437,100,99956,100
2019-06-28 09:38:40.000000000,100168,341,100061,841,100189,341,100051,341,100196,100,100029,100,100238,100,100028,200,100251,100,100013,100,100295,100,99995,100,100344,100,99988,100,100369,100,99970,100,100385,100,99969,100,100437,100,99956,100
2019-06-28 09:38:45.874690714,100168,341,100076,100,100189,341,100061,841,100196,100,100051,341,100238,100,100029,100,100251,100,100028,200,100295,100,100013,100,100344,100,99995,100,100369,100,99970,100,100385,100,99969,100,100437,100,99956,100
2019-06-28 09:38:46.058176780,100168,341,100076,100,100189,341,100061,841,100196,100,100051,341,100238,100,100029,100,100251,100,100028,200,100295,100,100013,100,100344,100,99999,100,100369,100,99995,100,100385,100,99970,100,100437,100,99969,100
2019-06-28 09:38:50.000000000,100168,196,100076,196,100189,196,100061,696,100196,196,100051,196,100238,196,100029,196,100251,196,100028,296,100295,100,100013,100,100344,100,99999,100,100369,100,99995,100,100385,100,99970,100,100437,100,99969,100
2019-06-28 09:39:00.000000000,100168,341,100076,341,100189,341,100061,841,100196,100,100051,100,100238,100,100029,100,100251,100,100028,200,100295,100,100013,100,100344,100,99999,100,100369,100,99995,100,100385,100,99970,100,100437,100,99969,100
2019-06-28 09:39:00.609339176,100168,341,100076,241,100189,341,100061,841,100196,100,100051,100,100238,100,100029,100,100251,100,100028,200,100295,100,100013,100,100344,100,99999,100,100369,100,99995,100,100385,100,99970,100,100437,100,99969,100
2019-06-28 09:39:09.779135644,100168,341,100076,141,100189,341,100061,841,100196,100,100051,100,100238,100,100029,100,100251,100,100028,200,100295,100,100013,100,100344,100,99999,100,100369,100,99995,100,100385,100,99970,100,100437,100,99969,100
2019-06-28 09:39:10.000000000,100168,341,100061,841,100189,341,100051,341,100196,100,100029,100,100238,100,100028,200,100251,100,100013,100,100295,100,99999,100,100344,100,99995,100,100369,100,99970,100,100385,100,99969,100,100437,100,99956,100
2019-06-28 09:39:20.000000000,100168,220,100061,720,100189,220,100051,220,100196,220,100029,220,100238,220,100028,320,100251,100,100013,100,100295,100,99999,100,100344,100,99995,100,100369,100,99970,100,100385,100,99969,100,100437,100,99956,100
2019-06-28 09:39:24.757703704,100168,220,100061,720,100189,220,100051,220,100196,220,100029,220,100238,220,100028,320,100251,100,100013,100,100295,100,99999,100,100344,100,99995,100,100369,100,99970,100,100385,100,99969,100,100437,100,99956,100
2019-06-28 09:39:30.000000000,100168,220,100061,720,100189,220,100051,220,100196,220,100029,220,100238,220,100028,320,100251,100,100013,100,100295,100,99999,100,100344,100,99995,100,100369,100,99970,100,100385,100,99969,100,100437,100,99956,100
2019-06-28 09:39:36.516049242,100076,100,100061,620,100168,220,100051,220,100189,220,100029,220,100196,220,100028,320,100238,220,100013,100,100251,100,99999,100,100295,100,99995,100,100344,100,99970,100,100369,100,99969,100,100385,100,99956,100
2019-06-28 09:39:40.000000000,100076,264,100061,664,100168,259,100051,259,100189,259,100029,259,100196,100,100028,200,100238,100,100013,100,100251,100,99999,100,100295,100,99995,100,100344,100,99970,100,100369,100,99969,100,100385,100,99956,100
2019-06-28 09:39:40.946432409,100076,264,100061,564,100168,259,100051,259,100189,259,100029,259,100196,100,100028,200,100238,100,100013,100,100251,100,99999,100,100295,100,99995,100,100344,100,99970,100,100369,100,99969,100,100385,100,99956,100
2019-06-28 09:39:50.000000000,100076,341,100061,641,100168,341,100051,341,100189,100,100029,100,100196,100,100028,200,100238,100,100013,100,100251,100,99999,100,100295,100,99995,100,100344,100,99970,100,100369,100,99969,100,100385,100,99956,100
2019-06-28 09:40:00.000000000,100076,264,100061,564,100168,259,100051,259,100189,259,100029,259,100196,100,100028,200,100238,100,100013,100,100251,100,99999,100,100295,100,99995,100,100344,100,99970,100,100369,100,99969,100,100385,100,99956,100
2019-06-28 09:40:10.000000000,100076,220,100061,520,100168,220,100051,220,100189,220,100029,220,100196,220,100028,320,100238,100,100013,100,100251,100,99999,100,100295,100,99995,100,100344,100,99970,100,100369,100,99969,100,100385,100,99956,100
2019-06-28 09:40:20.000000000,100076,220,100061,520,100168,220,100051,220,100189,220,100029,220,100196,220,100028,320,100238,100,100013,100,100251,100,99999,100,100295,100,99995,100,100344,100,99970,100,100369,100,99969,100,100385,100,99956,100
2019-06-28 09:40:30.000000000,100076,341,100061,641,100168,341,100051,341,100189,100,100029,100,100196,100,100028,200,100238,100,100013,100,100251,100,99999,100,100295,100,99995,100,100344,100,99970,100,100369,100,99969,100,100385,100,99956,100
2019-06-28 09:40:40.000000000,100076,341,100061,641,100168,341,100051,341,100189,100,100029,100,100196,100,100028,200,100238,100,100013,100,100251,100,99999,100,100295,100,99995,100,100344,100,99970,100,100369,100,99969,100,100385,100,99956,100
2019-06-28 09:40:50.000000000,100076,220,100061,520,100168,220,100051,220,100189,220,100029,220,100196,220,100028,320,100238,100,100013,100,100251,100,99999,100,100295,100,99995,100,100344,100,99970,100,100369,100,99969,100,100385,100,99956,100
2019-06-28 09:41:00.000000000,100076,341,100061,641,100168,341,100051,341,100189,100,100029,100,100196,100,100028,200,100238,100,100013,100,100251,100,99999,100,100295,100,99995,100,100344,100,99970,100,100369,100,99969,100,100385,100,99956,100
2019-06-28 09:41:10.000000000,100076,264,100061,564,100168,259,100051,259,100189,259,100029,259,100196,100,100028,200,100238,100,100013,100,100251,100,99999,100,100295,100,99995,100,100344,100,99970,100,100369,100,99969,100,100385,100,99956,100
2019-06-28 09:41:18.079095942,100076,264,100062,100,100168,259,100061,564,100189,259,100051,259,100196,100,100029,259,100238,100,100028,100,100251,100,100013,100,100295,100,99999,100,100344,100,99995,100,100369,100,99970,100,100385,100,99969,100
2019-06-28 09:41:20.000000000,100076,196,100062,196,100168,196,100061,496,100189,196,100051,196,100196,196,100029,196,100238,196,100028,196,100251,100,100013,100,100295,100,99999,100,100344,100,99995,100,100369,100,99970,100,100385,100,99969,100
2019-06-28 09:41:22.055917575,100076,96,100062,196,100168,196,100061,496,100189,196,100051,196,100196,196,100029,196,100238,196,100028,196,100251,100,100013,100,100295,100,99999,100,100344,100,99995,100,100369,100,99970,100,100385,100,99969,100
2019-06-28 09:41:30.000000000,100168,196,100062,196,100189,196,100061,496,100196,196,100051,196,100238,196,100029,196,100251,196,100028,196,100295,100,100013,100,100344,100,99999,100,100369,100,99995,100,100385,100,99970,100,100437,100,99969,100
2019-06-28 09:41:31.014644220,100168,96,100062,196,100189,196,100061,496,100196,196,100051,196,100238,196,100029,196,100251,196,100028,196,100295,100,100013,100,100344,100,99999,100,100369,100,99995,100,100385,100,99970,100,100437,100,99969,100
2019-06-28 09:41:32.600377341,100189,196,100168,4,100196,196,100062,196,100238,196,100061,496,100251,196,100051,196,100295,100,100029,196,100344,100,100028,196,100369,100,100013,100,100385,100,99999,100,100437,100,99995,100,100490,100,99970,100
2019-06-28 09:41:38.023811965,100189,196,100168,4,100196,196,100062,196,100238,196,100061,496,100251,196,100051,196,100295,100,100029,196,100303,100,100028,196,100344,100,100013,100,100369,100,99999,100,100385,100,99995,100,100437,100,99970,100
2019-06-28 09:41:40.000000000,100189,196,100168,100,100196,196,100062,196,100238,196,100061,496,100251,196,100051,196,100295,196,100029,196,100303,100,100028,100,100344,100,100013,100,100369,100,99999,100,100385,100,99995,100,100437,100,99970,100
2019-06-28 09:41:50.000000000,100189,341,100168,245,100196,341,100062,341,100238,100,100061,400,100251,100,100051,100,100295,100,100029,100,100303,100,100028,100,100344,100,100013,100,100369,100,99999,100,100385,100,99995,100,100437,100,99970,100
2019-06-28 09:42:00.000000000,100189,220,100168,124,100196,220,100062,220,100238,220,100061,520,100251,220,100051,220,100295,100,100029,100,100303,100,100028,100,100344,100,100013,100,100369,100,99999,100,100385,100,99995,100,100437,100,99970,100
2019-06-28 09:42:07.760823413,100189,220,100168,124,100196,220,100062,220,100238,220,100061,520,100251,220,100051,220,100295,100,100029,100,100303,100,100028,100,100344,100,100013,100,100369,100,99999,100,100385,100,99995,100,100437,100,99970,100
2019-06-28 09:42:10.000000000,100189,341,100168,245,100196,341,100062,341,100238,100,100061,400,100251,100,100051,100,100295,100,100029,100,100303,100,100028,100,100344,100,100013,100,100369,100,99999,100,100385,100,99995,100,100437,100,99970,100
2019-06-28 09:42:11.636291886,100189,341,100168,245,100196,341,100062,341,100238,100,100061,400,100251,100,100051,100,100295,100,100029,100,100303,100,100028,100,100344,100,100013,100,100369,100,99999,100,100385,100,99995,100,100437,100,99970,100
2019-06-28 09:42:18.703848079,100189,341,100168,245,100196,341,100062,341,100238,100,100061,400,100251,100,100029,100,100295,100,100028,100,100303,100,100013,100,100344,100,99999,100,100369,100,99995,100,100385,100,99970,100,100437,100,99969,100
2019-06-28 09:42:20.000000000,100189,196,100168,100,100196,196,100062,196,100238,196,100061,496,100251,196,100029,196,100295,196,100028,196,100303,100,100013,100,100344,100,99999,100,100369,100,99995,100,100385,100,99970,100,100437,100,99969,100
2019-06-28 09:42:30.000000000,100189,582,100168,486,100196,100,100062,100,100238,100,100061,400,100251,100,100029,100,100295,100,100028,100,100303,100,100013,100,100344,100,99999,100,100369,100,99995,100,100385,100,99970,100,100437,100,99969,100
2019-06-28 09:42:40.000000000,100189,196,100168,100,100196,196,100062,196,100238,196,100061,496,100251,196,100029,196,100295,196,100028,196,100303,100,100013,100,100344,100,99999,100,100369,100,99995,100,100385,100,99970,100,100437,100,99969,100
2019-06-28 09:42:46.165925527,100189,196,100168,100,100196,196,100062,196,100238,196,100061,396,100251,196,100029,196,100295,196,100028,196,100303,100,100013,100,100344,100,99999,100,100369,100,99995,100,100385,100,99970,100,100437,100,99969,100
2019-06-28 09:42:50.000000000,100189,582,100168,486,100196,100,100062,100,100238,100,100061,300,100251,100,100029,100,100295,100,100028,100,100303,100,100013,100,100344,100,99999,100,100369,100,99995,100,100385,100,99970,100,100437,100,99969,100
2019-06-28 09:43:00.000000000,100189,264,100168,168,100196,259,100062,259,100238,259,100061,459,100251,100,100029,100,100295,100,100028,100,100303,100,100013,100,100344,100,99999,100,100369,100,99995,100,100385,100,99970,100,100437,100,99969,100
2019-06-28 09:43:10.000000000,100189,582,100168,486,100196,100,100062,100,100238,100,100061,300,100251,100,100029,100,100295,100,100028,100,100303,100,100013,100,100344,100,99999,100,100369,100,99995,100,100385,100,99970,100,100437,100,99969,100
2019-06-28 09:43:13.695651085,100189,582,100168,486,100196,100,100155,100,100238,100,100062,100,100251,100,100061,300,100295,100,100029,100,100303,100,100028,100,100344,100,100013,100,100369,100,99999,100,100385,100,99995,100,100437,100,99970,100
2019-06-28 09:43:20.000000000,100189,582,100168,486,100196,100,100155,100,100238,100,100062,100,100251,100,100061,300,100295,100,100029,100,100303,100,100028,100,100344,100,100013,100,100369,100,99999,100,100385,100,99995,100,100437,100,99970,100
2019-06-28 09:43:30.000000000,100189,341,100168,245,100196,341,100155,341,100238,100,100062,100,100251,100,100061,300,100295,100,100029,100,100303,100,100028,100,100344,100,100013,100,100369,100,99999,100,100385,100,99995,100,100437,100,99970,100
2019-06-28 09:43:40.000000000,100189,220,100168,124,100196,220,100155,220,100238,220,100062,220,100251,220,100061,420,100295,100,100029,100,100303,100,100028,100,100344,100,100013,100,100369,100,99999,100,100385,100,99995,100,100437,100,99970,100
2019-06-28 09:43:40.554962533,100189,220,100168,24,100196,220,100155,220,100238,220,100062,220,100251,220,100061,420,100295,100,100029,100,100303,100,100028,100,100344,100,100013,100,100369,100,99999,100,100385,100,99995,100,100437,100,99970,100
2019-06-28 09:43:46.864468599,100189,220,100168,24,100196,220,100155,220,100238,220,100062,220,100251,220,100061,420,100295,100,100029,100,100303,100,100028,100,100344,100,100013,100,100369,100,99999,100,100385,100,99995,100,100437,100,99969,100
2019-06-28 09:43:50.000000000,100189,582,100155,582,100196,100,100062,100,100238,100,100061,300,100251,100,100029,100,100295,100,100028,100,100303,100,100013,100,100344,100,99999,100,100369,100,99995,100,100385,100,99969,100,100437,100,99956,100
2019-06-28 09:44:00.000000000,100189,341,100155,341,100196,341,100062,341,100238,100,100061,300,100251,100,100029,100,100295,100,100028,100,100303,100,100013,100,100344,100,99999,100,100369,100,99995,100,100385,100,99969,100,100437,100,99956,100
2019-06-28 09:44:10.000000000,100189,582,100155,582,100196,100,100062,100,100238,100,100061,300,100251,100,100029,100,100295,100,100028,100,100303,100,100013,100,100344,100,99999,100,100369,100,99995,100,100385,100,99969,100,100437,100,99956,100
2019-06-28 09:44:20.000000000,100189,264,100155,264,100196,259,100062,259,100238,259,100061,459,100251,100,100029,100,100295,100,100028,100,100303,100,100013,100,100344,100,99999,100,100369,100,99995,100,100385,100,99969,100,100437,100,99956,100
2019-06-28 09:44:30.000000000,100189,341,100155,341,100196,341,100062,341,100238,100,100061,300,100251,100,100029,100,100295,100,100028,100,100303,100,100013,100,100344,100,99999,100,100369,100,99995,100,100385,100,99969,100,100437,100,99956,100
2019-06-28 09:44:40.000000000,100189,196,100155,196,100196,196,100062,196,100238,196,100061,396,100251,196,100029,196,100295,196,100028,196,100303,100,100013,100,100344,100,99999,100,100369,100,99995,100,100385,100,99969,100,100437,100,99956,100
2019-06-28 09:44:50.000000000,100189,196,100155,196,100196,196,100062,196,100238,196,100061,396,100251,196,100029,196,100295,196,100028,196,100303,100,100013,100,100344,100,99999,100,100369,100,99995,100,100385,100,99969,100,100437,100,99956,100
2019-06-28 09:45:00.000000000,100189,220,100155,220,100196,220,100062,220,100238,220,100061,420,100251,220,100029,220,100295,100,100028,100,100303,100,100013,100,100344,100,99999,100,100369,100,99995,100,100385,100,99969,100,100437,100,99956,100
2019-06-28 09:45:03.159262706,100189,220,100155,220,100196,220,100062,220,100238,220,100061,420,100251,220,100029,220,100295,100,100028,100,100303,100,100013,100,100344,100,99999,100,100369,100,99995,100,100385,100,99969,100,100437,100,99963,100
2019-06-28 09:45:10.000000000,100189,220,100155,220,100196,220,100062,220,100238,220,100061,420,100251,220,100029,220,100295,100,100028,100,100303,100,100013,100,100344,100,99999,100,100369,100,99995,100,100385,100,99969,100,100437,100,99963,100
2019-06-28 09:45:20.000000000,100189,220,100155,220,100196,220,100062,220,100238,220,100061,420,100251,220,100029,220,100295,100,100028,100,100303,100,100013,100,100344,100,99999,100,100369,100,99995,100,100385,100,99969,100,100437,100,99963,100
2019-06-28 09:45:25.921096037,100168,100,100155,220,100189,220,100062,220,100196,220,100061,320,100238,220,100029,220,100251,220,100028,100,100295,100,100013,100,100303,100,99999,100,100344,100,99995,100,100369,100,99969,100,100385,100,99963,100
2019-06-28 09:45:30.000000000,100168,196,100155,196,100189,196,100062,196,100196,196,100061,296,100238,196,100029,196,100251,196,100028,196,100295,100,100013,100,100303,100,99999,100,100344,100,99995,100,100369,100,99969,100,100385,100,99963,100
2019-06-28 09:45:31.462411849,100168,196,100155,196,100189,196,100062,196,100196,196,100061,296,100238,196,100029,196,100251,196,100028,196,100295,100,100013,100,100303,100,99999,100,100344,100,99995,100,100369,100,99963,100,100385,100,99956,100
2019-06-28 09:45:40.000000000,100168,264,100155,264,100189,259,100062,259,100196,259,100061,359,100238,100,100029,100,100251,100,100028,100,100295,100,100013,100,100303,100,99999,100,100344,100,99995,100,100369,100,99963,100,100385,100,99956,100
2019-06-28 09:45:50.000000000,100168,196,100155,196,100189,196,100062,196,100196,196,100061,296,100238,196,100029,196,100251,196,100028,196,100295,100,100013,100,100303,100,99999,100,100344,100,99995,100,100369,100,99963,100,100385,100,99956,100
2019-06-28 09:45:58.083208680,100168,196,100155,196,100189,196,100062,196,100196,196,100061,296,100238,196,100029,196,100251,196,100028,196,100295,100,100013,100,100303,100,99999,100,100344,100,99995,100,100369,100,99963,100,100385,100,99956,100
2019-06-28 09:46:00.000000000,100168,341,100155,341,100189,341,100062,341,100196,100,100061,200,100238,100,100029,100,100251,100,100028,100,100295,100,100013,100,100303,100,99999,100,100344,100,99995,100,100369,100,99963,100,100385,100,99956,100
2019-06-28 09:46:10.000000000,100168,582,100155,582,100189,100,100062,100,100196,100,100061,200,100238,100,100029,100,100251,100,100028,100,100295,100,100013,100,100303,100,99999,100,100344,100,99995,100,100369,100,99963,100,100385,100,99956,100
2019-06-28 09:46:20.000000000,100168,220,100155,220,100189,220,100062,220,100196,220,100061,320,100238,220,100029,220,100251,100,100028,100,100295,100,100013,100,100303,100,99999,100,100344,100,99995,100,100369,100,99963,100,100385,100,99956,100
2019-06-28 09:46:24.702424418,100168,320,100155,220,100189,220,100062,220,100196,220,100061,320,100238,220,100029,120,100251,100,100028,100,100295,100,100013,100,100303,100,99999,100,100344,100,99995,100,100369,100,99963,100,100385,100,99956,100
2019-06-28 09:46:30.000000000,100168,441,100155,341,100189,341,100062,341,100196,100,100061,200,100238,100,100028,100,100251,100,100013,100,100295,100,99999,100,100303,100,99995,100,100344,100,99963,100,100369,100,99956,100,100385,100,99946,200
2019-06-28 09:46:38.699100598,100168,441,100155,241,100189,341,100062,341,100196,100,100061,200,100238,100,100028,100,100251,100,100013,100,100295,100,99999,100,100303,100,99995,100,100369,100,99963,100,100385,100,99956,100,100450,100,99946,200
2019-06-28 09:46:40.000000000,100168,682,100062,582,100189,100,100061,200,100196,100,100028,100,100238,100,100013,100,100251,100,99999,100,100295,100,99995,100,100303,100,99963,100,100369,100,99956,100,100385,100,99946,200,100450,100,99917,100
2019-06-28 09:46:50.000000000,100168,441,100062,341,100189,341,100061,441,100196,100,100028,100,100238,100,100013,100,100251,100,99999,100,100295,100,99995,100,100303,100,99963,100,100369,100,99956,100,100385,100,99946,200,100450,100,99917,100
2019-06-28 09:47:00.000000000,100168,320,100062,220,100189,220,100061,320,100196,220,100028,220,100238,220,100013,220,100251,100,99999,100,100295,100,99995,100,100303,100,99963,100,100369,100,99956,100,100385,100,99946,200,100450,100,99917,100
2019-06-28 09:47:10.000000000,100168,320,100062,220,100189,220,100061,320,100196,220,100028,220,100238,220,100013,220,100251,100,99999,100,100295,100,99995,100,100303,100,99963,100,100369,100,99956,100,100385,100,99946,200,100450,100,99917,100
2019-06-28 09:47:20.000000000,100168,441,100062,341,100189,341,100061,441,100196,100,100028,100,100238,100,100013,100,100251,100,99999,100,100295,100,99995,100,100303,100,99963,100,100369,100,99956,100,100385,100,99946,200,100450,100,99917,100
2019-06-28 09:47:30.000000000,100168,441,100062,341,100189,341,100061,441,100196,100,100028,100,100238,100,100013,100,100251,100,99999,100,100295,100,99995,100,100303,100,99963,100,100369,100,99956,100,100385,100,99946,200,100450,100,99917,100
2019-06-28 09:47:40.000000000,100168,320,100062,220,100189,220,100061,320,100196,220,100028,220,100238,220,100013,220,100251,100,99999,100,100295,100,99995,100,100303,100,99963,100,100369,100,99956,100,100385,100,99946,200,100450,100,99917,100
2019-06-28 09:47:50.000000000,100168,682,100062,582,100189,100,100061,200,100196,100,100028,100,100238,100,100013,100,100251,100,99999,100,100295,100,99995,100,100303,100,99963,100,100369,100,99956,100,100385,100,99946,200,100450,100,99917,100
2019-06-28 09:48:00.000000000,100168,441,100062,341,100189,341,100061,441,100196,100,100028,100,100238,100,100013,100,100251,100,99999,100,100295,100,99995,100,100303,100,99963,100,100369,100,99956,100,100385,100,99946,200,100450,100,99917,100
2019-06-28 09:48:10.000000000,100168,682,100062,582,100189,100,100061,200,100196,100,100028,100,100238,100,100013,100,100251,100,99999,100,100295,100,99995,100,100303,100,99963,100,100369,100,99956,100,100385,100,99946,200,100450,100,99917,100
2019-06-28 09:48:20.000000000,100168,682,100062,582,100189,100,100061,200,100196,100,100028,100,100238,100,100013,100,100251,100,99999,100,100295,100,99995,100,100303,100,99963,100,100369,100,99956,100,100385,100,99946,200,100450,100,99917,100
2019-06-28 09:48:30.000000000,100168,320,100062,220,100189,220,100061,320,100196,220,100028,220,100238,220,100013,220,100251,100,99999,100,100295,100,99995,100,100303,100,99963,100,100369,100,99956,100,100385,100,99946,200,100450,100,99917,100
2019-06-28 09:48:36.382675606,100168,320,100062,220,100189,220,100061,320,100196,220,100028,220,100238,220,100013,220,100251,100,99999,100,100295,100,99995,100,100303,100,99963,100,100369,100,99956,100,100385,100,99946,200,100450,100,99917,100
2019-06-28 09:48:40.000000000,100168,296,100062,196,100189,196,100061,296,100196,196,100028,196,100238,196,100013,196,100251,196,99999,196,100295,100,99995,100,100303,100,99963,100,100369,100,99956,100,100385,100,99946,200,100450,100,99917,100
2019-06-28 09:48:50.000000000,100168,364,100062,264,100189,259,100061,359,100196,259,100028,259,100238,100,100013,100,100251,100,99999,100,100295,100,99995,100,100303,100,99963,100,100369,100,99956,100,100385,100,99946,200,100450,100,99917,100
2019-06-28 09:49:00.000000000,100168,320,100062,220,100189,220,100061,320,100196,220,100028,220,100238,220,100013,220,100251,100,99999,100,100295,100,99995,100,100303,100,99963,100,100369,100,99956,100,100385,100,99946,200,100450,100,99917,100
2019-06-28 09:49:10.000000000,100168,296,100062,196,100189,196,100061,296,100196,196,100028,196,100238,196,100013,196,100251,196,99999,196,100295,100,99995,100,100303,100,99963,100,100369,100,99956,100,100385,100,99946,200,100450,100,99917,100
2019-06-28 09:49:19.027320331,100168,196,100062,196,100189,196,100061,296,100196,196,100028,196,100238,196,100013,196,100251,196,99999,196,100295,100,99995,100,100303,100,99963,100,100369,100,99956,100,100385,100,99946,200,100450,100,99917,100
2019-06-28 09:49:20.000000000,100168,264,100062,264,100189,259,100061,359,100196,259,100028,259,100238,100,100013,100,100251,100,99999,100,100295,100,99995,100,100303,100,99963,100,100369,100,99956,100,100385,100,99946,200,100450,100,99917,100
2019-06-28 09:49:22.272566064,100168,264,100156,100,100189,259,100062,264,100196,259,100061,359,100238,100,100028,259,100251,100,100013,100,100295,100,99999,100,100303,100,99995,100,100369,100,99963,100,100385,100,99956,100,100450,100,99946,200
2019-06-28 09:49:29.759612091,100168,264,100156,100,100189,259,100062,264,100196,259,100061,359,100238,100,100028,259,100251,100,100013,100,100295,100,99999,100,100303,100,99995,100,100346,100,99963,100,100369,100,99956,100,100385,100,99946,200
2019-06-28 09:49:30.000000000,100168,341,100156,341,100189,341,100062,341,100196,100,100061,200,100238,100,100028,100,100251,100,100013,100,100295,100,99999,100,100303,100,99995,100,100346,100,99963,100,100369,100,99956,100,100385,100,99946,200
2019-06-28 09:49:40.000000000,100168,264,100156,264,100189,259,100062,259,100196,259,100061,359,100238,100,100028,100,100251,100,100013,100,100295,100,99999,100,100303,100,99995,100,100346,100,99963,100,100369,100,99956,100,100385,100,99946,200
2019-06-28 09:49:41.529593846,100168,264,100156,264,100189,259,100063,100,100196,259,100062,259,100238,100,100061,359,100251,100,100028,100,100295,100,100013,100,100303,100,99999,100,100346,100,99995,100,100369,100,99963,100,100385,100,99956,100
2019-06-28 09:49:43.948271202,100168,264,100156,164,100189,259,100063,100,100196,259,100062,259,100238,100,100061,359,100251,100,100028,100,100295,100,100013,100,100303,100,99999,100,100346,100,99995,100,100369,100,99963,100,100385,100,99956,100
2019-06-28 09:49:50.000000000,100168,264,100063,264,100189,259,100062,259,100196,259,100061,359,100238,100,100028,100,100251,100,100013,100,100295,100,99999,100,100303,100,99995,100,100346,100,99963,100,100369,100,99956,100,100385,100,99946,200
2019-06-28 09:49:55.751279251,100168,264,100112,100,100189,259,100063,264,100196,259,100062,259,100238,100,100061,359,100251,100,100028,100,100295,100,100013,100,100303,100,99999,100,100346,100,99995,100,100369,100,99963,100,100385,100,99956,100
2019-06-28 09:49:56.623384071,100168,264,100063,264,100189,259,100062,259,100196,259,100061,359,100238,100,100028,100,100251,100,100013,100,100295,100,99999,100,100303,100,99995,100,100346,100,99963,100,100369,100,99956,100,100385,100,99946,200
2019-06-28 09:49:56.957670776,100156,100,100063,264,100168,264,100062,259,100189,259,100061,359,100196,259,100028,100,100238,100,100013,100,100251,100,99999,100,100295,100,99995,100,100303,100,99963,100,100346,100,99956,100,100369,100,99946,200
2019-06-28 09:49:58.375585991,100168,264,100063,264,100189,259,100062,259,100196,259,100061,359,100238,100,100028,100,100251,100,100013,100,100295,100,99999,100,100303,100,99995,100,100346,100,99963,100,100369,100,99956,100,100385,100,99946,200
2019-06-28 09:50:00.000000000,100168,196,100063,196,100189,196,100062,196,100196,196,100061,296,100238,196,100028,196,100251,196,100013,196,100295,100,99999,100,100303,100,99995,100,100346,100,99963,100,100369,100,99956,100,100385,100,99946,200
2019-06-28 09:50:10.000000000,100168,341,100063,341,100189,341,100062,341,100196,100,100061,200,100238,100,100028,100,100251,100,100013,100,100295,100,99999,100,100303,100,99995,100,100346,100,99963,100,100369,100,99956,100,100385,100,99946,200
2019-06-28 09:50:20.000000000,100168,220,100063,220,100189,220,100062,220,100196,220,100061,320,100238,220,100028,220,100251,100,100013,100,100295,100,99999,100,100303,100,99995,100,100346,100,99963,100,100369,100,99956,100,100385,100,99946,200
2019-06-28 09:50:25.954370588,100168,220,100063,220,100189,220,100062,220,100196,220,100061,320,100238,220,100028,220,100251,100,100013,100,100295,100,99999,100,100303,100,99995,100,100346,100,99963,100,100369,100,99956,100,100385,100,99946,200
2019-06-28 09:50:30.000000000,100168,220,100063,220,100189,220,100062,220,100196,220,100061,320,100238,220,100028,220,100251,100,100013,100,100295,100,99999,100,100303,100,99995,100,100346,100,99963,100,100369,100,99956,100,100385,100,99946,200
2019-06-28 09:50:37.713511192,100156,100,100063,220,100168,220,100062,220,100189,220,100061,320,100196,220,100028,220,100238,220,100013,100,100251,100,99999,100,100295,100,99995,100,100303,100,99963,100,100346,100,99956,100,100369,100,99946,200
2019-06-28 09:50:40.000000000,100156,264,100063,264,100168,259,100062,259,100189,259,100061,359,100196,100,100028,100,100238,100,100013,100,100251,100,99999,100,100295,100,99995,100,100303,100,99963,100,100346,100,99956,100,100369,100,99946,200
2019-06-28 09:50:50.000000000,100156,196,100063,196,100168,196,100062,196,100189,196,100061,296,100196,196,100028,196,100238,196,100013,196,100251,100,99999,100,100295,100,99995,100,100303,100,99963,100,100346,100,99956,100,100369,100,99946,200
2019-06-28 09:50:51.874661064,100156,196,100063,96,100168,196,100062,196,100189,196,100061,296,100196,196,100028,196,100238,196,100013,196,100251,100,99999,100,100295,100,99995,100,100303,100,99963,100,100346,100,99956,100,100385,100,99946,200
2019-06-28 09:51:00.000000000,100156,341,100062,341,100168,341,100061,441,100189,100,100028,100,100196,100,100013,100,100238,100,99999,100,100251,100,99995,100,100295,100,99963,100,100303,100,99956,100,100346,100,99946,200,100385,100,99917,100
2019-06-28 09:51:10.000000000,100156,582,100062,582,100168,100,100061,200,100189,100,100028,100,100196,100,100013,100,100238,100,99999,100,100251,100,99995,100,100295,100,99963,100,100303,100,99956,100,100346,100,99946,200,100385,100,99917,100
2019-06-28 09:51:10.212533712,100156,582,100062,482,100168,100,100061,200,100189,100,100028,100,100196,100,100013,100,100238,100,99999,100,100251,100,99995,100,100295,100,99963,100,100303,100,99956,100,100385,100,99946,200,100490,100,99917,100
2019-06-28 09:51:20.000000000,100156,582,100061,682,100168,100,100028,100,100189,100,100013,100,100196,100,99999,100,100238,100,99995,100,100251,100,99963,100,100295,100,99956,100,100303,100,99946,200,100385,100,99917,100,100490,100,99916,100
2019-06-28 09:51:28.523088567,100156,582,100061,682,100168,100,100028,100,100189,100,100013,100,100196,100,99999,100,100238,100,99995,100,100251,100,99963,100,100295,100,99956,100,100303,100,99946,200,100385,100,99917,100,100490,100,99916,100
2019-06-28 09:51:30.000000000,100156,582,100061,682,100168,100,100028,100,100189,100,100013,100,100196,100,99999,100,100238,100,99995,100,100251,100,99963,100,100295,100,99956,100,100303,100,99946,200,100385,100,99917,100,100490,100,99916,100
2019-06-28 09:51:40.000000000,100156,341,100061,441,100168,341,100028,341,100189,100,100013,100,100196,100,99999,100,100238,100,99995,100,100251,100,99963,100,100295,100,99956,100,100303,100,99946,200,100385,100,99917,100,100490,100,99916,100
2019-06-28 09:51:40.652172559,100156,341,100061,341,100168,341,100028,341,100189,100,100013,100,100196,100,99999,100,100238,100,99995,100,100295,100,99963,100,100303,100,99956,100,100385,100,99946,200,100490,100,99917,100,100724,100,99916,100
2019-06-28 09:51:50.000000000,100156,196,100061,196,100168,196,100028,196,100189,196,100013,196,100196,196,99999,196,100238,196,99995,196,100295,100,99963,100,100303,100,99956,100,100385,100,99946,200,100490,100,99917,100,100724,100,99916,100
2019-06-28 09:52:00.000000000,100156,264,100061,264,100168,259,100028,259,100189,259,100013,259,100196,100,99999,100,100238,100,99995,100,100295,100,99963,100,100303,100,99956,100,100385,100,99946,200,100490,100,99917,100,100724,100,99916,100
2019-06-28 09:52:10.000000000,100156,220,100061,220,100168,220,100028,220,100189,220,100013,220,100196,220,99999,220,100238,100,99995,100,100295,100,99963,100,100303,100,99956,100,100385,100,99946,200,100490,100,99917,100,100724,100,99916,100
2019-06-28 09:52:14.009998363,100156,220,100061,220,100168,220,100028,220,100189,220,100013,220,100196,220,99999,220,100238,100,99995,100,100295,100,99963,100,100303,100,99956,100,100385,100,99946,200,100490,100,99917,100,100724,100,99916,100
2019-06-28 09:52:20.000000000,100156,196,100061,196,100168,196,100028,196,100189,196,100013,196,100196,196,99999,196,100238,196,99995,196,100295,100,99963,100,100303,100,99956,100,100385,100,99946,200,100490,100,99917,100,100724,100,99916,100
2019-06-28 09:52:20.176729203,100062,100,100061,196,100156,196,100028,196,100168,196,100013,196,100189,196,99999,196,100196,196,99995,196,100238,196,99963,100,100295,100,99956,100,100303,100,99946,200,100385,100,99917,100,100490,100,99916,100
2019-06-28 09:52:23.066284724,100062,100,100061,96,100156,196,100028,196,100168,196,100013,196,100189,196,99999,196,100196,196,99995,196,100238,196,99963,100,100295,100,99956,100,100303,100,99946,200,100385,100,99917,100,100490,100,99916,100
2019-06-28 09:52:23.564443245,100062,100,100061,96,100156,196,100028,196,100168,196,100013,196,100189,196,99999,196,100196,196,99995,196,100238,196,99963,100,100295,100,99946,200,100303,100,99917,100,100385,100,99916,100,100490,100,99895,100
2019-06-28 09:52:30.000000000,100062,196,100028,196,100156,196,100013,196,100168,196,99999,196,100189,196,99995,196,100196,196,99963,196,100238,100,99946,200,100295,100,99917,100,100303,100,99916,100,100385,100,99895,100,100490,100,99868,100
2019-06-28 09:52:40.000000000,100062,582,100028,582,100156,100,100013,100,100168,100,99999,100,100189,100,99995,100,100196,100,99963,100,100238,100,99946,200,100295,100,99917,100,100303,100,99916,100,100385,100,99895,100,100490,100,99868,100
2019-06-28 09:52:50.000000000,100062,196,100028,196,100156,196,100013,196,100168,196,99999,196,100189,196,99995,196,100196,196,99963,196,100238,100,99946,200,100295,100,99917,100,100303,100,99916,100,100385,100,99895,100,100490,100,99868,100
2019-06-28 09:52:57.526089966,100061,100,100028,196,100062,196,100013,196,100156,196,99999,196,100168,196,99995,196,100189,196,99963,196,100196,196,99946,200,100238,100,99917,100,100295,100,99916,100,100303,100,99895,100,100385,100,99868,100
2019-06-28 09:53:00.000000000,100061,341,100028,341,100062,341,100013,341,100156,100,99999,100,100168,100,99995,100,100189,100,99963,100,100196,100,99946,200,100238,100,99917,100,100295,100,99916,100,100303,100,99895,100,100385,100,99868,100
2019-06-28 09:53:10.000000000,100061,220,100028,220,100062,220,100013,220,100156,220,99999,220,100168,220,99995,220,100189,100,99963,100,100196,100,99946,200,100238,100,99917,100,100295,100,99916,100,100303,100,99895,100,100385,100,99868,100
2019-06-28 09:53:15.884527215,100061,220,100028,120,100062,220,100013,220,100156,220,99999,220,100168,220,99995,220,100189,100,99963,100,100238,100,99946,200,100295,100,99917,100,100303,100,99916,100,100385,100,99895,100,100490,100,99868,100
2019-06-28 09:53:20.000000000,100061,341,100013,341,100062,341,99999,341,100156,100,99995,100,100168,100,99963,100,100189,100,99946,200,100238,100,99917,100,100295,100,99916,100,100303,100,99895,100,100385,100,99868,100,100490,100,99843,100
2019-06-28 09:53:30.000000000,100061,196,100013,196,100062,196,99999,196,100156,196,99995,196,100168,196,99963,196,100189,196,99946,296,100238,100,99917,100,100295,100,99916,100,100303,100,99895,100,100385,100,99868,100,100490,100,99843,100
2019-06-28 09:53:33.180469880,100061,196,100013,96,100062,196,99999,196,100156,196,99995,196,100168,196,99963,196,100189,196,99946,296,100238,100,99917,100,100295,100,99916,100,100303,100,99895,100,100385,100,99868,100,100490,100,99843,100
2019-06-28 09:53:38.602617225,100061,196,100013,96,100062,196,99999,196,100156,196,99995,96,100168,196,99963,196,100189,196,99946,296,100238,100,99917,100,100295,100,99916,100,100303,100,99895,100,100385,100,99868,100,100490,100,99843,100
2019-06-28 09:53:40.000000000,100061,341,99999,341,100062,341,99963,341,100156,100,99946,200,100168,100,99917,100,100189,100,99916,100,100238,100,99895,100,100295,100,99868,100,100303,100,99843,100,100385,100,99814,100,100490,100,99785,100
2019-06-28 09:53:50.000000000,100061,196,99999,196,100062,196,99963,196,100156,196,99946,296,100168,196,99917,196,100189,196,99916,196,100238,100,99895,100,100295,100,99868,100,100303,100,99843,100,100385,100,99814,100,100490,100,99785,100
2019-06-28 09:54:00.000000000,100061,264,99999,264,100062,259,99963,259,100156,259,99946,359,100168,100,99917,100,100189,100,99916,100,100238,100,99895,100,100295,100,99868,100,100303,100,99843,100,100385,100,99814,100,100490,100,99785,100
2019-06-28 09:54:03.417248545,100061,264,99999,264,100062,259,99963,259,100156,259,99946,359,100168,100,99917,100,100189,100,99916,100,100238,100,99895,100,100295,100,99868,100,100303,100,99843,100,100385,100,99814,100,100490,100,99785,100
2019-06-28 09:54:07.060135672,100061,264,99999,164,100062,259,99963,259,100156,259,99946,359,100168,100,99917,100,100189,100,99916,100,100238,100,99895,100,100295,100,99868,100,100303,100,99843,100,100385,100,99814,100,100490,100,99785,100
2019-06-28 09:54:10.000000000,100061,264,99963,264,100062,259,99946,359,100156,259,99917,259,100168,100,99916,100,100189,100,99895,100,100238,100,99868,100,100295,100,99843,100,100303,100,99814,100,100385,100,99785,100,100490,100,99624,100
2019-06-28 09:54:13.050428578,100061,264,99963,264,100062,259,99946,359,100156,259,99917,259,100168,100,99916,100,100189,100,99895,100,100238,100,99868,100,100295,100,99843,100,100303,100,99817,100,100385,100,99814,100,100490,100,99785,100
2019-06-28 09:54:19.748492325,100061,264,99963,264,100062,159,99946,359,100156,259,99917,259,100168,100,99916,100,100189,100,99895,100,100238,100,99868,100,100295,100,99843,100,100303,100,99817,100,100385,100,99814,100,100490,100,99785,100
2019-06-28 09:54:20.000000000,100061,196,99963,196,100156,196,99946,296,100168,196,99917,196,100189,196,99916,196,100238,196,99895,196,100295,100,99868,100,100303,100,99843,100,100385,100,99817,100,100490,100,99814,100,100724,100,99785,100
2019-06-28 09:54:30.000000000,100061,264,99963,264,100156,259,99946,359,100168,259,99917,259,100189,100,99916,100,100238,100,99895,100,100295,100,99868,100,100303,100,99843,100,100385,100,99817,100,100490,100,99814,100,100724,100,99785,100
2019-06-28 09:54:40.000000000,100061,196,99963,196,100156,196,99946,296,100168,196,99917,196,100189,196,99916,196,100238,196,99895,196,100295,100,99868,100,100303,100,99843,100,100385,100,99817,100,100490,100,99814,100,100724,100,99785,100
2019-06-28 09:54:47.277429828,100061,196,99963,196,100156,196,99946,296,100168,196,99938,100,100189,196,99917,196,100238,196,99916,196,100295,100,99895,196,100303,100,99868,100,100385,100,99843,100,100490,100,99817,100,100724,100,99814,100
2019-06-28 09:54:50.000000000,100061,264,99963,264,100156,259,99946,359,100168,259,99938,259,100189,100,99917,100,100238,100,99916,100,100295,100,99895,100,100303,100,99868,100,100385,100,99843,100,100490,100,99817,100,100724,100,99814,100
2019-06-28 09:54:50.134516425,100061,264,99963,264,100156,259,99946,359,100168,259,99938,259,100189,100,99917,100,100238,100,99916,100,100295,100,99895,100,100303,100,99868,100,100385,100,99843,100,100490,100,99817,100,100724,100,99814,100
2019-06-28 09:55:00.000000000,100061,196,99963,196,100156,196,99946,296,100168,196,99938,196,100189,196,99917,196,100238,196,99916,196,100295,100,99895,100,100303,100,99868,100,100385,100,99843,100,100490,100,99817,100,100724,100,99814,100
2019-06-28 09:55:07.900774938,100061,196,100014,100,100156,196,99963,196,100168,196,99946,296,100189,196,99938,196,100238,196,99917,196,100295,100,99916,196,100303,100,99895,100,100385,100,99868,100,100490,100,99843,100,100724,100,99817,100
2019-06-28 09:55:10.000000000,100061,264,100014,264,100156,259,99963,259,100168,259,99946,359,100189,100,99938,100,100238,100,99917,100,100295,100,99916,100,100303,100,99895,100,100385,100,99868,100,100490,100,99843,100,100724,100,99817,100
2019-06-28 09:55:20.000000000,100061,582,100014,582,100156,100,99963,100,100168,100,99946,200,100189,100,99938,100,100238,100,99917,100,100295,100,99916,100,100303,100,99895,100,100385,100,99868,100,100490,100,99843,100,100724,100,99817,100
2019-06-28 09:55:20.774499267,100061,482,100014,682,100156,100,99963,100,100168,100,99946,200,100189,100,99938,100,100238,100,99917,100,100295,100,99916,100,100303,100,99895,100,100385,100,99868,100,100490,100,99843,100,100724,100,99817,100
2019-06-28 09:55:30.000000000,100156,341,100014,441,100168,341,99963,341,100189,100,99946,200,100238,100,99938,100,100295,100,99917,100,100303,100,99916,100,100385,100,99895,100,100490,100,99868,100,100724,100,99843,100,,,99817,100
2019-06-28 09:55:40.000000000,100156,220,100014,320,100168,220,99963,220,100189,220,99946,320,100238,220,99938,220,100295,100,99917,100,100303,100,99916,100,100385,100,99895,100,100490,100,99868,100,100724,100,99843,100,,,99817,100
2019-06-28 09:55:48.090196905,100156,120,100014,320,100168,220,99963,220,100189,220,99946,320,100238,220,99938,220,100295,100,99917,100,100303,100,99916,100,100385,100,99895,100,100490,100,99868,100,100724,100,99843,100,,,99817,100
2019-06-28 09:55:50.000000000,100168,582,100014,682,100189,100,99963,100,100238,100,99946,200,100295,100,99938,100,100303,100,99917,100,100385,100,99916,100,100490,100,99895,100,100724,100,99868,100,,,99843,100,,,99817,100
2019-06-28 09:56:00.000000000,100168,582,100014,682,100189,100,99963,100,100238,100,99946,200,100295,100,99938,100,100303,100,99917,100,100385,100,99916,100,100490,100,99895,100,100724,100,99868,100,,,99843,100,,,99817,100
2019-06-28 09:56:03.426859752,100168,582,100014,582,100189,100,99963,100,100238,100,99946,200,100295,100,99938,100,100303,100,99917,100,100385,100,99916,100,100490,100,99895,100,100724,100,99868,100,,,99843,100,,,99817,100
2019-06-28 09:56:10.000000000,100168,196,100014,196,100189,196,99963,196,100238,196,99946,296,100295,196,99938,196,100303,196,99917,196,100385,100,99916,100,100490,100,99895,100,100724,100,99868,100,,,99843,100,,,99817,100
2019-06-28 09:56:20.000000000,100168,582,100014,582,100189,100,99963,100,100238,100,99946,200,100295,100,99938,100,100303,100,99917,100,100385,100,99916,100,100490,100,99895,100,100724,100,99868,100,,,99843,100,,,99817,100
2019-06-28 09:56:30.000000000,100168,220,100014,220,100189,220,99963,220,100238,220,99946,320,100295,220,99938,220,100303,100,99917,100,100385,100,99916,100,100490,100,99895,100,100724,100,99868,100,,,99843,100,,,99817,100
2019-06-28 09:56:40.000000000,100168,220,100014,220,100189,220,99963,220,100238,220,99946,320,100295,220,99938,220,100303,100,99917,100,100385,100,99916,100,100490,100,99895,100,100724,100,99868,100,,,99843,100,,,99817,100
2019-06-28 09:56:50.000000000,100168,341,100014,341,100189,341,99963,341,100238,100,99946,200,100295,100,99938,100,100303,100,99917,100,100385,100,99916,100,100490,100,99895,100,100724,100,99868,100,,,99843,100,,,99817,100
2019-06-28 09:56:50.859085531,100168,341,100014,241,100189,341,99963,341,100238,100,99946,200,100295,100,99938,100,100303,100,99916,100,100385,100,99895,100,100490,100,99868,100,100724,100,99843,100,,,99817,100,,,99814,100
2019-06-28 09:57:00.000000000,100168,196,99963,196,100189,196,99946,296,100238,196,99938,196,100295,196,99916,196,100303,196,99895,196,100385,100,99868,100,100490,100,99843,100,100724,100,99817,100,,,99814,100,,,99785,100
2019-06-28 09:57:10.000000000,100168,196,99963,196,100189,196,99946,296,100238,196,99938,196,100295,196,99916,196,100303,196,99895,196,100385,100,99868,100,100490,100,99843,100,100724,100,99817,100,,,99814,100,,,99785,100
2019-06-28 09:57:20.000000000,100168,220,99963,220,100189,220,99946,320,100238,220,99938,220,100295,220,99916,220,100303,100,99895,100,100385,100,99868,100,100490,100,99843,100,100724,100,99817,100,,,99814,100,,,99785,100
2019-06-28 09:57:22.599264857,100168,220,99963,120,100189,220,99946,320,100238,220,99938,220,100295,220,99916,220,100303,100,99868,100,100385,100,99843,100,100490,100,99817,100,100724,100,99814,100,,,99785,100,,,99624,100
2019-06-28 09:57:30.000000000,100168,582,99946,682,100189,100,99938,100,100238,100,99916,100,100295,100,99868,100,100303,100,99843,100,100385,100,99817,100,100490,100,99814,100,100724,100,99785,100,,,99624,100,,,99566,100
2019-06-28 09:57:40.000000000,100168,196,99946,296,100189,196,99938,196,100238,196,99916,196,100295,196,99868,196,100303,196,99843,196,100385,100,99817,100,100490,100,99814,100,100724,100,99785,100,,,99624,100,,,99566,100
2019-06-28 09:57:44.502185932,100168,196,99946,196,100189,196,99938,196,100238,196,99916,196,100295,196,99868,196,100303,196,99843,196,100385,100,99817,100,100490,100,99814,100,100724,100,99785,100,,,99624,100,,,99566,100
2019-06-28 09:57:50.000000000,100168,220,99946,220,100189,220,99938,220,100238,220,99916,220,100295,220,99868,220,100303,100,99843,100,100385,100,99817,100,100490,100,99814,100,100724,100,99785,100,,,99624,100,,,99566,100
2019-06-28 09:58:00.000000000,100168,582,99946,582,100189,100,99938,100,100238,100,99916,100,100295,100,99868,100,100303,100,99843,100,100385,100,99817,100,100490,100,99814,100,100724,100,99785,100,,,99624,100,,,99566,100
2019-06-28 09:58:10.000000000,100168,196,99946,196,100189,196,99938,196,100238,196,99916,196,100295,196,99868,196,100303,196,99843,196,100385,100,99817,100,100490,100,99814,100,100724,100,99785,100,,,99624,100,,,99566,100
2019-06-28 09:58:14.674039962,100168,196,99946,96,100189,196,99938,196,100238,196,99916,196,100295,196,99868,196,100303,196,99843,196,100385,100,99817,100,100490,100,99814,100,100724,100,99785,100,,,99624,100,,,99566,100
2019-06-28 09:58:20.000000000,100168,341,99938,341,100189,341,99916,341,100238,100,99868,100,100295,100,99843,100,100303,100,99817,100,100385,100,99814,100,100490,100,99785,100,100724,100,99624,100,,,99566,100,,,99560,100
2019-06-28 09:58:29.101593613,100168,341,99938,241,100189,341,99916,341,100238,100,99868,100,100295,100,99843,100,100303,100,99817,100,100385,100,99814,100,100490,100,99785,100,100724,100,99624,100,,,99560,100,,,99499,100
2019-06-28 09:58:30.000000000,100168,220,99916,220,100189,220,99868,220,100238,220,99843,220,100295,220,99817,220,100303,100,99814,100,100385,100,99785,100,100490,100,99624,100,100724,100,99560,100,,,99499,100,,,99497,100
2019-06-28 09:58:40.000000000,100168,582,99916,582,100189,100,99868,100,100238,100,99843,100,100295,100,99817,100,100303,100,99814,100,100385,100,99785,100,100490,100,99624,100,100724,100,99560,100,,,99499,100,,,99497,100
2019-06-28 09:58:41.958075456,100168,582,99916,482,100189,100,99868,100,100238,100,99843,100,100295,100,99817,100,100303,100,99814,100,100385,100,99785,100,100490,100,99624,100,100724,100,99560,100,,,99499,100,,,99497,100
2019-06-28 09:58:50.000000000,100168,264,99868,264,100189,259,99843,259,100238,259,99817,259,100295,100,99814,100,100303,100,99785,100,100385,100,99624,100,100490,100,99560,100,100724,100,99499,100,,,99497,100,,,,
2019-06-28 09:59:00.000000000,100168,582,99868,582,100189,100,99843,100,100238,100,99817,100,100295,100,99814,100,100303,100,99785,100,100385,100,99624,100,100490,100,99560,100,100724,100,99499,100,,,99497,100,,,,
2019-06-28 09:59:01.995964784,100168,582,99868,482,100189,100,99843,100,100238,100,99817,100,100295,100,99814,100,100303,100,99785,100,100385,100,99624,100,100490,100,99560,100,100724,100,99499,100,,,99497,100,,,,
2019-06-28 09:59:10.000000000,100168,220,99843,220,100189,220,99817,220,100238,220,99814,220,100295,220,99785,220,100303,100,99624,100,100385,100,99560,100,100490,100,99499,100,100724,100,99497,100,,,,,,,,
2019-06-28 09:59:20.000000000,100168,582,99843,582,100189,100,99817,100,100238,100,99814,100,100295,100,99785,100,100303,100,99624,100,100385,100,99560,100,100490,100,99499,100,100724,100,99497,100,,,,,,,,
2019-06-28 09:59:30.000000000,100168,196,99843,196,100189,196,99817,196,100238,196,99814,196,100295,196,99785,196,100303,196,99624,196,100385,100,99560,100,100490,100,99499,100,100724,100,99497,100,,,,,,,,
2019-06-28 09:59:30.184093770,100168,196,99843,96,100189,196,99817,196,100238,196,99814,196,100295,196,99785,196,100303,196,99624,196,100385,100,99560,100,100490,100,99499,100,100724,100,99497,100,,,,,,,,
2019-06-28 09:59:37.858028571,99925,100,99843,96,100168,196,99817,196,100189,196,99814,196,100238,196,99785,196,100295,196,99624,196,100303,196,99560,100,100385,100,99499,100,100490,100,99497,100,100724,100,,,,,,
2019-06-28 09:59:40.000000000,99925,582,99817,582,100168,100,99814,100,100189,100,99785,100,100238,100,99624,100,100295,100,99560,100,100303,100,99499,100,100385,100,99497,100,100490,100,,,100724,100,,,,,,
2019-06-28 09:59:45.274052754,99925,582,99869,100,100168,100,99817,582,100189,100,99814,100,100238,100,99785,100,100295,100,99624,100,100303,100,99560,100,100385,100,99499,100,100490,100,99497,100,100724,100,,,,,,
2019-06-28 09:59:50.000000000,99925,196,99869,196,100168,196,99817,196,100189,196,99814,196,100238,196,99785,196,100295,196,99624,196,100303,100,99560,100,100385,100,99499,100,100490,100,99497,100,100724,100,,,,,,
2019-06-28 09:59:51.993144708,99925,196,99869,196,100168,196,99844,100,100189,196,99817,196,100238,196,99814,196,100295,196,99785,196,100303,100,99624,196,100385,100,99560,100,100490,100,99499,100,100724,100,99497,100,,,,
2019-06-28 10:00:00.000000000,99925,220,99869,220,100168,220,99844,220,100189,220,99817,220,100238,220,99814,220,100295,100,99785,100,100303,100,99624,100,100385,100,99560,100,100490,100,99499,100,100724,100,99497,100,,,,
2019-06-28 10:00:05.293465242,99925,120,99869,220,100168,220,99844,220,100189,220,99817,220,100238,220,99814,120,100295,100,99785,100,100303,100,99624,100,100385,100,99560,100,100490,100,99499,100,100724,100,99497,100,,,,
2019-06-28 10:00:10.000000000,100168,582,99869,582,100189,100,99844,100,100238,100,99817,100,100295,100,99785,100,100303,100,99624,100,100385,100,99560,100,100490,100,99499,100,100724,100,99497,100,,,,,,,,
2019-06-28 10:00:12.363068423,100059,100,99869,582,100168,582,99844,100,100189,100,99817,100,100238,100,99785,100,100295,100,99624,100,100303,100,99560,100,100385,100,99499,100,100490,100,99497,100,100724,100,,,,,,
2019-06-28 10:00:15.474406396,100059,100,99977,100,100168,582,99869,582,100189,100,99844,100,100238,100,99817,100,100295,100,99785,100,100303,100,99624,100,100385,100,99560,100,100490,100,99499,100,100724,100,99497,100,,,,
2019-06-28 10:00:20.000000000,100059,264,99977,264,100168,259,99869,259,100189,259,99844,259,100238,100,99817,100,100295,100,99785,100,100303,100,99624,100,100385,100,99560,100,100490,100,99499,100,100724,100,99497,100,,,,
2019-06-28 10:00:29.987431151,100059,264,99977,264,100168,259,99870,100,100189,259,99869,259,100238,100,99844,259,100295,100,99817,100,100303,100,99785,100,100385,100,99624,100,100490,100,99560,100,100724,100,99499,100,,,99497,100
2019-06-28 10:00:30.000000000,100059,220,99977,220,100168,220,99870,220,100189,220,99869,220,100238,220,99844,220,100295,100,99817,100,100303,100,99785,100,100385,100,99624,100,100490,100,99560,100,100724,100,99499,100,,,99497,100
2019-06-28 10:00:40.000000000,100059,196,99977,196,100168,196,99870,196,100189,196,99869,196,100238,196,99844,196,100295,196,99817,196,100303,100,99785,100,100385,100,99624,100,100490,100,99560,100,100724,100,99499,100,,,99497,100
2019-06-28 10:00:41.433689570,100059,196,99977,196,100168,196,99870,296,100189,196,99869,96,100238,196,99844,196,100295,196,99817,196,100303,100,99785,100,100385,100,99624,100,100490,100,99560,100,100724,100,99499,100,,,99497,100
2019-06-28 10:00:47.176074119,100059,196,99977,196,100127,100,99870,296,100168,196,99869,96,100189,196,99844,196,100238,196,99817,196,100295,196,99785,100,100303,100,99624,100,100385,100,99560,100,100490,100,99499,100,100724,100,,
2019-06-28 10:00:50.000000000,100059,220,99977,220,100127,220,99870,320,100168,220,99844,220,100189,220,99817,220,100238,100,99785,100,100295,100,99624,100,100303,100,99560,100,100385,100,99499,100,100490,100,,,100724,100,,
2019-06-28 10:00:51.080318413,100059,220,99977,220,100127,220,99870,320,100168,220,99844,220,100189,220,99817,220,100238,100,99785,100,100242,100,99624,100,100295,100,99560,100,100303,100,99499,100,100385,100,,,100490,100,,
2019-06-28 10:00:52.549295047,100059,220,99977,220,100127,220,99870,320,100168,220,99844,220,100189,120,99817,220,100238,100,99785,100,100242,100,99624,100,100295,100,99560,100,100303,100,99499,100,100334,100,,,100385,100,,
2019-06-28 10:01:00.000000000,100059,220,99977,220,100127,220,99870,320,100168,220,99844,220,100238,220,99817,220,100242,100,99785,100,100295,100,99624,100,100303,100,99560,100,100334,100,99499,100,100385,100,,,100490,100,,
2019-06-28 10:01:10.000000000,100059,341,99977,341,100127,341,99870,441,100168,100,99844,100,100238,100,99817,100,100242,100,99785,100,100295,100,99624,100,100303,100,99560,100,100334,100,99499,100,100385,100,,,100490,100,,
2019-06-28 10:01:16.709333716,100059,341,99977,341,100127,341,99870,441,100168,100,99844,100,100238,100,99817,100,100242,100,99785,100,100295,100,99624,100,100303,100,99560,100,100334,100,99499,100,100354,100,,,100385,100,,
2019-06-28 10:01:19.536341913,100023,100,99977,341,100059,341,99870,441,100127,341,99844,100,100168,100,99817,100,100242,100,99785,100,100295,100,99624,100,100303,100,99560,100,100334,100,99499,100,100354,100,,,100385,100,,
2019-06-28 10:01:20.000000000,100023,341,99977,341,100059,341,99870,441,100127,100,99844,100,100168,100,99817,100,100242,100,99785,100,100295,100,99624,100,100303,100,99560,100,100334,100,99499,100,100354,100,,,100385,100,,
2019-06-28 10:01:25.329748059,100023,241,99977,241,100059,341,99870,441,100127,100,99844,100,100168,100,99817,100,100242,100,99785,100,100295,100,99624,100,100303,100,99560,100,100334,100,99499,100,100354,100,,,100385,100,,
2019-06-28 10:01:29.982881830,100023,241,99977,141,100059,341,99870,441,100127,100,99844,100,100168,100,99817,100,100242,100,99785,100,100295,100,99624,100,100303,100,99560,100,100334,100,99499,100,100354,100,,,100385,100,,
2019-06-28 10:01:30.000000000,100059,220,99870,320,100127,220,99844,220,100168,220,99817,220,100242,220,99785,220,100295,100,99624,100,100303,100,99560,100,100334,100,99499,100,100354,100,,,100385,100,,,100490,100,,
2019-06-28 10:01:33.856458541,100059,120,99870,320,100127,220,99844,220,100168,220,99817,220,100242,220,99785,220,100295,100,99624,100,100303,100,99560,100,100334,100,,,100354,100,,,100385,100,,,100490,100,,
2019-06-28 10:01:40.000000000,100127,582,99870,682,100168,100,99844,100,100242,100,99817,100,100295,100,99785,100,100303,100,99624,100,100334,100,99560,100,100354,100,,,100385,100,,,100490,100,,,100724,100,,
2019-06-28 10:01:50.000000000,100127,341,99870,441,100168,341,99844,341,100242,100,99817,100,100295,100,99785,100,100303,100,99624,100,100334,100,99560,100,100354,100,,,100385,100,,,100490,100,,,100724,100,,
2019-06-28 10:02:00.000000000,100127,264,99870,364,100168,259,99844,259,100242,259,99817,259,100295,100,99785,100,100303,100,99624,100,100334,100,99560,100,100354,100,,,100385,100,,,100490,100,,,100724,100,,
2019-06-28 10:02:09.597123495,100127,264,99870,364,100168,259,99844,259,100242,259,99817,259,100295,100,99785,100,100303,100,99624,100,100334,100,99560,100,100354,100,99469,100,100385,100,,,100490,100,,,100724,100,,
2019-06-28 10:02:10.000000000,100127,582,99870,682,100168,100,99844,100,100242,100,99817,100,100295,100,99785,100,100303,100,99624,100,100334,100,99560,100,100354,100,99469,100,100385,100,,,100490,100,,,100724,100,,
2019-06-28 10:02:20.000000000,100127,196,99870,296,100168,196,99844,196,100242,196,99817,196,100295,196,99785,196,100303,196,99624,196,100334,100,99560,100,100354,100,99469,100,100385,100,,,100490,100,,,100724,100,,
2019-06-28 10:02:30.000000000,100127,582,99870,682,100168,100,99844,100,100242,100,99817,100,100295,100,99785,100,100303,100,99624,100,100334,100,99560,100,100354,100,99469,100,100385,100,,,100490,100,,,100724,100,,
2019-06-28 10:02:40.000000000,100127,220,99870,320,100168,220,99844,220,100242,220,99817,220,100295,220,99785,220,100303,100,99624,100,100334,100,99560,100,100354,100,99469,100,100385,100,,,100490,100,,,100724,100,,
2019-06-28 10:02:50.000000000,100127,196,99870,296,100168,196,99844,196,100242,196,99817,196,100295,196,99785,196,100303,196,99624,196,100334,100,99560,100,100354,100,99469,100,100385,100,,,100490,100,,,100724,100,,
2019-06-28 10:03:00.000000000,100127,196,99870,296,100168,196,99844,196,100242,196,99817,196,100295,196,99785,196,100303,196,99624,196,100334,100,99560,100,100354,100,99469,100,100385,100,,,100490,100,,,100724,100,,
2019-06-28 10:03:10.000000000,100127,264,99870,364,100168,259,99844,259,100242,259,99817,259,100295,100,99785,100,100303,100,99624,100,100334,100,99560,100,100354,100,99469,100,100385,100,,,100490,100,,,100724,100,,
2019-06-28 10:03:10.139929655,100127,264,100009,100,100168,259,99870,364,100242,259,99844,259,100295,100,99817,259,100303,100,99785,100,100334,100,99560,100,100354,100,99469,100,100385,100,,,100490,100,,,100724,100,,
2019-06-28 10:03:10.265968822,100127,264,100009,100,100168,259,99977,100,100242,259,99870,364,100295,100,99844,259,100303,100,99817,259,100334,100,99785,100,100354,100,99560,100,100385,100,99469,100,100490,100,,,100724,100,,
2019-06-28 10:03:20.000000000,100127,196,100009,196,100168,196,99977,196,100242,196,99870,296,100295,196,99844,196,100303,196,99817,196,100334,100,99785,100,100354,100,99560,100,100385,100,99469,100,100490,100,,,100724,100,,
2019-06-28 10:03:28.701994164,100127,196,100009,196,100168,196,99977,296,100242,196,99870,196,100295,196,99844,196,100303,196,99817,196,100334,100,99785,100,100354,100,99560,100,100385,100,99469,100,100490,100,,,100724,100,,
2019-06-28 10:03:30.000000000,100127,196,100009,196,100168,196,99977,296,100242,196,99870,196,100295,196,99844,196,100303,196,99817,196,100334,100,99785,100,100354,100,99560,100,100385,100,99469,100,100490,100,,,100724,100,,
2019-06-28 10:03:30.512811440,100127,196,100020,100,100168,196,100009,196,100242,196,99977,296,100295,196,99870,196,100303,196,99844,196,100334,100,99817,196,100354,100,99785,100,100385,100,99560,100,100490,100,99469,100,100724,100,,
2019-06-28 10:03:36.791041696,100127,96,100020,100,100168,196,100009,196,100242,196,99977,296,100295,96,99870,196,100303,196,99844,196,100334,100,99817,196,100354,100,99785,100,100385,100,99560,100,100490,100,99469,100,100724,100,,
2019-06-28 10:03:40.000000000,100168,196,100020,196,100242,196,100009,196,100303,196,99977,296,100334,196,99870,196,100354,196,99844,196,100385,100,99817,100,100490,100,99785,100,100724,100,99560,100,,,99469,100,,,,
2019-06-28 10:03:47.054552606,100168,196,100020,196,100242,196,100009,196,100303,196,99977,296,100334,196,99870,196,100354,196,99844,196,100385,100,99817,100,100412,100,99785,100,100490,100,99560,100,100724,100,99469,100,,,,
2019-06-28 10:03:50.000000000,100168,582,100020,582,100242,100,100009,100,100303,100,99977,200,100334,100,99870,100,100354,100,99844,100,100385,100,99817,100,100412,100,99785,100,100490,100,99560,100,100724,100,99469,100,,,,
2019-06-28 10:04:00.000000000,100168,196,100020,196,100242,196,100009,196,100303,196,99977,296,100334,196,99870,196,100354,196,99844,196,100385,100,99817,100,100412,100,99785,100,100490,100,99560,100,100724,100,99469,100,,,,
2019-06-28 10:04:10.000000000,100168,264,100020,264,100242,259,100009,259,100303,259,99977,359,100334,100,99870,100,100354,100,99844,100,100385,100,99817,100,100412,100,99785,100,100490,100,99560,100,100724,100,99469,100,,,,
2019-06-28 10:04:14.223702045,100168,264,100020,264,100216,100,100009,259,100242,259,99977,359,100303,259,99870,100,100334,100,99844,100,100354,100,99817,100,100385,100,99785,100,100412,100,99560,100,100490,100,99469,100,100724,100,,
2019-06-28 10:04:20.000000000,100168,264,100020,264,100216,259,100009,259,100242,259,99977,359,100303,100,99870,100,100334,100,99844,100,100354,100,99817,100,100385,100,99785,100,100412,100,99560,100,100490,100,99469,100,100724,100,,
2019-06-28 10:04:30.000000000,100168,341,100020,341,100216,341,100009,341,100242,100,99977,200,100303,100,99870,100,100334,100,99844,100,100354,100,99817,100,100385,100,99785,100,100412,100,99560,100,100490,100,99469,100,100724,100,,
2019-06-28 10:04:40.000000000,100168,196,100020,196,100216,196,100009,196,100242,196,99977,296,100303,196,99870,196,100334,196,99844,196,100354,100,99817,100,100385,100,99785,100,100412,100,99560,100,100490,100,99469,100,100724,100,,
2019-06-28 10:04:44.860895642,100168,96,100020,196,100216,196,100009,196,100242,196,99977,296,100303,196,99870,196,100334,196,99844,196,100354,100,99817,100,100385,100,99785,100,100412,100,99560,100,100490,100,99469,100,100724,100,,
2019-06-28 10:04:48.033921585,100168,96,100127,100,100216,196,100020,196,100242,196,100009,196,100303,196,99977,296,100334,196,99870,196,100354,100,99844,196,100385,100,99817,100,100412,100,99785,100,100490,100,99560,100,100724,100,99469,100
2019-06-28 10:04:50.000000000,100216,220,100127,220,100242,220,100020,220,100303,220,100009,220,100334,220,99977,320,100354,100,99870,100,100385,100,99844,100,100412,100,99817,100,100490,100,99785,100,100724,100,99560,100,,,99469,100
2019-06-28 10:05:00.000000000,100216,341,100127,341,100242,341,100020,341,100303,100,100009,100,100334,100,99977,200,100354,100,99870,100,100385,100,99844,100,100412,100,99817,100,100490,100,99785,100,100724,100,99560,100,,,99469,100
2019-06-28 10:05:10.000000000,100216,341,100127,341,100242,341,100020,341,100303,100,100009,100,100334,100,99977,200,100354,100,99870,100,100385,100,99844,100,100412,100,99817,100,100490,100,99785,100,100724,100,99560,100,,,99469,100
2019-06-28 10:05:20.000000000,100216,341,100127,341,100242,341,100020,341,100303,100,100009,100,100334,100,99977,200,100354,100,99870,100,100385,100,99844,100,100412,100,99817,100,100490,100,99785,100,100724,100,99560,100,,,99469,100
2019-06-28 10:05:30.000000000,100216,264,100127,264,100242,259,100020,259,100303,259,100009,259,100334,100,99977,200,100354,100,99870,100,100385,100,99844,100,100412,100,99817,100,100490,100,99785,100,100724,100,99560,100,,,99469,100
2019-06-28 10:05:34.397170789,100216,164,100127,264,100242,259,100020,259,100303,259,100009,259,100334,100,99977,200,100354,100,99870,100,100385,100,99844,100,100412,100,99817,100,100490,100,99560,100,100724,100,99469,100,,,,
2019-06-28 10:05:35.961908279,100216,164,100127,264,100242,259,100020,259,100303,259,100009,259,100334,100,99977,200,100354,100,99870,100,100385,100,99844,100,100412,100,99817,100,100455,100,99560,100,100490,100,99469,100,100724,100,,
2019-06-28 10:05:40.000000000,100242,341,100127,341,100303,341,100020,341,100334,100,100009,100,100354,100,99977,200,100385,100,99870,100,100412,100,99844,100,100455,100,99817,100,100490,100,99560,100,100724,100,99469,100,,,,
2019-06-28 10:05:42.219213675,100242,341,100127,341,100303,341,100020,341,100354,100,100009,100,100385,100,99977,200,100412,100,99870,100,100455,100,99844,100,100490,100,99817,100,100586,100,99560,100,100724,100,99469,100,,,,
2019-06-28 10:05:44.999520886,100242,341,100127,341,100303,341,100020,341,100354,100,100009,100,100385,100,99977,200,100412,100,99870,100,100455,100,99844,100,100490,100,99817,100,100586,100,99560,100,100724,100,99469,100,100795,100,,
2019-06-28 10:05:50.000000000,100242,341,100127,341,100303,341,100020,341,100354,100,100009,100,100385,100,99977,200,100412,100,99870,100,100455,100,99844,100,100490,100,99817,100,100586,100,99560,100,100724,100,99469,100,100795,100,,
2019-06-28 10:05:53.463805360,100242,341,100127,341,100303,341,100020,341,100354,100,100009,100,100385,100,99977,200,100412,100,99870,100,100455,100,99844,100,100490,100,99817,100,100586,100,99560,100,100714,100,99469,100,100724,100,,
2019-06-28 10:05:57.701008555,100242,341,100168,100,100303,341,100127,341,100354,100,100020,341,100385,100,100009,100,100412,100,99977,200,100455,100,99870,100,100490,100,99844,100,100586,100,99817,100,100714,100,99560,100,100724,100,99469,100
2019-06-28 10:06:00.000000000,100242,582,100168,582,100303,100,100127,100,100354,100,100020,100,100385,100,100009,100,100412,100,99977,200,100455,100,99870,100,100490,100,99844,100,100586,100,99817,100,100714,100,99560,100,100724,100,99469,100
2019-06-28 10:06:10.000000000,100242,341,100168,341,100303,341,100127,341,100354,100,100020,100,100385,100,100009,100,100412,100,99977,200,100455,100,99870,100,100490,100,99844,100,100586,100,99817,100,100714,100,99560,100,100724,100,99469,100
2019-06-28 10:06:20.000000000,100242,196,100168,196,100303,196,100127,196,100354,196,100020,196,100385,196,100009,196,100412,196,99977,296,100455,100,99870,100,100490,100,99844,100,100586,100,99817,100,100714,100,99560,100,100724,100,99469,100
2019-06-28 10:06:28.040392646,100242,96,100168,196,100303,196,100127,196,100354,196,100020,196,100385,196,100009,196,100412,196,99977,296,100455,100,99870,100,100490,100,99844,100,100586,100,99817,100,100714,100,99560,100,100724,100,99469,100
2019-06-28 10:06:30.000000000,100303,264,100168,264,100354,259,100127,259,100385,259,100020,259,100412,100,100009,100,100455,100,99977,200,100490,100,99870,100,100586,100,99844,100,100714,100,99817,100,100724,100,99560,100,100795,100,99469,100
2019-06-28 10:06:40.000000000,100303,341,100168,341,100354,341,100127,341,100385,100,100020,100,100412,100,100009,100,100455,100,99977,200,100490,100,99870,100,100586,100,99844,100,100714,100,99817,100,100724,100,99560,100,100795,100,99469,100
2019-06-28 10:06:50.000000000,100303,341,100168,341,100354,341,100127,341,100385,100,100020,100,100412,100,100009,100,100455,100,99977,200,100490,100,99870,100,100586,100,99844,100,100714,100,99817,100,100724,100,99560,100,100795,100,99469,100
2019-06-28 10:06:55.925825277,100303,241,100168,341,100354,341,100127,341,100385,100,100020,100,100412,100,100009,100,100455,100,99977,200,100490,100,99870,100,100586,100,99844,100,100714,100,99817,100,100724,100,99560,100,100795,100,99469,100
2019-06-28 10:07:00.000000000,100354,582,100168,582,100385,100,100127,100,100412,100,100020,100,100455,100,100009,100,100490,100,99977,200,100586,100,99870,100,100714,100,99844,100,100724,100,99817,100,100795,100,99560,100,,,99469,100
2019-06-28 10:07:09.051972293,100354,582,100168,582,100385,100,100127,100,100412,100,100020,100,100455,100,100009,100,100490,100,99977,200,100586,100,99870,100,100714,100,99844,100,100716,100,99817,100,100724,100,99560,100,100795,100,99469,100
2019-06-28 10:07:10.000000000,100354,264,100168,264,100385,259,100127,259,100412,259,100020,259,100455,100,100009,100,100490,100,99977,200,100586,100,99870,100,100714,100,99844,100,100716,100,99817,100,100724,100,99560,100,100795,100,99469,100
2019-06-28 10:07:13.372681482,100354,264,100168,264,100385,259,100127,259,100412,259,100020,259,100455,100,100009,100,100490,100,99977,200,100586,100,99870,100,100714,100,99844,100,100716,100,99817,100,100724,100,99560,100,100795,100,99469,100
2019-06-28 10:07:14.897968545,100354,264,100168,264,100385,259,100127,259,100412,259,100020,259,100455,100,100009,100,100490,100,99977,200,100571,100,99870,100,100586,100,99844,100,100714,100,99817,100,100716,100,99560,100,100724,100,99469,100
2019-06-28 10:07:20.000000000,100354,582,100168,582,100385,100,100127,100,100412,100,100020,100,100455,100,100009,100,100490,100,99977,200,100571,100,99870,100,100586,100,99844,100,100714,100,99817,100,100716,100,99560,100,100724,100,99469,100
2019-06-28 10:07:23.460174324,100354,482,100168,582,100385,100,100127,100,100412,100,100020,100,100455,100,99977,200,100490,100,99870,100,100571,100,99844,100,100586,100,99817,100,100714,100,99560,100,100716,100,99469,100,100724,100,,
2019-06-28 10:07:30.000000000,100385,196,100168,196,100412,196,100127,196,100455,196,100020,196,100490,196,99977,296,100571,196,99870,196,100586,100,99844,100,100714,100,99817,100,100716,100,99560,100,100724,100,99469,100,100795,100,,
2019-06-28 10:07:32.972630403,100353,100,100168,196,100385,196,100127,196,100412,196,100020,196,100455,196,99977,296,100490,196,99870,196,100571,196,99844,100,100586,100,99817,100,100714,100,99560,100,100716,100,99469,100,100724,100,,
2019-06-28 10:07:40.000000000,100353,196,100168,196,100385,196,100127,196,100412,196,100020,196,100455,196,99977,296,100490,196,99870,196,100571,100,99844,100,100586,100,99817,100,100714,100,99560,100,100716,100,99469,100,100724,100,,
2019-06-28 10:07:50.000000000,100353,341,100168,341,100385,341,100127,341,100412,100,100020,100,100455,100,99977,200,100490,100,99870,100,100571,100,99844,100,100586,100,99817,100,100714,100,99560,100,100716,100,99469,100,100724,100,,
2019-06-28 10:08:00.000000000,100353,196,100168,196,100385,196,100127,196,100412,196,100020,196,100455,196,99977,296,100490,196,99870,196,100571,100,99844,100,100586,100,99817,100,100714,100,99560,100,100716,100,99469,100,100724,100,,
2019-06-28 10:08:10.000000000,100353,582,100168,582,100385,100,100127,100,100412,100,100020,100,100455,100,99977,200,100490,100,99870,100,100571,100,99844,100,100586,100,99817,100,100714,100,99560,100,100716,100,99469,100,100724,100,,
2019-06-28 10:08:13.198213173,100353,582,100168,582,100385,100,100127,100,100412,100,100020,100,100455,100,99977,200,100490,100,99870,100,100571,100,99844,100,100586,100,99828,100,100714,100,99817,100,100716,100,99560,100,100724,100,99469,100
2019-06-28 10:08:20.000000000,100353,196,100168,196,100385,196,100127,196,100412,196,100020,196,100455,196,99977,296,100490,196,99870,196,100571,100,99844,100,100586,100,99828,100,100714,100,99817,100,100716,100,99560,100,100724,100,99469,100
2019-06-28 10:08:30.000000000,100353,582,100168,582,100385,100,100127,100,100412,100,100020,100,100455,100,99977,200,100490,100,99870,100,100571,100,99844,100,100586,100,99828,100,100714,100,99817,100,100716,100,99560,100,100724,100,99469,100
2019-06-28 10:08:31.112465499,100353,582,100168,582,100385,100,100127,100,100412,100,100020,100,100455,100,99977,200,100490,100,99870,100,100571,100,99844,100,100586,100,99828,100,100714,100,99817,100,100716,100,99686,100,100724,100,99560,100
2019-06-28 10:08:40.000000000,100353,264,100168,264,100385,259,100127,259,100412,259,100020,259,100455,100,99977,200,100490,100,99870,100,100571,100,99844,100,100586,100,99828,100,100714,100,99817,100,100716,100,99686,100,100724,100,99560,100
2019-06-28 10:08:50.000000000,100353,341,100168,341,100385,341,100127,341,100412,100,100020,100,100455,100,99977,200,100490,100,99870,100,100571,100,99844,100,100586,100,99828,100,100714,100,99817,100,100716,100,99686,100,100724,100,99560,100
2019-06-28 10:09:00.000000000,100353,220,100168,220,100385,220,100127,220,100412,220,100020,220,100455,220,99977,320,100490,100,99870,100,100571,100,99844,100,100586,100,99828,100,100714,100,99817,100,100716,100,99686,100,100724,100,99560,100
2019-06-28 10:09:01.042898412,100353,220,100168,120,100385,220,100127,220,100412,220,100020,220,100455,220,99977,320,100490,100,99870,100,100571,100,99844,100,100586,100,99828,100,100714,100,99817,100,100716,100,99686,100,100724,100,99560,100
2019-06-28 10:09:10.000000000,100353,220,100127,220,100385,220,100020,220,100412,220,99977,320,100455,220,99870,220,100490,100,99844,100,100571,100,99828,100,100586,100,99817,100,100714,100,99686,100,100716,100,99560,100,100724,100,99469,100
