,ask_price_1,ask_size_1,bid_price_1,bid_size_1,ask_price_2,ask_size_2,bid_price_2,bid_size_2,ask_price_3,ask_size_3,bid_price_3,bid_size_3,ask_price_4,ask_size_4,bid_price_4,bid_size_4,ask_price_5,ask_size_5,bid_price_5,bid_size_5,ask_price_6,ask_size_6,bid_price_6,bid_size_6,ask_price_7,ask_size_7,bid_price_7,bid_size_7,ask_price_8,ask_size_8,bid_price_8,bid_size_8,ask_price_9,ask_size_9,bid_price_9,bid_size_9,ask_price_10,ask_size_10,bid_price_10,bid_size_10
2019-06-28 09:30:00.000000000,,,99947,100,,,,,,,,,,,,,,,,,,,,,,,,,,,,,,,,,,,,
2019-06-28 09:30:00.000000001,,,99947,100,,,99864,100,,,,,,,,,,,,,,,,,,,,,,,,,,,,,,,,
2019-06-28 09:30:00.000000002,99963,100,99947,100,,,99864,100,,,,,,,,,,,,,,,,,,,,,,,,,,,,,,,,
2019-06-28 09:30:00.000000003,,,99947,100,,,99864,100,,,,,,,,,,,,,,,,,,,,,,,,,,,,,,,,
2019-06-28 09:30:00.000000005,,,99976,100,,,99947,100,,,99864,100,,,,,,,,,,,,,,,,,,,,,,,,,,,,
2019-06-28 09:30:00.000000008,100066,100,99976,100,,,99947,100,,,99864,100,,,,,,,,,,,,,,,,,,,,,,,,,,,,
2019-06-28 09:30:00.000000010,100066,100,99976,100,100078,100,99947,100,,,99864,100,,,,,,,,,,,,,,,,,,,,,,,,,,,,
2019-06-28 09:30:00.000000011,100066,100,99976,100,100078,100,99974,100,,,99947,100,,,99864,100,,,,,,,,,,,,,,,,,,,,,,,,
2019-06-28 09:30:00.000000013,100062,100,99976,100,100066,100,99974,100,100078,100,99947,100,,,99864,100,,,,,,,,,,,,,,,,,,,,,,,,
2019-06-28 09:30:00.000000014,99979,100,99976,100,100062,100,99974,100,100066,100,99960,100,100078,100,99947,100,,,99864,100,,,,,,,,,,,,,,,,,,,,
2019-06-28 09:30:00.000000015,100062,100,99976,100,100066,100,99974,100,100078,100,99960,100,,,99947,100,,,99864,100,,,,,,,,,,,,,,,,,,,,
2019-06-28 09:30:00.000000016,100062,100,99976,100,100066,100,99974,100,100078,100,99960,100,,,99947,100,,,99907,100,,,99864,100,,,,,,,,,,,,,,,,
2019-06-28 09:30:00.000000018,100062,100,99976,100,100066,100,99974,100,100078,100,99960,100,,,99947,100,,,99907,100,,,99870,100,,,99864,100,,,,,,,,,,,,
2019-06-28 09:30:00.000000020,100062,100,99976,100,100066,100,99974,100,100078,100,99960,100,100084,100,99947,100,,,99907,100,,,99870,100,,,99864,100,,,,,,,,,,,,
2019-06-28 09:30:00.000000021,100062,100,99976,100,100066,100,99974,100,100078,100,99960,100,100084,100,99947,100,,,99927,100,,,99907,100,,,99870,100,,,99865,100,,,99864,100,,,,
2019-06-28 09:30:00.000000023,100062,100,99977,100,100066,100,99976,100,100078,100,99974,100,100084,100,99960,100,,,99947,100,,,99927,100,,,99907,100,,,99870,100,,,99865,100,,,99864,100
2019-06-28 09:30:00.000000024,100062,100,99977,100,100066,100,99976,100,100078,100,99974,100,100084,100,99960,100,100176,100,99947,100,,,99927,100,,,99907,100,,,99870,100,,,99865,100,,,99864,100
2019-06-28 09:30:00.000000027,100062,100,99977,100,100066,100,99976,100,100078,100,99974,100,100084,100,99960,100,100176,100,99947,100,,,99927,100,,,99921,100,,,99907,100,,,99870,100,,,99865,100
2019-06-28 09:30:00.000000029,100062,100,99977,100,100066,100,99976,100,100078,100,99974,100,100084,100,99960,100,100176,100,99947,100,,,99927,100,,,99921,100,,,99907,100,,,99870,100,,,99869,100
2019-06-28 09:30:00.000000030,100032,100,99977,100,100062,100,99976,100,100066,100,99974,100,100078,100,99960,100,100084,100,99947,100,100121,100,99927,100,100176,100,99921,100,,,99907,100,,,99870,100,,,99869,100
2019-06-28 09:30:00.000000031,99979,100,99977,100,100032,100,99976,100,100062,100,99974,100,100066,100,99960,100,100078,100,99947,100,100084,100,99927,100,100121,100,99921,100,100176,100,99907,100,,,99870,100,,,99869,100
2019-06-28 09:30:00.000000033,99979,100,99977,100,100032,100,99976,100,100062,100,99974,100,100066,100,99971,100,100078,100,99960,100,100084,100,99947,100,100121,100,99927,100,100176,100,99921,100,,,99907,100,,,99870,100
2019-06-28 09:30:00.000000034,99979,100,99977,100,100032,100,99976,100,100062,100,99974,100,100066,100,99971,100,100078,100,99960,100,100084,100,99947,100,100121,100,99927,100,100176,100,99921,100,,,99907,100,,,99870,100
2019-06-28 09:30:00.000000035,99979,100,99977,100,100032,100,99976,100,100062,100,99974,100,100066,100,99971,100,100078,100,99960,100,100084,100,99947,100,100110,100,99927,100,100121,100,99921,100,100176,100,99907,100,,,99870,100
2019-06-28 09:30:00.000000036,99979,100,99977,100,100032,100,99976,100,100062,100,99974,100,100066,100,99971,100,100078,100,99960,100,100084,100,99947,100,100110,100,99927,100,100121,100,99921,100,100176,100,99907,100,,,99870,100
2019-06-28 09:30:00.000000037,99979,100,99976,100,100032,100,99974,100,100062,100,99971,100,100066,100,99960,100,100078,100,99947,100,100084,100,99927,100,100110,100,99921,100,100121,100,99910,100,100176,100,99907,100,,,99870,100
2019-06-28 09:30:00.000000040,99979,100,99977,100,100032,100,99976,100,100062,100,99974,100,100066,100,99971,100,100078,100,99960,100,100084,100,99947,100,100110,100,99927,100,100121,100,99921,100,100176,100,99910,100,,,99907,100
2019-06-28 09:30:00.000000042,99979,100,99977,100,100006,100,99976,100,100032,100,99974,100,100062,100,99971,100,100066,100,99960,100,100078,100,99947,100,100084,100,99927,100,100110,100,99921,100,100121,100,99910,100,100176,100,99907,100
2019-06-28 09:30:00.000000044,99979,100,99977,100,100006,100,99976,100,100032,100,99974,100,100060,100,99971,100,100062,100,99960,100,100066,100,99947,100,100078,100,99927,100,100084,100,99921,100,100110,100,99910,100,100121,100,99907,100
2019-06-28 09:30:00.000000046,99979,100,99977,100,100006,100,99976,100,100032,100,99974,100,100060,100,99971,100,100062,100,99960,100,100066,100,99947,100,100078,100,99927,100,100084,100,99921,100,100110,100,99910,100,100121,100,99907,100
2019-06-28 09:30:00.000000047,99979,100,99977,100,100006,100,99976,100,100032,100,99974,100,100060,100,99971,100,100062,100,99960,100,100066,100,99947,100,100078,100,99927,100,100084,100,99921,100,100110,100,99910,100,100121,100,99907,100
2019-06-28 09:30:00.000000048,99978,100,99977,200,99979,100,99976,100,100006,100,99974,100,100032,100,99971,100,100060,100,99960,100,100062,100,99947,100,100066,100,99927,100,100078,100,99921,100,100084,100,99910,100,100110,100,99907,100
2019-06-28 09:30:00.000000049,99979,100,99977,200,100006,100,99976,100,100016,100,99974,100,100032,100,99971,100,100060,100,99960,100,100062,100,99947,100,100066,100,99927,100,100078,100,99921,100,100084,100,99910,100,100110,100,99907,100
2019-06-28 09:30:00.000000050,99978,100,99977,200,99979,100,99976,100,100006,100,99974,100,100016,100,99971,100,100032,100,99960,100,100060,100,99947,100,100062,100,99927,100,100066,100,99921,100,100078,100,99910,100,100084,100,99907,100
2019-06-28 09:30:00.000000057,99978,100,99977,200,99979,100,99976,100,100006,100,99974,100,100016,100,99971,100,100032,100,99960,100,100060,100,99947,100,100062,100,99927,100,100066,100,99921,100,100078,100,99910,100,100084,100,99907,100
2019-06-28 09:30:00.000000061,99978,100,99977,200,99979,100,99976,100,100006,100,99974,100,100016,100,99971,100,100032,100,99960,100,100060,100,99947,100,100062,100,99927,100,100066,100,99921,100,100078,100,99910,100,100084,100,99907,100
2019-06-28 09:30:00.000000062,99978,100,99977,200,99979,100,99976,100,100006,100,99974,100,100016,100,99971,100,100032,100,99960,100,100060,100,99947,100,100062,100,99927,100,100066,100,99922,100,100078,100,99921,100,100084,100,99910,100
2019-06-28 09:30:00.000000065,99979,100,99977,200,100006,100,99976,100,100016,100,99974,100,100032,100,99971,100,100060,100,99960,100,100062,100,99947,100,100066,100,99927,100,100078,100,99922,100,100084,100,99921,100,100110,100,99910,100
2019-06-28 09:30:00.000000067,100006,100,99977,200,100016,100,99976,100,100032,100,99974,100,100060,100,99971,100,100062,100,99960,100,100066,100,99947,100,100078,100,99927,100,100084,100,99922,100,100110,100,99921,100,100121,100,99910,100
2019-06-28 09:30:00.000000071,100006,100,99978,100,100016,100,99977,200,100032,100,99976,100,100060,100,99974,100,100062,100,99971,100,100066,100,99960,100,100078,100,99947,100,100084,100,99927,100,100086,100,99922,100,100110,100,99921,100
2019-06-28 09:30:00.000000074,100006,100,99978,100,100016,100,99977,200,100032,100,99976,100,100060,100,99974,100,100062,100,99971,100,100066,100,99960,100,100078,100,99947,100,100084,100,99945,100,100086,100,99927,100,100110,100,99922,100
2019-06-28 09:30:00.000000075,100006,100,99978,200,100016,100,99977,200,100032,100,99976,100,100060,100,99974,100,100062,100,99971,100,100066,100,99960,100,100078,100,99947,100,100084,100,99945,100,100086,100,99927,100,100110,100,99922,100
2019-06-28 09:30:00.000000076,100006,100,99978,200,100016,100,99977,200,100032,100,99976,100,100060,100,99974,100,100062,100,99971,100,100066,100,99960,100,100078,100,99947,100,100084,100,99945,100,100085,100,99927,100,100086,100,99922,100
2019-06-28 09:30:00.000000080,100006,100,99999,100,100016,100,99978,200,100032,100,99977,200,100060,100,99976,100,100062,100,99974,100,100066,100,99971,100,100078,100,99960,100,100084,100,99947,100,100085,100,99945,100,100086,100,99927,100
2019-06-28 09:30:00.000000085,100006,100,99999,100,100016,100,99978,300,100032,100,99977,200,100060,100,99976,100,100062,100,99974,100,100066,100,99971,100,100078,100,99960,100,100084,100,99947,100,100085,100,99945,100,100086,100,99927,100
2019-06-28 09:30:00.000000088,100006,100,99978,300,100016,100,99977,200,100032,100,99976,100,100060,100,99974,100,100062,100,99971,100,100066,100,99960,100,100078,100,99947,100,100084,100,99945,100,100085,100,99927,100,100086,100,99922,100
2019-06-28 09:30:00.000000091,100032,100,99978,300,100060,100,99977,200,100062,100,99976,100,100066,100,99974,100,100078,100,99971,100,100084,100,99960,100,100085,100,99947,100,100086,100,99945,100,100110,100,99927,100,100121,100,99922,100
2019-06-28 09:30:00.000000093,100032,100,99978,200,100060,100,99977,200,100062,100,99976,100,100066,100,99974,100,100078,100,99971,100,100084,100,99960,100,100085,100,99947,100,100086,100,99945,100,100110,100,99927,100,100121,100,99922,100
2019-06-28 09:30:00.000000099,100032,100,100000,100,100060,100,99978,200,100062,100,99977,200,100066,100,99976,100,100078,100,99974,100,100084,100,99971,100,100085,100,99960,100,100086,100,99947,100,100110,100,99945,100,100121,100,99927,100
2019-06-28 09:30:05.171041821,100016,100,100000,100,100032,100,99978,200,100060,100,99977,200,100062,100,99976,100,100066,100,99974,100,100078,100,99971,100,100084,100,99960,100,100085,100,99947,100,100086,100,99945,100,100110,100,99927,100
2019-06-28 09:30:10.000000000,100016,256,100000,256,100032,251,99978,351,100060,251,99977,351,100062,100,99976,100,100066,100,99974,100,100078,100,99971,100,100084,100,99960,100,100085,100,99947,100,100086,100,99945,100,100110,100,99927,100
2019-06-28 09:30:18.096912819,100016,156,100000,256,100032,251,99978,351,100060,251,99977,351,100062,100,99976,100,100066,100,99974,100,100078,100,99971,100,100084,100,99960,100,100085,100,99947,100,100086,100,99945,100,100110,100,99927,100
2019-06-28 09:30:20.000000000,100032,215,100000,215,100060,215,99978,315,100062,215,99977,315,100066,215,99976,215,100078,100,99974,100,100084,100,99971,100,100085,100,99960,100,100086,100,99947,100,100110,100,99945,100,100121,100,99927,100
2019-06-28 09:30:30.000000000,100032,192,100000,192,100060,192,99978,292,100062,192,99977,292,100066,192,99976,192,100078,192,99974,192,100084,100,99971,100,100085,100,99960,100,100086,100,99947,100,100110,100,99945,100,100121,100,99927,100
2019-06-28 09:30:40.000000000,100032,330,100000,330,100060,330,99978,430,100062,100,99977,200,100066,100,99976,100,100078,100,99974,100,100084,100,99971,100,100085,100,99960,100,100086,100,99947,100,100110,100,99945,100,100121,100,99927,100
2019-06-28 09:30:50.000000000,100032,256,100000,256,100060,251,99978,351,100062,251,99977,351,100066,100,99976,100,100078,100,99974,100,100084,100,99971,100,100085,100,99960,100,100086,100,99947,100,100110,100,99945,100,100121,100,99927,100
2019-06-28 09:31:00.000000000,100032,215,100000,215,100060,215,99978,315,100062,215,99977,315,100066,215,99976,215,100078,100,99974,100,100084,100,99971,100,100085,100,99960,100,100086,100,99947,100,100110,100,99945,100,100121,100,99927,100
2019-06-28 09:31:04.944108817,100032,215,100000,215,100060,215,99978,315,100062,215,99977,315,100066,215,99976,215,100078,100,99971,100,100084,100,99960,100,100085,100,99947,100,100086,100,99945,100,100110,100,99927,100,100121,100,99922,100
2019-06-28 09:31:10.000000000,100032,330,100000,330,100060,330,99978,430,100062,100,99977,200,100066,100,99976,100,100078,100,99971,100,100084,100,99960,100,100085,100,99947,100,100086,100,99945,100,100110,100,99927,100,100121,100,99922,100
2019-06-28 09:31:20.000000000,100032,559,100000,559,100060,100,99978,200,100062,100,99977,200,100066,100,99976,100,100078,100,99971,100,100084,100,99960,100,100085,100,99947,100,100086,100,99945,100,100110,100,99927,100,100121,100,99922,100
2019-06-28 09:31:25.694680400,100016,100,100000,559,100032,559,99978,200,100060,100,99977,200,100062,100,99976,100,100066,100,99971,100,100078,100,99960,100,100084,100,99947,100,100085,100,99945,100,100086,100,99927,100,100110,100,99922,100
2019-06-28 09:31:30.000000000,100016,256,100000,256,100032,251,99978,351,100060,251,99977,351,100062,100,99976,100,100066,100,99971,100,100078,100,99960,100,100084,100,99947,100,100085,100,99945,100,100086,100,99927,100,100110,100,99922,100
2019-06-28 09:31:38.413114813,100016,256,100000,156,100032,251,99978,351,100060,251,99977,351,100062,100,99976,100,100066,100,99971,100,100078,100,99960,100,100084,100,99947,100,100085,100,99945,100,100086,100,99927,100,100110,100,99922,100
2019-06-28 09:31:40.000000000,100016,192,99978,292,100032,192,99977,292,100060,192,99976,192,100062,192,99971,192,100066,192,99960,192,100078,100,99947,100,100084,100,99945,100,100085,100,99927,100,100086,100,99922,100,100110,100,99921,100
2019-06-28 09:31:42.342789954,100000,100,99978,292,100016,92,99977,292,100032,192,99976,192,100060,192,99971,192,100062,192,99960,192,100066,192,99947,100,100078,100,99945,100,100084,100,99927,100,100085,100,99922,100,100086,100,99921,100
2019-06-28 09:31:50.000000000,100000,330,99978,430,100032,330,99977,430,100060,100,99976,100,100062,100,99971,100,100066,100,99960,100,100078,100,99947,100,100084,100,99945,100,100085,100,99927,100,100086,100,99922,100,100110,100,99921,100
2019-06-28 09:31:53.984754935,100000,330,99978,330,100032,330,99977,430,100060,100,99976,100,100062,100,99971,100,100066,100,99960,100,100078,100,99947,100,100084,100,99945,100,100085,100,99927,100,100086,100,99922,100,100110,100,99921,100
2019-06-28 09:31:56.172077329,100000,330,99978,230,100032,330,99977,430,100060,100,99976,100,100062,100,99971,100,100066,100,99960,100,100078,100,99947,100,100084,100,99945,100,100085,100,99927,100,100086,100,99922,100,100110,100,99921,100
2019-06-28 09:32:00.000000000,100000,330,99977,430,100032,330,99976,330,100060,100,99971,100,100062,100,99960,100,100066,100,99947,100,100078,100,99945,100,100084,100,99927,100,100085,100,99922,100,100086,100,99921,100,100110,100,99910,100
2019-06-28 09:32:03.571459890,99978,100,99977,430,100000,330,99976,330,100032,330,99971,100,100060,100,99960,100,100062,100,99947,100,100066,100,99945,100,100078,100,99927,100,100084,100,99922,100,100085,100,99921,100,100086,100,99910,100
2019-06-28 09:32:10.000000000,99978,192,99977,292,100000,192,99976,192,100032,192,99971,192,100060,192,99960,192,100062,192,99947,192,100066,100,99945,100,100078,100,99927,100,100084,100,99922,100,100085,100,99921,100,100086,100,99910,100
2019-06-28 09:32:20.000000000,99978,192,99977,292,100000,192,99976,192,100032,192,99971,192,100060,192,99960,192,100062,192,99947,192,100066,100,99945,100,100078,100,99927,100,100084,100,99922,100,100085,100,99921,100,100086,100,99910,100
2019-06-28 09:32:30.000000000,99978,559,99977,659,100000,100,99976,100,100032,100,99971,100,100060,100,99960,100,100062,100,99947,100,100066,100,99945,100,100078,100,99927,100,100084,100,99922,100,100085,100,99921,100,100086,100,99910,100
2019-06-28 09:32:40.000000000,99978,256,99977,356,100000,251,99976,251,100032,251,99971,251,100060,100,99960,100,100062,100,99947,100,100066,100,99945,100,100078,100,99927,100,100084,100,99922,100,100085,100,99921,100,100086,100,99910,100
2019-06-28 09:32:50.000000000,99978,256,99977,356,100000,251,99976,251,100032,251,99971,251,100060,100,99960,100,100062,100,99947,100,100066,100,99945,100,100078,100,99927,100,100084,100,99922,100,100085,100,99921,100,100086,100,99910,100
2019-06-28 09:32:58.965299733,99978,256,99977,356,100000,251,99976,251,100032,251,99971,251,100060,100,99960,100,100062,100,99947,100,100066,100,99945,100,100078,100,99927,100,100084,100,99922,100,100085,100,99921,100,100086,100,99910,100
2019-06-28 09:33:00.000000000,99978,215,99977,315,100000,215,99976,215,100032,215,99971,215,100060,215,99960,215,100062,100,99947,100,100066,100,99945,100,100078,100,99927,100,100084,100,99922,100,100085,100,99921,100,100086,100,99910,100
2019-06-28 09:33:10.000000000,99978,330,99977,430,100000,330,99976,330,100032,100,99971,100,100060,100,99960,100,100062,100,99947,100,100066,100,99945,100,100078,100,99927,100,100084,100,99922,100,100085,100,99921,100,100086,100,99910,100
2019-06-28 09:33:20.000000000,99978,215,99977,315,100000,215,99976,215,100032,215,99971,215,100060,215,99960,215,100062,100,99947,100,100066,100,99945,100,100078,100,99927,100,100084,100,99922,100,100085,100,99921,100,100086,100,99910,100
2019-06-28 09:33:23.972337871,99978,215,99977,315,100000,215,99976,215,100032,215,99971,215,100060,215,99960,215,100062,100,99947,100,100066,100,99945,100,100078,100,99927,100,100084,100,99922,100,100085,100,99921,100,100086,100,99910,100
2019-06-28 09:33:30.000000000,99978,256,99977,356,100000,251,99976,251,100032,251,99971,251,100060,100,99960,100,100062,100,99947,100,100066,100,99945,100,100078,100,99927,100,100084,100,99922,100,100085,100,99921,100,100086,100,99910,100
2019-06-28 09:33:40.000000000,99978,559,99977,659,100000,100,99976,100,100032,100,99971,100,100060,100,99960,100,100062,100,99947,100,100066,100,99945,100,100078,100,99927,100,100084,100,99922,100,100085,100,99921,100,100086,100,99910,100
2019-06-28 09:33:50.000000000,99978,256,99977,356,100000,251,99976,251,100032,251,99971,251,100060,100,99960,100,100062,100,99947,100,100066,100,99945,100,100078,100,99927,100,100084,100,99922,100,100085,100,99921,100,100086,100,99910,100
2019-06-28 09:33:51.079453712,99978,356,99977,356,100000,251,99976,251,100032,251,99971,251,100060,100,99960,100,100062,100,99947,100,100066,100,99945,100,100078,100,99927,100,100084,100,99922,100,100085,100,99921,100,100086,100,99910,100
2019-06-28 09:34:00.000000000,99978,659,99977,659,100000,100,99976,100,100032,100,99971,100,100060,100,99960,100,100062,100,99947,100,100066,100,99945,100,100078,100,99927,100,100084,100,99922,100,100085,100,99921,100,100086,100,99910,100
2019-06-28 09:34:10.000000000,99978,292,99977,292,100000,192,99976,192,100032,192,99971,192,100060,192,99960,192,100062,192,99947,192,100066,100,99945,100,100078,100,99927,100,100084,100,99922,100,100085,100,99921,100,100086,100,99910,100
2019-06-28 09:34:20.000000000,99978,292,99977,292,100000,192,99976,192,100032,192,99971,192,100060,192,99960,192,100062,192,99947,192,100066,100,99945,100,100078,100,99927,100,100084,100,99922,100,100085,100,99921,100,100086,100,99910,100
2019-06-28 09:34:20.318939695,99978,292,99977,192,100000,192,99976,192,100032,192,99971,192,100060,192,99960,192,100062,192,99947,192,100066,100,99945,100,100078,100,99927,100,100084,100,99922,100,100085,100,99921,100,100086,100,99910,100
2019-06-28 09:34:30.000000000,99978,356,99977,256,100000,251,99976,251,100032,251,99971,251,100060,100,99960,100,100062,100,99947,100,100066,100,99945,100,100078,100,99927,100,100084,100,99922,100,100085,100,99921,100,100086,100,99910,100
2019-06-28 09:34:40.000000000,99978,659,99977,559,100000,100,99976,100,100032,100,99971,100,100060,100,99960,100,100062,100,99947,100,100066,100,99945,100,100078,100,99927,100,100084,100,99922,100,100085,100,99921,100,100086,100,99910,100
2019-06-28 09:34:50.000000000,99978,356,99977,256,100000,251,99976,251,100032,251,99971,251,100060,100,99960,100,100062,100,99947,100,100066,100,99945,100,100078,100,99927,100,100084,100,99922,100,100085,100,99921,100,100086,100,99910,100
2019-06-28 09:35:00.000000000,99978,430,99977,330,100000,330,99976,330,100032,100,99971,100,100060,100,99960,100,100062,100,99947,100,100066,100,99945,100,100078,100,99927,100,100084,100,99922,100,100085,100,99921,100,100086,100,99910,100
2019-06-28 09:35:07.844984632,99978,430,99977,130,100000,330,99976,330,100032,100,99971,100,100060,100,99960,100,100062,100,99947,100,100066,100,99945,100,100078,100,99927,100,100084,100,99922,100,100085,100,99921,100,100086,100,99910,100
2019-06-28 09:35:10.000000000,99978,659,99976,559,100000,100,99971,100,100032,100,99960,100,100060,100,99947,100,100062,100,99945,100,100066,100,99927,100,100078,100,99922,100,100084,100,99921,100,100085,100,99910,100,100086,100,99907,100
2019-06-28 09:35:15.936332613,99977,100,99976,559,99978,659,99971,100,100000,100,99960,100,100032,100,99947,100,100060,100,99945,100,100062,100,99927,100,100066,100,99922,100,100078,100,99921,100,100084,100,99910,100,100085,100,99907,100
2019-06-28 09:35:20.000000000,99977,192,99976,192,99978,292,99971,192,100000,192,99960,192,100032,192,99947,192,100060,192,99945,192,100062,100,99927,100,100066,100,99922,100,100078,100,99921,100,100084,100,99910,100,100085,100,99907,100
2019-06-28 09:35:22.619614893,99977,192,99976,92,99978,292,99971,192,100000,192,99960,192,100032,192,99947,192,100060,192,99945,192,100062,100,99927,100,100066,100,99922,100,100078,100,99921,100,100084,100,99910,100,100085,100,99907,100
2019-06-28 09:35:30.000000000,99977,192,99971,192,99978,292,99960,192,100000,192,99947,192,100032,192,99945,192,100060,192,99927,192,100062,100,99922,100,100066,100,99921,100,100078,100,99910,100,100084,100,99907,100,100085,100,99901,100
2019-06-28 09:35:40.000000000,99977,330,99971,330,99978,430,99960,330,100000,100,99947,100,100032,100,99945,100,100060,100,99927,100,100062,100,99922,100,100066,100,99921,100,100078,100,99910,100,100084,100,99907,100,100085,100,99901,100
2019-06-28 09:35:47.454876242,99977,330,99971,230,99978,430,99960,330,100000,100,99947,100,100032,100,99945,100,100060,100,99927,100,100062,100,99922,100,100066,100,99921,100,100078,100,99910,100,100084,100,99907,100,100085,100,99901,100
2019-06-28 09:35:50.000000000,99977,256,99960,256,99978,351,99947,251,100000,251,99945,251,100032,100,99927,100,100060,100,99922,100,100062,100,99921,100,100066,100,99910,100,100078,100,99907,100,100084,100,99901,100,100085,100,99867,100
2019-06-28 09:35:52.184780517,99976,100,99960,256,99977,256,99947,251,99978,351,99945,251,100000,251,99927,100,100032,100,99922,100,100060,100,99921,100,100062,100,99910,100,100066,100,99907,100,100078,100,99901,100,100084,100,99867,100
2019-06-28 09:35:54.515156928,99976,100,99960,156,99977,256,99947,251,99978,351,99945,251,100000,251,99927,100,100032,100,99922,100,100060,100,99921,100,100062,100,99910,100,100066,100,99907,100,100078,100,99901,100,100084,100,99867,100
2019-06-28 09:36:00.000000000,99976,256,99947,256,99977,251,99945,251,99978,351,99927,251,100000,100,99922,100,100032,100,99921,100,100060,100,99910,100,100062,100,99907,100,100066,100,99901,100,100078,100,99867,100,100084,100,99865,100
2019-06-28 09:36:01.781410911,99976,256,99947,256,99977,251,99945,251,99978,351,99927,251,100000,100,99922,100,100032,100,99921,100,100060,100,99910,100,100062,100,99907,100,100066,100,99901,100,100078,100,99867,100,100084,100,99865,100
2019-06-28 09:36:10.000000000,99976,215,99947,215,99977,215,99945,215,99978,315,99927,215,100000,215,99922,215,100032,100,99921,100,100060,100,99910,100,100062,100,99907,100,100066,100,99901,100,100078,100,99867,100,100084,100,99865,100
2019-06-28 09:36:20.000000000,99976,215,99947,215,99977,215,99945,215,99978,315,99927,215,100000,215,99922,215,100032,100,99921,100,100060,100,99910,100,100062,100,99907,100,100066,100,99901,100,100078,100,99867,100,100084,100,99865,100
2019-06-28 09:36:30.000000000,99976,192,99947,192,99977,192,99945,192,99978,292,99927,192,100000,192,99922,192,100032,192,99921,192,100060,100,99910,100,100062,100,99907,100,100066,100,99901,100,100078,100,99867,100,100084,100,99865,100
2019-06-28 09:36:40.000000000,99976,192,99947,192,99977,192,99945,192,99978,292,99927,192,100000,192,99922,192,100032,192,99921,192,100060,100,99910,100,100062,100,99907,100,100066,100,99901,100,100078,100,99867,100,100084,100,99865,100
2019-06-28 09:36:50.000000000,99976,215,99947,215,99977,215,99945,215,99978,315,99927,215,100000,215,99922,215,100032,100,99921,100,100060,100,99910,100,100062,100,99907,100,100066,100,99901,100,100078,100,99867,100,100084,100,99865,100
2019-06-28 09:37:00.000000000,99976,559,99947,559,99977,100,99945,100,99978,200,99927,100,100000,100,99922,100,100032,100,99921,100,100060,100,99910,100,100062,100,99907,100,100066,100,99901,100,100078,100,99867,100,100084,100,99865,100
2019-06-28 09:37:09.736123206,99976,559,99947,559,99977,100,99945,100,99978,200,99927,100,100000,100,99922,100,100032,100,99921,100,100060,100,99910,100,100062,100,99907,100,100066,100,99901,100,100084,100,99867,100,100085,100,99865,100
2019-06-28 09:37:10.000000000,99976,330,99947,330,99977,330,99945,330,99978,200,99927,100,100000,100,99922,100,100032,100,99921,100,100060,100,99910,100,100062,100,99907,100,100066,100,99901,100,100084,100,99867,100,100085,100,99865,100
2019-06-28 09:37:13.712793699,99976,330,99947,230,99977,330,99945,330,99978,200,99927,100,100000,100,99922,100,100032,100,99921,100,100060,100,99910,100,100062,100,99907,100,100066,100,99901,100,100084,100,99867,100,100085,100,99865,100
2019-06-28 09:37:20.000000000,99976,256,99945,256,99977,251,99927,251,99978,351,99922,251,100000,100,99921,100,100032,100,99910,100,100060,100,99907,100,100062,100,99901,100,100066,100,99867,100,100084,100,99865,100,100085,100,99859,100
2019-06-28 09:37:22.552825769,99976,256,99945,256,99977,251,99927,251,99978,351,99922,251,100000,100,99921,100,100032,100,99910,100,100060,100,99907,100,100062,100,99901,100,100066,100,99867,100,100084,100,99865,100,100085,100,99859,100
2019-06-28 09:37:30.000000000,99976,559,99945,559,99977,100,99927,100,99978,200,99922,100,100000,100,99921,100,100032,100,99910,100,100060,100,99907,100,100062,100,99901,100,100066,100,99867,100,100084,100,99865,100,100085,100,99859,100
2019-06-28 09:37:40.000000000,99976,330,99945,330,99977,330,99927,330,99978,200,99922,100,100000,100,99921,100,100032,100,99910,100,100060,100,99907,100,100062,100,99901,100,100066,100,99867,100,100084,100,99865,100,100085,100,99859,100
2019-06-28 09:37:41.696325176,99960,100,99945,330,99976,330,99927,330,99977,330,99922,100,99978,200,99921,100,100000,100,99910,100,100032,100,99907,100,100060,100,99901,100,100062,100,99867,100,100066,100,99865,100,100084,100,99859,100
2019-06-28 09:37:50.000000000,99960,192,99945,192,99976,192,99927,192,99977,192,99922,192,99978,292,99921,192,100000,192,99910,192,100032,100,99907,100,100060,100,99901,100,100062,100,99867,100,100066,100,99865,100,100084,100,99859,100
2019-06-28 09:37:54.841720445,99960,192,99945,192,99976,192,99927,192,99977,192,99922,192,99978,292,99921,192,100000,192,99910,192,100032,100,99907,100,100060,100,99901,100,100062,100,99867,100,100066,100,99865,100,100084,100,99859,100
2019-06-28 09:38:00.000000000,99960,215,99945,215,99976,215,99927,215,99977,215,99922,215,99978,315,99921,215,100000,100,99910,100,100032,100,99907,100,100060,100,99901,100,100062,100,99867,100,100066,100,99865,100,100084,100,99859,100
2019-06-28 09:38:10.000000000,99960,256,99945,256,99976,251,99927,251,99977,251,99922,251,99978,200,99921,100,100000,100,99910,100,100032,100,99907,100,100060,100,99901,100,100062,100,99867,100,100066,100,99865,100,100084,100,99859,100
2019-06-28 09:38:10.663259062,99960,156,99945,256,99976,251,99927,251,99977,251,99922,251,99978,200,99921,100,100000,100,99910,100,100032,100,99907,100,100060,100,99901,100,100062,100,99867,100,100066,100,99865,100,100084,100,99859,100
2019-06-28 09:38:13.765437604,99960,56,99945,256,99976,251,99927,251,99977,251,99922,251,99978,200,99910,100,100000,100,99907,100,100032,100,99901,100,100060,100,99867,100,100062,100,99865,100,100066,100,99859,100,100084,100,99852,100
2019-06-28 09:38:20.000000000,99976,192,99945,192,99977,192,99927,192,99978,292,99922,192,100000,192,99910,192,100032,192,99907,192,100060,100,99901,100,100062,100,99867,100,100066,100,99865,100,100084,100,99859,100,100085,100,99852,100
2019-06-28 09:38:30.000000000,99976,256,99945,256,99977,251,99927,251,99978,351,99922,251,100000,100,99910,100,100032,100,99907,100,100060,100,99901,100,100062,100,99867,100,100066,100,99865,100,100084,100,99859,100,100085,100,99852,100
2019-06-28 09:38:40.000000000,99976,559,99945,559,99977,100,99927,100,99978,200,99922,100,100000,100,99910,100,100032,100,99907,100,100060,100,99901,100,100062,100,99867,100,100066,100,99865,100,100084,100,99859,100,100085,100,99852,100
2019-06-28 09:38:47.706462967,99976,459,99945,559,99977,100,99927,100,99978,200,99922,100,100000,100,99910,100,100032,100,99907,100,100062,100,99901,100,100066,100,99867,100,100084,100,99865,100,100085,100,99859,100,100086,100,99852,100
2019-06-28 09:38:49.149914239,99976,459,99945,559,99977,100,99927,100,99978,100,99922,100,100000,100,99910,100,100032,100,99907,100,100062,100,99901,100,100066,100,99867,100,100084,100,99865,100,100085,100,99859,100,100086,100,99852,100
2019-06-28 09:38:50.000000000,99977,192,99945,192,99978,192,99927,192,100000,192,99922,192,100032,192,99910,192,100062,192,99907,192,100066,100,99901,100,100084,100,99867,100,100085,100,99865,100,100086,100,99859,100,100121,100,99852,100
2019-06-28 09:39:00.000000000,99977,192,99945,192,99978,192,99927,192,100000,192,99922,192,100032,192,99910,192,100062,192,99907,192,100066,100,99901,100,100084,100,99867,100,100085,100,99865,100,100086,100,99859,100,100121,100,99852,100
2019-06-28 09:39:02.458712519,99977,192,99945,192,99978,192,99927,192,100000,192,99922,192,100032,192,99910,192,100062,192,99907,192,100066,100,99901,100,100084,100,99867,100,100085,100,99865,100,100086,100,99859,100,100121,100,99852,100
2019-06-28 09:39:07.192148031,99977,192,99945,192,99978,92,99927,192,100000,192,99922,192,100032,192,99910,192,100062,192,99907,192,100066,100,99901,100,100084,100,99867,100,100085,100,99865,100,100086,100,99859,100,100121,100,99852,100
2019-06-28 09:39:10.000000000,99977,256,99945,256,100000,251,99927,251,100032,251,99922,251,100062,100,99910,100,100066,100,99907,100,100084,100,99901,100,100085,100,99867,100,100086,100,99865,100,100121,100,99859,100,100134,100,99852,100
2019-06-28 09:39:20.000000000,99977,192,99945,192,100000,192,99927,192,100032,192,99922,192,100062,192,99910,192,100066,192,99907,192,100084,100,99901,100,100085,100,99867,100,100086,100,99865,100,100121,100,99859,100,100134,100,99852,100
2019-06-28 09:39:23.287399868,99950,100,99945,192,99977,192,99927,192,100000,192,99922,192,100032,192,99910,192,100062,192,99907,192,100066,192,99901,100,100084,100,99865,100,100085,100,99859,100,100086,100,99852,100,100121,100,99831,100
2019-06-28 09:39:30.000000000,99950,330,99945,330,99977,330,99927,330,100000,100,99922,100,100032,100,99910,100,100062,100,99907,100,100066,100,99901,100,100084,100,99865,100,100085,100,99859,100,100086,100,99852,100,100121,100,99831,100
2019-06-28 09:39:39.159211500,99950,330,99945,330,99977,330,99927,330,100000,100,99922,100,100032,100,99910,100,100062,100,99907,100,100066,100,99901,100,100084,100,99865,100,100085,100,99852,100,100086,100,99831,100,100121,100,99243,100
2019-06-28 09:39:40.000000000,99950,256,99945,256,99977,251,99927,251,100000,251,99922,251,100032,100,99910,100,100062,100,99907,100,100066,100,99901,100,100084,100,99865,100,100085,100,99852,100,100086,100,99831,100,100121,100,99243,100
2019-06-28 09:39:43.276118146,99950,156,99945,256,99977,251,99927,251,100000,251,99922,251,100032,100,99910,100,100062,100,99907,100,100066,100,99865,100,100084,100,99852,100,100085,100,99831,100,100086,100,99243,100,100121,100,98975,100
2019-06-28 09:39:50.000000000,99977,215,99945,215,100000,215,99927,215,100032,215,99922,215,100062,215,99910,215,100066,100,99907,100,100084,100,99865,100,100085,100,99852,100,100086,100,99831,100,100121,100,99243,100,100134,100,98975,100
2019-06-28 09:39:50.723957279,99977,215,99950,100,100000,215,99945,215,100032,215,99927,215,100062,215,99922,215,100066,100,99910,215,100084,100,99907,100,100085,100,99865,100,100086,100,99852,100,100121,100,99831,100,100134,100,99243,100
2019-06-28 09:40:00.000000000,99977,559,99950,559,100000,100,99945,100,100032,100,99927,100,100062,100,99922,100,100066,100,99910,100,100084,100,99907,100,100085,100,99865,100,100086,100,99852,100,100121,100,99831,100,100134,100,99243,100
2019-06-28 09:40:04.828674363,99977,559,99950,659,100000,100,99945,100,100032,100,99927,100,100062,100,99922,100,100066,100,99910,100,100084,100,99907,100,100085,100,99865,100,100086,100,99852,100,100121,100,99831,100,100134,100,99243,100
2019-06-28 09:40:07.745784440,99977,559,99950,659,100000,100,99945,100,100032,100,99927,100,100062,100,99922,100,100066,100,99910,100,100084,100,99907,100,100085,100,99865,100,100086,100,99852,100,100121,100,99831,100,100134,100,99243,100
2019-06-28 09:40:10.000000000,99977,215,99950,315,100000,215,99945,215,100032,215,99927,215,100062,215,99922,215,100066,100,99910,100,100084,100,99907,100,100085,100,99865,100,100086,100,99852,100,100121,100,99831,100,100134,100,99243,100
2019-06-28 09:40:19.863292258,99977,215,99950,315,100000,215,99945,215,100032,215,99927,215,100062,215,99922,215,100066,100,99907,100,100084,100,99865,100,100085,100,99852,100,100086,100,99831,100,100121,100,99243,100,100134,100,98903,100
2019-06-28 09:40:20.000000000,99977,559,99950,659,100000,100,99945,100,100032,100,99927,100,100062,100,99922,100,100066,100,99907,100,100084,100,99865,100,100085,100,99852,100,100086,100,99831,100,100121,100,99243,100,100134,100,98903,100
2019-06-28 09:40:20.990216134,99977,559,99950,659,100000,100,99945,100,100032,100,99927,100,100062,100,99922,100,100066,100,99907,100,100084,100,99865,100,100085,100,99852,100,100086,100,99831,100,100134,100,99243,100,100150,100,98903,100
2019-06-28 09:40:28.235411111,99977,559,99950,659,100000,100,99945,100,100032,100,99927,100,100062,100,99922,100,100066,100,99865,100,100084,100,99852,100,100085,100,99831,100,100086,100,99243,100,100134,100,98903,100,100150,100,98838,100
2019-06-28 09:40:28.530618948,99977,459,99950,659,100000,100,99945,100,100032,100,99927,100,100062,100,99922,100,100066,100,99865,100,100084,100,99852,100,100085,100,99831,100,100086,100,99243,100,100134,100,98903,100,100150,100,98838,100
2019-06-28 09:40:30.000000000,100000,192,99950,292,100032,192,99945,192,100062,192,99927,192,100066,192,99922,192,100084,192,99865,192,100085,100,99852,100,100086,100,99831,100,100134,100,99243,100,100150,100,98903,100,100183,100,98838,100
2019-06-28 09:40:40.000000000,100000,192,99950,292,100032,192,99945,192,100062,192,99927,192,100066,192,99922,192,100084,192,99865,192,100085,100,99852,100,100086,100,99831,100,100134,100,99243,100,100150,100,98903,100,100183,100,98838,100
2019-06-28 09:40:50.000000000,100000,330,99950,430,100032,330,99945,330,100062,100,99927,100,100066,100,99922,100,100084,100,99865,100,100085,100,99852,100,100086,100,99831,100,100134,100,99243,100,100150,100,98903,100,100183,100,98838,100
2019-06-28 09:41:00.000000000,100000,559,99950,659,100032,100,99945,100,100062,100,99927,100,100066,100,99922,100,100084,100,99865,100,100085,100,99852,100,100086,100,99831,100,100134,100,99243,100,100150,100,98903,100,100183,100,98838,100
2019-06-28 09:41:06.614838463,100000,559,99951,100,100032,100,99950,659,100062,100,99945,100,100066,100,99927,100,100084,100,99922,100,100085,100,99865,100,100086,100,99852,100,100134,100,99831,100,100150,100,99243,100,100183,100,98903,100
2019-06-28 09:41:10.000000000,100000,256,99951,256,100032,251,99950,351,100062,251,99945,251,100066,100,99927,100,100084,100,99922,100,100085,100,99865,100,100086,100,99852,100,100134,100,99831,100,100150,100,99243,100,100183,100,98903,100
2019-06-28 09:41:12.044164457,100000,256,99951,256,100032,251,99950,351,100062,251,99945,251,100066,100,99927,100,100084,100,99922,100,100086,100,99865,100,100099,100,99852,100,100134,100,99831,100,100150,100,99243,100,100183,100,98903,100
2019-06-28 09:41:20.000000000,100000,215,99951,215,100032,215,99950,315,100062,215,99945,215,100066,215,99927,215,100084,100,99922,100,100086,100,99865,100,100099,100,99852,100,100134,100,99831,100,100150,100,99243,100,100183,100,98903,100
2019-06-28 09:41:30.000000000,100000,256,99951,256,100032,251,99950,351,100062,251,99945,251,100066,100,99927,100,100084,100,99922,100,100086,100,99865,100,100099,100,99852,100,100134,100,99831,100,100150,100,99243,100,100183,100,98903,100
2019-06-28 09:41:37.427220225,100000,256,99951,156,100032,251,99950,351,100062,251,99945,251,100066,100,99927,100,100084,100,99922,100,100086,100,99865,100,100099,100,99852,100,100134,100,99831,100,100150,100,99243,100,100185,100,98903,100
2019-06-28 09:41:40.000000000,100000,215,99950,315,100032,215,99945,215,100062,215,99927,215,100066,215,99922,215,100084,100,99865,100,100086,100,99852,100,100099,100,99831,100,100134,100,99243,100,100150,100,98903,100,100185,100,98838,100
2019-06-28 09:41:46.307677541,100000,215,99950,215,100032,215,99945,215,100062,215,99927,215,100066,215,99922,215,100084,100,99865,100,100086,100,99852,100,100099,100,99831,100,100134,100,99243,100,100150,100,98903,100,100185,100,98838,100
2019-06-28 09:41:50.000000000,100000,215,99950,215,100032,215,99945,215,100062,215,99927,215,100066,215,99922,215,100084,100,99865,100,100086,100,99852,100,100099,100,99831,100,100134,100,99243,100,100150,100,98903,100,100185,100,98838,100
2019-06-28 09:41:57.748166030,99997,100,99950,215,100000,215,99945,215,100032,215,99927,215,100062,215,99922,215,100066,215,99865,100,100084,100,99852,100,100086,100,99831,100,100099,100,99243,100,100134,100,98903,100,100150,100,98838,100
2019-06-28 09:41:58.298185646,99997,100,99950,215,100000,215,99945,215,100032,215,99927,215,100062,215,99922,215,100066,215,99865,100,100084,100,99852,100,100086,100,99831,100,100099,100,99728,100,100134,100,98903,100,100150,100,98838,100
2019-06-28 09:42:00.000000000,99997,559,99950,559,100000,100,99945,100,100032,100,99927,100,100062,100,99922,100,100066,100,99865,100,100084,100,99852,100,100086,100,99831,100,100099,100,99728,100,100134,100,98903,100,100150,100,98838,100
2019-06-28 09:42:10.000000000,99997,256,99950,256,100000,251,99945,251,100032,251,99927,251,100062,100,99922,100,100066,100,99865,100,100084,100,99852,100,100086,100,99831,100,100099,100,99728,100,100134,100,98903,100,100150,100,98838,100
2019-06-28 09:42:20.000000000,99997,192,99950,192,100000,192,99945,192,100032,192,99927,192,100062,192,99922,192,100066,192,99865,192,100084,100,99852,100,100086,100,99831,100,100099,100,99728,100,100134,100,98903,100,100150,100,98838,100
2019-06-28 09:42:30.000000000,99997,559,99950,559,100000,100,99945,100,100032,100,99927,100,100062,100,99922,100,100066,100,99865,100,100084,100,99852,100,100086,100,99831,100,100099,100,99728,100,100134,100,98903,100,100150,100,98838,100
2019-06-28 09:42:40.000000000,99997,215,99950,215,100000,215,99945,215,100032,215,99927,215,100062,215,99922,215,100066,100,99865,100,100084,100,99852,100,100086,100,99831,100,100099,100,99728,100,100134,100,98903,100,100150,100,98838,100
2019-06-28 09:42:50.000000000,99997,192,99950,192,100000,192,99945,192,100032,192,99927,192,100062,192,99922,192,100066,192,99865,192,100084,100,99852,100,100086,100,99831,100,100099,100,99728,100,100134,100,98903,100,100150,100,98838,100
2019-06-28 09:42:51.517704176,99997,192,99950,192,100000,192,99945,192,100032,192,99927,192,100062,192,99922,192,100066,192,99865,192,100084,100,99852,100,100086,100,99831,100,100099,100,99728,100,100134,100,99561,100,100150,100,98903,100
2019-06-28 09:43:00.000000000,99997,256,99950,256,100000,251,99945,251,100032,251,99927,251,100062,100,99922,100,100066,100,99865,100,100084,100,99852,100,100086,100,99831,100,100099,100,99728,100,100134,100,99561,100,100150,100,98903,100
2019-06-28 09:43:10.000000000,99997,256,99950,256,100000,251,99945,251,100032,251,99927,251,100062,100,99922,100,100066,100,99865,100,100084,100,99852,100,100086,100,99831,100,100099,100,99728,100,100134,100,99561,100,100150,100,98903,100
2019-06-28 09:43:20.000000000,99997,192,99950,192,100000,192,99945,192,100032,192,99927,192,100062,192,99922,192,100066,192,99865,192,100084,100,99852,100,100086,100,99831,100,100099,100,99728,100,100134,100,99561,100,100150,100,98903,100
2019-06-28 09:43:27.350049591,99997,192,99950,92,100000,192,99945,192,100032,192,99927,192,100062,192,99922,192,100066,192,99865,192,100084,100,99852,100,100086,100,99831,100,100099,100,99728,100,100134,100,99561,100,100150,100,98903,100
2019-06-28 09:43:30.000000000,99997,192,99945,192,100000,192,99927,192,100032,192,99922,192,100062,192,99865,192,100066,192,99852,192,100084,100,99831,100,100086,100,99728,100,100099,100,99561,100,100134,100,98903,100,100150,100,98838,100
2019-06-28 09:43:40.000000000,99997,215,99945,215,100000,215,99927,215,100032,215,99922,215,100062,215,99865,215,100066,100,99852,100,100084,100,99831,100,100086,100,99728,100,100099,100,99561,100,100134,100,98903,100,100150,100,98838,100
2019-06-28 09:43:43.446953147,99997,215,99945,215,100000,215,99927,215,100032,215,99922,215,100062,215,99865,215,100066,100,99852,100,100084,100,99831,100,100086,100,99728,100,100099,100,99584,100,100134,100,99561,100,100150,100,98903,100
2019-06-28 09:43:50.000000000,99997,192,99945,192,100000,192,99927,192,100032,192,99922,192,100062,192,99865,192,100066,192,99852,192,100084,100,99831,100,100086,100,99728,100,100099,100,99584,100,100134,100,99561,100,100150,100,98903,100
2019-06-28 09:43:54.950355921,99997,192,99945,92,100000,192,99927,192,100032,192,99922,192,100062,192,99865,92,100066,192,99852,192,100084,100,99831,100,100086,100,99728,100,100099,100,99584,100,100134,100,99561,100,100150,100,98903,100
2019-06-28 09:44:00.000000000,99997,192,99927,192,100000,192,99922,192,100032,192,99852,192,100062,192,99831,192,100066,192,99728,192,100084,100,99584,100,100086,100,99561,100,100099,100,98903,100,100134,100,98838,100,100150,100,97963,100
2019-06-28 09:44:10.000000000,99997,559,99927,559,100000,100,99922,100,100032,100,99852,100,100062,100,99831,100,100066,100,99728,100,100084,100,99584,100,100086,100,99561,100,100099,100,98903,100,100134,100,98838,100,100150,100,97963,100
2019-06-28 09:44:14.193283362,99950,100,99927,559,99997,559,99922,100,100000,100,99852,100,100032,100,99831,100,100062,100,99728,100,100066,100,99584,100,100084,100,99561,100,100086,100,98903,100,100099,100,98838,100,100134,100,97963,100
2019-06-28 09:44:20.000000000,99950,559,99927,559,99997,100,99922,100,100000,100,99852,100,100032,100,99831,100,100062,100,99728,100,100066,100,99584,100,100084,100,99561,100,100086,100,98903,100,100099,100,98838,100,100134,100,97963,100
2019-06-28 09:44:25.126296479,99950,559,99927,559,99997,100,99922,100,100000,100,99852,100,100032,100,99831,100,100062,100,99728,100,100066,100,99640,100,100084,100,99584,100,100086,100,99561,100,100099,100,98903,100,100134,100,98838,100
2019-06-28 09:44:30.000000000,99950,256,99927,256,99997,251,99922,251,100000,251,99852,251,100032,100,99831,100,100062,100,99728,100,100066,100,99640,100,100084,100,99584,100,100086,100,99561,100,100099,100,98903,100,100134,100,98838,100
2019-06-28 09:44:30.053315424,99950,256,99927,156,99997,251,99922,251,100000,251,99852,251,100032,100,99831,100,100062,100,99728,100,100066,100,99640,100,100084,100,99584,100,100099,100,99561,100,100134,100,98903,100,100150,100,98838,100
2019-06-28 09:44:31.261840341,99950,256,99927,156,99955,100,99922,251,99997,251,99852,251,100000,251,99831,100,100032,100,99728,100,100062,100,99640,100,100066,100,99584,100,100084,100,99561,100,100099,100,98903,100,100134,100,98838,100
2019-06-28 09:44:36.919473062,99950,256,99927,156,99955,100,99922,251,99959,100,99852,251,99997,251,99831,100,100000,251,99640,100,100032,100,99584,100,100062,100,99561,100,100066,100,98903,100,100084,100,98838,100,100099,100,,
2019-06-28 09:44:40.000000000,99950,256,99922,256,99955,251,99852,251,99959,251,99831,251,99997,100,99640,100,100000,100,99584,100,100032,100,99561,100,100062,100,98903,100,100066,100,98838,100,100084,100,,,100099,100,,
2019-06-28 09:44:50.000000000,99950,256,99922,256,99955,251,99852,251,99959,251,99831,251,99997,100,99640,100,100000,100,99584,100,100032,100,99561,100,100062,100,98903,100,100066,100,98838,100,100084,100,,,100099,100,,
2019-06-28 09:44:58.795753105,99950,256,99922,256,99955,251,99852,251,99959,251,99831,251,99997,100,99640,100,100000,100,99584,100,100032,100,99561,100,100050,100,98903,100,100062,100,98838,100,100066,100,,,100084,100,,
2019-06-28 09:45:00.000000000,99950,256,99922,256,99955,251,99852,251,99959,251,99831,251,99997,100,99640,100,100000,100,99584,100,100032,100,99561,100,100050,100,98903,100,100062,100,98838,100,100066,100,,,100084,100,,
2019-06-28 09:45:10.000000000,99950,256,99922,256,99955,251,99852,251,99959,251,99831,251,99997,100,99640,100,100000,100,99584,100,100032,100,99561,100,100050,100,98903,100,100062,100,98838,100,100066,100,,,100084,100,,
2019-06-28 09:45:13.691264191,99950,256,99922,256,99955,251,99852,251,99959,251,99831,251,99997,100,99643,100,100000,100,99640,100,100032,100,99584,100,100050,100,99561,100,100062,100,98903,100,100066,100,98838,100,100084,100,,
2019-06-28 09:45:20.000000000,99950,192,99922,192,99955,192,99852,192,99959,192,99831,192,99997,192,99643,192,100000,192,99640,192,100032,100,99584,100,100050,100,99561,100,100062,100,98903,100,100066,100,98838,100,100084,100,,
2019-06-28 09:45:30.000000000,99950,330,99922,330,99955,330,99852,330,99959,100,99831,100,99997,100,99643,100,100000,100,99640,100,100032,100,99584,100,100050,100,99561,100,100062,100,98903,100,100066,100,98838,100,100084,100,,
2019-06-28 09:45:38.552401510,99950,330,99922,330,99955,330,99852,330,99959,100,99831,100,99997,100,99643,100,100000,100,99640,100,100032,100,99584,100,100050,100,99561,100,100062,100,99510,100,100066,100,98903,100,100084,100,98838,100
2019-06-28 09:45:40.000000000,99950,215,99922,215,99955,215,99852,215,99959,215,99831,215,99997,215,99643,215,100000,100,99640,100,100032,100,99584,100,100050,100,99561,100,100062,100,99510,100,100066,100,98903,100,100084,100,98838,100
2019-06-28 09:45:41.669426130,99945,100,99922,215,99950,215,99852,215,99955,215,99831,215,99959,215,99643,215,99997,215,99640,100,100000,100,99584,100,100032,100,99561,100,100050,100,99510,100,100062,100,98903,100,100066,100,98838,100
2019-06-28 09:45:50.000000000,99945,256,99922,256,99950,251,99852,251,99955,251,99831,251,99959,100,99643,100,99997,100,99640,100,100000,100,99584,100,100032,100,99561,100,100050,100,99510,100,100062,100,98903,100,100066,100,98838,100
2019-06-28 09:45:55.042531784,99945,256,99922,156,99950,251,99852,251,99955,251,99831,251,99959,100,99643,100,99997,100,99640,100,100000,100,99584,100,100032,100,99561,100,100062,100,99510,100,100066,100,98903,100,100084,100,98838,100
2019-06-28 09:45:55.262988165,99945,256,99922,156,99950,251,99852,251,99955,251,99831,151,99959,100,99643,100,99997,100,99640,100,100000,100,99584,100,100032,100,99561,100,100062,100,99510,100,100066,100,99360,100,100084,100,98903,100
2019-06-28 09:46:00.000000000,99945,192,99852,192,99950,192,99643,192,99955,192,99640,192,99959,192,99584,192,99997,192,99561,192,100000,100,99510,100,100032,100,99360,100,100062,100,98903,100,100066,100,98838,100,100084,100,,
2019-06-28 09:46:06.684902620,99927,100,99852,192,99945,192,99643,192,99950,192,99640,192,99955,192,99584,192,99959,192,99561,192,99997,192,99510,100,100000,100,99360,100,100032,100,98903,100,100062,100,98838,100,100066,100,,
2019-06-28 09:46:07.322361887,99927,100,99852,192,99945,192,99643,192,99950,192,99640,192,99955,192,99584,192,99959,192,99561,192,99997,192,99551,100,100000,100,99510,100,100032,100,99360,100,100062,100,98903,100,100066,100,98838,100
2019-06-28 09:46:10.000000000,99927,215,99852,215,99945,215,99643,215,99950,215,99640,215,99955,215,99584,215,99959,100,99561,100,99997,100,99551,100,100000,100,99510,100,100032,100,99360,100,100062,100,98903,100,100066,100,98838,100
2019-06-28 09:46:20.000000000,99927,192,99852,192,99945,192,99643,192,99950,192,99640,192,99955,192,99584,192,99959,192,99561,192,99997,100,99551,100,100000,100,99510,100,100032,100,99360,100,100062,100,98903,100,100066,100,98838,100
2019-06-28 09:46:26.377914755,99927,292,99852,192,99945,192,99643,192,99950,192,99640,192,99955,192,99584,192,99959,192,99561,192,99997,100,99551,100,100000,100,99510,100,100032,100,99360,100,100062,100,98903,100,100066,100,98838,100
2019-06-28 09:46:30.000000000,99927,315,99852,215,99945,215,99643,215,99950,215,99640,215,99955,215,99584,215,99959,100,99561,100,99997,100,99551,100,100000,100,99510,100,100032,100,99360,100,100062,100,98903,100,100066,100,98838,100
2019-06-28 09:46:36.114183384,99927,315,99852,115,99945,215,99643,215,99950,215,99640,215,99955,215,99584,215,99959,100,99561,100,99997,100,99551,100,100000,100,99510,100,100032,100,99360,100,100062,100,98903,100,100066,100,98838,100
2019-06-28 09:46:36.471083432,99927,315,99852,115,99945,215,99643,215,99950,215,99640,215,99955,215,99584,215,99959,100,99561,100,99997,100,99551,100,100000,100,99510,100,100032,100,99360,100,100062,100,99045,100,100066,100,98903,100
2019-06-28 09:46:40.000000000,99927,659,99643,559,99945,100,99640,100,99950,100,99584,100,99955,100,99561,100,99959,100,99551,100,99997,100,99510,100,100000,100,99360,100,100032,100,99045,100,100062,100,98903,100,100066,100,98838,100
2019-06-28 09:46:50.000000000,99927,292,99643,192,99945,192,99640,192,99950,192,99584,192,99955,192,99561,192,99959,192,99551,192,99997,100,99510,100,100000,100,99360,100,100032,100,99045,100,100062,100,98903,100,100066,100,98838,100
2019-06-28 09:47:00.000000000,99927,292,99643,192,99945,192,99640,192,99950,192,99584,192,99955,192,99561,192,99959,192,99551,192,99997,100,99510,100,100000,100,99360,100,100032,100,99045,100,100062,100,98903,100,100066,100,98838,100
2019-06-28 09:47:10.000000000,99927,430,99643,330,99945,330,99640,330,99950,100,99584,100,99955,100,99561,100,99959,100,99551,100,99997,100,99510,100,100000,100,99360,100,100032,100,99045,100,100062,100,98903,100,100066,100,98838,100
2019-06-28 09:47:20.000000000,99927,430,99643,330,99945,330,99640,330,99950,100,99584,100,99955,100,99561,100,99959,100,99551,100,99997,100,99510,100,100000,100,99360,100,100032,100,99045,100,100062,100,98903,100,100066,100,98838,100
2019-06-28 09:47:28.120737339,99927,430,99643,330,99945,330,99640,330,99950,100,99584,100,99955,100,99561,100,99959,100,99551,100,99997,100,99510,100,100000,100,99360,100,100032,100,99045,100,100062,100,98903,100,100066,100,98838,100
2019-06-28 09:47:30.000000000,99927,356,99643,256,99945,251,99640,251,99950,251,99584,251,99955,100,99561,100,99959,100,99551,100,99997,100,99510,100,100000,100,99360,100,100032,100,99045,100,100062,100,98903,100,100066,100,98838,100
2019-06-28 09:47:40.000000000,99927,292,99643,192,99945,192,99640,192,99950,192,99584,192,99955,192,99561,192,99959,192,99551,192,99997,100,99510,100,100000,100,99360,100,100032,100,99045,100,100062,100,98903,100,100066,100,98838,100
2019-06-28 09:47:50.000000000,99927,659,99643,559,99945,100,99640,100,99950,100,99584,100,99955,100,99561,100,99959,100,99551,100,99997,100,99510,100,100000,100,99360,100,100032,100,99045,100,100062,100,98903,100,100066,100,98838,100
2019-06-28 09:47:57.148886794,99927,659,99643,459,99945,100,99640,100,99950,100,99584,100,99955,100,99561,100,99959,100,99551,100,99997,100,99510,100,100000,100,99360,100,100032,100,99045,100,100062,100,98838,100,100066,100,98577,100
2019-06-28 09:48:00.000000000,99927,315,99640,215,99945,215,99584,215,99950,215,99561,215,99955,215,99551,215,99959,100,99510,100,99997,100,99360,100,100000,100,99045,100,100032,100,98838,100,100062,100,98577,100,100066,100,,
2019-06-28 09:48:08.498558521,99927,315,99640,115,99945,215,99584,115,99950,215,99561,215,99955,215,99551,215,99959,100,99510,100,99997,100,99360,100,100000,100,99045,100,100032,100,98838,100,100062,100,98577,100,100066,100,,
2019-06-28 09:48:10.000000000,99927,315,99561,215,99945,215,99551,215,99950,215,99510,215,99955,215,99360,215,99959,100,99045,100,99997,100,98838,100,100000,100,98577,100,100032,100,,,100062,100,,,100066,100,,
2019-06-28 09:48:20.000000000,99927,356,99561,256,99945,251,99551,251,99950,251,99510,251,99955,100,99360,100,99959,100,99045,100,99997,100,98838,100,100000,100,98577,100,100032,100,,,100062,100,,,100066,100,,
2019-06-28 09:48:30.000000000,99927,659,99561,559,99945,100,99551,100,99950,100,99510,100,99955,100,99360,100,99959,100,99045,100,99997,100,98838,100,100000,100,98577,100,100032,100,,,100062,100,,,100066,100,,
2019-06-28 09:48:35.961333275,99927,659,99561,559,99945,100,99551,100,99950,100,99510,100,99955,100,99360,100,99959,100,99045,100,99997,100,98838,100,100000,100,98577,100,100032,100,98441,100,100062,100,,,100066,100,,
2019-06-28 09:48:38.596669454,99643,100,99561,559,99927,659,99551,100,99945,100,99510,100,99950,100,99360,100,99955,100,99045,100,99959,100,98838,100,99997,100,98577,100,100000,100,98441,100,100032,100,,,100062,100,,
2019-06-28 09:48:40.000000000,99643,330,99561,330,99927,430,99551,330,99945,100,99510,100,99950,100,99360,100,99955,100,99045,100,99959,100,98838,100,99997,100,98577,100,100000,100,98441,100,100032,100,,,100062,100,,
2019-06-28 09:48:50.000000000,99643,559,99561,559,99927,200,99551,100,99945,100,99510,100,99950,100,99360,100,99955,100,99045,100,99959,100,98838,100,99997,100,98577,100,100000,100,98441,100,100032,100,,,100062,100,,
2019-06-28 09:48:50.579564225,99643,559,99561,559,99927,200,99551,100,99945,100,99510,100,99950,100,99360,100,99955,100,99045,100,99959,100,98838,100,99997,100,98577,100,100000,100,98441,100,100032,100,98339,100,100066,100,,
2019-06-28 09:48:51.657282746,99643,559,99561,559,99927,200,99551,100,99945,100,99510,100,99950,100,99360,100,99955,100,99045,100,99959,100,98838,100,99997,100,98577,100,100000,100,98523,100,100032,100,98441,100,100066,100,98339,100
2019-06-28 09:48:52.438417035,99643,559,99561,559,99927,200,99510,100,99945,100,99360,100,99950,100,99045,100,99955,100,98838,100,99959,100,98625,100,99997,100,98577,100,100000,100,98523,100,100032,100,98441,100,100066,100,98339,100
2019-06-28 09:49:00.000000000,99643,215,99561,215,99927,315,99510,215,99945,215,99360,215,99950,215,99045,215,99955,100,98838,100,99959,100,98625,100,99997,100,98577,100,100000,100,98523,100,100032,100,98441,100,100066,100,98339,100
2019-06-28 09:49:10.000000000,99643,559,99561,559,99927,200,99510,100,99945,100,99360,100,99950,100,99045,100,99955,100,98838,100,99959,100,98625,100,99997,100,98577,100,100000,100,98523,100,100032,100,98441,100,100066,100,98339,100
2019-06-28 09:49:20.000000000,99643,559,99561,559,99927,200,99510,100,99945,100,99360,100,99950,100,99045,100,99955,100,98838,100,99959,100,98625,100,99997,100,98577,100,100000,100,98523,100,100032,100,98441,100,100066,100,98339,100
2019-06-28 09:49:30.000000000,99643,192,99561,192,99927,292,99510,192,99945,192,99360,192,99950,192,99045,192,99955,192,98838,192,99959,100,98625,100,99997,100,98577,100,100000,100,98523,100,100032,100,98441,100,100066,100,98339,100
2019-06-28 09:49:40.000000000,99643,192,99561,192,99927,292,99510,192,99945,192,99360,192,99950,192,99045,192,99955,192,98838,192,99959,100,98625,100,99997,100,98577,100,100000,100,98523,100,100032,100,98441,100,100066,100,98339,100
2019-06-28 09:49:50.000000000,99643,256,99561,256,99927,351,99510,251,99945,251,99360,251,99950,100,99045,100,99955,100,98838,100,99959,100,98625,100,99997,100,98577,100,100000,100,98523,100,100032,100,98441,100,100066,100,98339,100
2019-06-28 09:49:50.334117642,99643,256,99561,256,99927,351,99510,251,99945,251,99360,251,99950,100,99045,100,99955,100,98838,100,99959,100,98625,100,99997,100,98577,100,100000,100,98523,100,100032,100,98441,100,100084,100,98339,100
2019-06-28 09:49:57.396750842,99643,356,99561,256,99927,351,99510,251,99945,251,99360,251,99950,100,99045,100,99955,100,98838,100,99959,100,98625,100,99997,100,98577,100,100000,100,98523,100,100032,100,98441,100,100084,100,98339,100
2019-06-28 09:50:00.000000000,99643,315,99561,215,99927,315,99510,215,99945,215,99360,215,99950,215,99045,215,99955,100,98838,100,99959,100,98625,100,99997,100,98577,100,100000,100,98523,100,100032,100,98441,100,100084,100,98339,100
2019-06-28 09:50:10.000000000,99643,430,99561,330,99927,430,99510,330,99945,100,99360,100,99950,100,99045,100,99955,100,98838,100,99959,100,98625,100,99997,100,98577,100,100000,100,98523,100,100032,100,98441,100,100084,100,98339,100
2019-06-28 09:50:14.960956944,99643,430,99561,230,99927,430,99510,330,99945,100,99360,100,99950,100,99045,100,99955,100,98838,100,99959,100,98625,100,100000,100,98577,100,100032,100,98523,100,100084,100,98441,100,100134,100,98339,100
2019-06-28 09:50:20.000000000,99643,315,99510,215,99927,315,99360,215,99945,215,99045,215,99950,215,98838,215,99955,100,98625,100,99959,100,98577,100,100000,100,98523,100,100032,100,98441,100,100084,100,98339,100,100134,100,97920,100
2019-06-28 09:50:30.000000000,99643,356,99510,256,99927,351,99360,251,99945,251,99045,251,99950,100,98838,100,99955,100,98625,100,99959,100,98577,100,100000,100,98523,100,100032,100,98441,100,100084,100,98339,100,100134,100,97920,100
2019-06-28 09:50:33.800286249,99643,356,99510,256,99927,351,99360,251,99945,251,99045,251,99950,100,98838,100,99955,100,98625,100,99959,100,98577,100,100000,100,98523,100,100032,100,98441,100,100084,100,98339,100,100134,100,98102,100
2019-06-28 09:50:38.003926840,99640,100,99510,256,99643,356,99360,251,99927,351,99045,251,99945,251,98838,100,99950,100,98625,100,99955,100,98577,100,99959,100,98523,100,100000,100,98441,100,100032,100,98339,100,100084,100,98102,100
2019-06-28 09:50:40.000000000,99640,256,99510,256,99643,351,99360,251,99927,351,99045,251,99945,100,98838,100,99950,100,98625,100,99955,100,98577,100,99959,100,98523,100,100000,100,98441,100,100032,100,98339,100,100084,100,98102,100
2019-06-28 09:50:50.000000000,99640,192,99510,192,99643,292,99360,192,99927,292,99045,192,99945,192,98838,192,99950,192,98625,192,99955,100,98577,100,99959,100,98523,100,100000,100,98441,100,100032,100,98339,100,100084,100,98102,100
2019-06-28 09:51:00.000000000,99640,192,99510,192,99643,292,99360,192,99927,292,99045,192,99945,192,98838,192,99950,192,98625,192,99955,100,98577,100,99959,100,98523,100,100000,100,98441,100,100032,100,98339,100,100084,100,98102,100
2019-06-28 09:51:10.000000000,99640,192,99510,192,99643,292,99360,192,99927,292,99045,192,99945,192,98838,192,99950,192,98625,192,99955,100,98577,100,99959,100,98523,100,100000,100,98441,100,100032,100,98339,100,100084,100,98102,100
2019-06-28 09:51:20.000000000,99640,559,99510,559,99643,200,99360,100,99927,200,99045,100,99945,100,98838,100,99950,100,98625,100,99955,100,98577,100,99959,100,98523,100,100000,100,98441,100,100032,100,98339,100,100084,100,98102,100
2019-06-28 09:51:30.000000000,99640,215,99510,215,99643,315,99360,215,99927,315,99045,215,99945,215,98838,215,99950,100,98625,100,99955,100,98577,100,99959,100,98523,100,100000,100,98441,100,100032,100,98339,100,100084,100,98102,100
2019-06-28 09:51:36.982656746,99640,215,99510,115,99643,315,99360,215,99927,315,99045,215,99945,215,98838,215,99950,100,98625,100,99955,100,98577,100,99959,100,98523,100,100000,100,98441,100,100032,100,98339,100,100084,100,98102,100
2019-06-28 09:51:40.000000000,99640,330,99360,330,99643,430,99045,330,99927,200,98838,100,99945,100,98625,100,99950,100,98577,100,99955,100,98523,100,99959,100,98441,100,100000,100,98339,100,100032,100,98102,100,100084,100,97920,100
2019-06-28 09:51:40.663721528,99640,330,99360,230,99643,430,99045,330,99927,200,98838,100,99945,100,98625,100,99950,100,98577,100,99955,100,98523,100,99959,100,98441,100,100000,100,98339,100,100084,100,98102,100,100134,100,97920,100
2019-06-28 09:51:50.000000000,99640,330,99045,330,99643,430,98838,330,99927,200,98625,100,99945,100,98577,100,99950,100,98523,100,99955,100,98441,100,99959,100,98339,100,100000,100,98102,100,100084,100,97920,100,100134,100,,
2019-06-28 09:52:00.000000000,99640,192,99045,192,99643,292,98838,192,99927,292,98625,192,99945,192,98577,192,99950,192,98523,192,99955,100,98441,100,99959,100,98339,100,100000,100,98102,100,100084,100,97920,100,100134,100,,
2019-06-28 09:52:02.712196220,99212,100,99045,192,99640,192,98838,192,99643,292,98625,192,99927,292,98577,192,99945,192,98523,192,99950,192,98441,100,99955,100,98339,100,99959,100,98102,100,100000,100,97920,100,100084,100,,
2019-06-28 09:52:08.637241298,99212,100,99105,100,99640,192,99045,192,99643,292,98838,192,99927,292,98625,192,99945,192,98577,192,99950,192,98523,192,99955,100,98441,100,99959,100,98339,100,100000,100,98102,100,100084,100,97920,100
2019-06-28 09:52:10.000000000,99212,215,99105,215,99640,215,99045,215,99643,315,98838,215,99927,315,98625,215,99945,100,98577,100,99950,100,98523,100,99955,100,98441,100,99959,100,98339,100,100000,100,98102,100,100084,100,97920,100
2019-06-28 09:52:20.000000000,99212,330,99105,330,99640,330,99045,330,99643,200,98838,100,99927,200,98625,100,99945,100,98577,100,99950,100,98523,100,99955,100,98441,100,99959,100,98339,100,100000,100,98102,100,100084,100,97920,100
2019-06-28 09:52:21.270139558,99212,330,99105,330,99510,100,99045,330,99640,330,98838,100,99643,200,98625,100,99927,200,98577,100,99945,100,98523,100,99950,100,98441,100,99955,100,98339,100,99959,100,98102,100,100000,100,97920,100
2019-06-28 09:52:30.000000000,99212,215,99105,215,99510,215,99045,215,99640,215,98838,215,99643,315,98625,215,99927,200,98577,100,99945,100,98523,100,99950,100,98441,100,99955,100,98339,100,99959,100,98102,100,100000,100,97920,100
2019-06-28 09:52:34.562218972,99212,215,99105,115,99510,215,99045,215,99640,215,98838,215,99643,315,98625,215,99927,200,98577,100,99945,100,98523,100,99950,100,98441,100,99955,100,98339,100,99959,100,98102,100,100000,100,97920,100
2019-06-28 09:52:40.000000000,99212,559,99045,559,99510,100,98838,100,99640,100,98625,100,99643,200,98577,100,99927,200,98523,100,99945,100,98441,100,99950,100,98339,100,99955,100,98102,100,99959,100,97920,100,100000,100,,
2019-06-28 09:52:50.000000000,99212,330,99045,330,99510,330,98838,330,99640,100,98625,100,99643,200,98577,100,99927,200,98523,100,99945,100,98441,100,99950,100,98339,100,99955,100,98102,100,99959,100,97920,100,100000,100,,
2019-06-28 09:53:00.000000000,99212,559,99045,559,99510,100,98838,100,99640,100,98625,100,99643,200,98577,100,99927,200,98523,100,99945,100,98441,100,99950,100,98339,100,99955,100,98102,100,99959,100,97920,100,100000,100,,
2019-06-28 09:53:10.000000000,99212,559,99045,559,99510,100,98838,100,99640,100,98625,100,99643,200,98577,100,99927,200,98523,100,99945,100,98441,100,99950,100,98339,100,99955,100,98102,100,99959,100,97920,100,100000,100,,
2019-06-28 09:53:20.000000000,99212,559,99045,559,99510,100,98838,100,99640,100,98625,100,99643,200,98577,100,99927,200,98523,100,99945,100,98441,100,99950,100,98339,100,99955,100,98102,100,99959,100,97920,100,100000,100,,
2019-06-28 09:53:20.463430860,99212,559,99045,559,99360,100,98838,100,99510,100,98625,100,99640,100,98577,100,99643,200,98523,100,99927,200,98441,100,99945,100,98339,100,99950,100,98102,100,99955,100,97920,100,99959,100,,
2019-06-28 09:53:30.000000000,99212,559,99045,559,99360,100,98838,100,99510,100,98625,100,99640,100,98577,100,99643,200,98523,100,99927,200,98441,100,99945,100,98339,100,99950,100,98102,100,99955,100,97920,100,99959,100,,
2019-06-28 09:53:39.564583828,99212,559,99211,100,99360,100,99045,559,99510,100,98838,100,99640,100,98625,100,99643,200,98577,100,99927,200,98523,100,99945,100,98441,100,99950,100,98339,100,99955,100,98102,100,99959,100,97920,100
2019-06-28 09:53:40.000000000,99212,192,99211,192,99360,192,99045,192,99510,192,98838,192,99640,192,98625,192,99643,292,98577,192,99927,200,98523,100,99945,100,98441,100,99950,100,98339,100,99955,100,98102,100,99959,100,97920,100
2019-06-28 09:53:50.000000000,99212,192,99211,192,99360,192,99045,192,99510,192,98838,192,99640,192,98625,192,99643,292,98577,192,99927,200,98523,100,99945,100,98441,100,99950,100,98339,100,99955,100,98102,100,99959,100,97920,100
2019-06-28 09:53:53.778810153,99212,192,99211,192,99252,100,99045,192,99360,192,98838,192,99510,192,98625,192,99640,192,98577,192,99643,292,98523,100,99927,200,98441,100,99945,100,98339,100,99950,100,98102,100,99955,100,97920,100
2019-06-28 09:54:00.000000000,99212,256,99211,256,99252,251,99045,251,99360,251,98838,251,99510,100,98625,100,99640,100,98577,100,99643,200,98523,100,99927,200,98441,100,99945,100,98339,100,99950,100,98102,100,99955,100,97920,100
2019-06-28 09:54:10.000000000,99212,330,99211,330,99252,330,99045,330,99360,100,98838,100,99510,100,98625,100,99640,100,98577,100,99643,200,98523,100,99927,200,98441,100,99945,100,98339,100,99950,100,98102,100,99955,100,97920,100
2019-06-28 09:54:20.000000000,99212,215,99211,215,99252,215,99045,215,99360,215,98838,215,99510,215,98625,215,99640,100,98577,100,99643,200,98523,100,99927,200,98441,100,99945,100,98339,100,99950,100,98102,100,99955,100,97920,100
2019-06-28 09:54:30.000000000,99212,192,99211,192,99252,192,99045,192,99360,192,98838,192,99510,192,98625,192,99640,192,98577,192,99643,200,98523,100,99927,200,98441,100,99945,100,98339,100,99950,100,98102,100,99955,100,97920,100
2019-06-28 09:54:40.000000000,99212,192,99211,192,99252,192,99045,192,99360,192,98838,192,99510,192,98625,192,99640,192,98577,192,99643,200,98523,100,99927,200,98441,100,99945,100,98339,100,99950,100,98102,100,99955,100,97920,100
2019-06-28 09:54:50.000000000,99212,256,99211,256,99252,251,99045,251,99360,251,98838,251,99510,100,98625,100,99640,100,98577,100,99643,200,98523,100,99927,200,98441,100,99945,100,98339,100,99950,100,98102,100,99955,100,97920,100
2019-06-28 09:54:57.182573775,99212,256,99211,256,99252,251,99045,251,99360,251,98838,251,99510,100,98625,100,99527,100,98577,100,99640,100,98523,100,99643,200,98441,100,99927,200,98339,100,99945,100,98102,100,99950,100,97920,100
2019-06-28 09:54:59.709987422,99212,56,99211,256,99252,251,99045,251,99360,251,98838,251,99510,100,98625,100,99527,100,98577,100,99640,100,98523,100,99643,200,98441,100,99927,200,98339,100,99945,100,98102,100,99950,100,97920,100
2019-06-28 09:55:00.000000000,99252,215,99211,215,99360,215,99045,215,99510,215,98838,215,99527,215,98625,215,99640,100,98577,100,99643,200,98523,100,99927,200,98441,100,99945,100,98339,100,99950,100,98102,100,99955,100,97920,100
2019-06-28 09:55:05.915031457,99252,215,99211,115,99360,215,99045,215,99510,215,98838,215,99527,215,98625,215,99640,100,98577,100,99643,100,98523,100,99927,200,98441,100,99945,100,98339,100,99950,100,98102,100,99955,100,97920,100
2019-06-28 09:55:10.000000000,99252,215,99045,215,99360,215,98838,215,99510,215,98625,215,99527,215,98577,215,99640,100,98523,100,99643,100,98441,100,99927,200,98339,100,99945,100,98102,100,99950,100,97920,100,99955,100,,
2019-06-28 09:55:14.676033903,99252,115,99045,215,99360,215,98838,215,99510,215,98625,215,99527,215,98577,215,99640,100,98523,100,99643,100,98441,100,99927,200,98339,100,99945,100,98102,100,99950,100,97920,100,99955,100,,
2019-06-28 09:55:20.000000000,99360,330,99045,330,99510,330,98838,330,99527,100,98625,100,99640,100,98577,100,99643,100,98523,100,99927,200,98441,100,99945,100,98339,100,99950,100,98102,100,99955,100,97920,100,99959,100,,
2019-06-28 09:55:30.000000000,99360,192,99045,192,99510,192,98838,192,99527,192,98625,192,99640,192,98577,192,99643,192,98523,192,99927,200,98441,100,99945,100,98339,100,99950,100,98102,100,99955,100,97920,100,99959,100,,
2019-06-28 09:55:40.000000000,99360,192,99045,192,99510,192,98838,192,99527,192,98625,192,99640,192,98577,192,99643,192,98523,192,99927,200,98441,100,99945,100,98339,100,99950,100,98102,100,99955,100,97920,100,99959,100,,
2019-06-28 09:55:42.626795381,99360,192,99337,100,99510,192,99045,192,99527,192,98838,192,99640,192,98625,192,99643,192,98577,192,99927,200,98523,92,99945,100,98441,100,99950,100,98339,100,99955,100,98102,100,99959,100,97920,100
2019-06-28 09:55:50.000000000,99360,559,99337,559,99510,100,99045,100,99527,100,98838,100,99640,100,98625,100,99643,100,98577,100,99927,200,98441,100,99945,100,98339,100,99950,100,98102,100,99955,100,97920,100,99959,100,,
2019-06-28 09:56:00.000000000,99360,215,99337,215,99510,215,99045,215,99527,215,98838,215,99640,215,98625,215,99643,100,98577,100,99927,200,98441,100,99945,100,98339,100,99950,100,98102,100,99955,100,97920,100,99959,100,,
2019-06-28 09:56:10.000000000,99360,192,99337,192,99510,192,99045,192,99527,192,98838,192,99640,192,98625,192,99643,192,98577,192,99927,200,98441,100,99945,100,98339,100,99950,100,98102,100,99955,100,97920,100,99959,100,,
2019-06-28 09:56:20.000000000,99360,330,99337,330,99510,330,99045,330,99527,100,98838,100,99640,100,98625,100,99643,100,98577,100,99927,200,98441,100,99945,100,98339,100,99950,100,98102,100,99955,100,97920,100,99959,100,,
2019-06-28 09:56:30.000000000,99360,215,99337,215,99510,215,99045,215,99527,215,98838,215,99640,215,98625,215,99643,100,98577,100,99927,200,98441,100,99945,100,98339,100,99950,100,98102,100,99955,100,97920,100,99959,100,,
2019-06-28 09:56:35.280841487,99360,115,99337,215,99510,215,99045,215,99527,215,98838,215,99640,215,98625,215,99643,100,98577,100,99927,200,98441,100,99945,100,98339,100,99950,100,98102,100,99955,100,97920,100,99959,100,,
2019-06-28 09:56:40.000000000,99510,256,99337,256,99527,251,99045,251,99640,251,98838,251,99643,100,98625,100,99927,200,98577,100,99945,100,98441,100,99950,100,98339,100,99955,100,98102,100,99959,100,97920,100,100000,100,,
2019-06-28 09:56:43.883915437,99510,256,99337,256,99527,251,99045,251,99640,251,98838,251,99643,100,98625,100,99763,100,98577,100,99927,200,98441,100,99945,100,98339,100,99950,100,98102,100,99955,100,97920,100,99959,100,,
2019-06-28 09:56:44.496939570,99510,156,99337,256,99527,251,99045,251,99640,251,98838,251,99643,100,98625,100,99763,100,98577,100,99927,200,98441,100,99945,100,98339,100,99950,100,98102,100,99955,100,97920,100,99959,100,,
2019-06-28 09:56:50.000000000,99527,330,99337,330,99640,330,99045,330,99643,100,98838,100,99763,100,98625,100,99927,200,98577,100,99945,100,98441,100,99950,100,98339,100,99955,100,98102,100,99959,100,97920,100,100000,100,,
2019-06-28 09:56:54.820866034,99527,230,99337,330,99640,330,99045,330,99643,100,98838,100,99763,100,98625,100,99927,200,98577,100,99945,100,98441,100,99950,100,98339,100,99955,100,98102,100,99959,100,97920,100,100000,100,,
2019-06-28 09:56:56.867239597,99527,230,99360,100,99640,330,99337,330,99643,100,99045,330,99763,100,98838,100,99927,200,98625,100,99945,100,98577,100,99950,100,98441,100,99955,100,98339,100,99959,100,98102,100,100000,100,97920,100
2019-06-28 09:57:00.000000000,99640,192,99360,192,99643,192,99337,192,99763,192,99045,192,99927,292,98838,192,99945,192,98625,192,99950,100,98577,100,99955,100,98441,100,99959,100,98339,100,100000,100,98102,100,100084,100,97920,100
2019-06-28 09:57:06.454020001,99640,192,99360,192,99643,192,99337,192,99763,192,99045,92,99927,292,98838,192,99945,192,98625,192,99950,100,98577,100,99955,100,98441,100,99959,100,98339,100,100000,100,98102,100,100084,100,97920,100
2019-06-28 09:57:10.000000000,99640,256,99360,256,99643,251,99337,251,99763,251,98838,251,99927,200,98625,100,99945,100,98577,100,99950,100,98441,100,99955,100,98339,100,99959,100,98102,100,100000,100,97920,100,100084,100,,
2019-06-28 09:57:20.000000000,99640,559,99360,559,99643,100,99337,100,99763,100,98838,100,99927,200,98625,100,99945,100,98577,100,99950,100,98441,100,99955,100,98339,100,99959,100,98102,100,100000,100,97920,100,100084,100,,
2019-06-28 09:57:20.607928241,99640,559,99360,659,99643,100,99337,100,99763,100,98838,100,99927,200,98625,100,99945,100,98577,100,99950,100,98441,100,99955,100,98339,100,99959,100,98102,100,100000,100,97920,100,100084,100,,
2019-06-28 09:57:29.680550673,99640,559,99360,759,99643,100,99337,100,99763,100,98838,100,99927,200,98625,100,99945,100,98577,100,99950,100,98441,100,99955,100,98339,100,99959,100,98102,100,100000,100,97920,100,100084,100,,
2019-06-28 09:57:30.000000000,99640,215,99360,415,99643,215,99337,215,99763,215,98838,215,99927,315,98625,215,99945,100,98577,100,99950,100,98441,100,99955,100,98339,100,99959,100,98102,100,100000,100,97920,100,100084,100,,
2019-06-28 09:57:40.000000000,99640,192,99360,392,99643,192,99337,192,99763,192,98838,192,99927,292,98625,192,99945,192,98577,192,99950,100,98441,100,99955,100,98339,100,99959,100,98102,100,100000,100,97920,100,100084,100,,
2019-06-28 09:57:50.000000000,99640,330,99360,530,99643,330,99337,330,99763,100,98838,100,99927,200,98625,100,99945,100,98577,100,99950,100,98441,100,99955,100,98339,100,99959,100,98102,100,100000,100,97920,100,100084,100,,
2019-06-28 09:57:57.788075040,99640,330,99360,530,99643,330,99337,330,99763,100,98838,100,99927,200,98625,100,99945,100,98577,100,99950,100,98441,100,99955,100,98339,100,99959,100,98102,100,100000,100,97920,100,100084,100,,
2019-06-28 09:58:00.000000000,99640,215,99360,415,99643,215,99337,215,99763,215,98838,215,99927,315,98625,215,99945,100,98577,100,99950,100,98441,100,99955,100,98339,100,99959,100,98102,100,100000,100,97920,100,100084,100,,
2019-06-28 09:58:01.307629594,99640,215,99360,515,99643,215,99337,215,99763,215,98838,215,99927,315,98625,215,99945,100,98577,100,99950,100,98441,100,99955,100,98339,100,99959,100,98102,100,100000,100,97920,100,100084,100,,
2019-06-28 09:58:10.000000000,99640,192,99360,492,99643,192,99337,192,99763,192,98838,192,99927,292,98625,192,99945,192,98577,192,99950,100,98441,100,99955,100,98339,100,99959,100,98102,100,100000,100,97920,100,100084,100,,
2019-06-28 09:58:20.000000000,99640,192,99360,492,99643,192,99337,192,99763,192,98838,192,99927,292,98625,192,99945,192,98577,192,99950,100,98441,100,99955,100,98339,100,99959,100,98102,100,100000,100,97920,100,100084,100,,
2019-06-28 09:58:21.717571082,99640,192,99360,492,99643,192,99337,192,99763,192,98838,192,99927,292,98625,192,99945,192,98577,192,99950,100,98441,100,99955,100,98339,100,99959,100,97920,100,100000,100,,,100084,100,,
2019-06-28 09:58:21.982400941,99640,92,99360,492,99643,192,99337,192,99763,192,98838,192,99927,292,98625,192,99945,192,98577,192,99950,100,98441,100,99955,100,98339,100,99959,100,97920,100,100000,100,,,100084,100,,
2019-06-28 09:58:30.000000000,99643,192,99360,492,99763,192,99337,192,99927,292,98838,192,99945,192,98625,192,99950,192,98577,192,99955,100,98441,100,99959,100,98339,100,100000,100,97920,100,100084,100,,,100134,100,,
2019-06-28 09:58:40.000000000,99643,256,99360,556,99763,251,99337,251,99927,351,98838,251,99945,100,98625,100,99950,100,98577,100,99955,100,98441,100,99959,100,98339,100,100000,100,97920,100,100084,100,,,100134,100,,
2019-06-28 09:58:43.070959274,99643,156,99360,556,99763,251,99337,251,99927,351,98838,251,99945,100,98625,100,99950,100,98577,100,99955,100,98441,100,99959,100,98339,100,100000,100,97920,100,100084,100,,,100134,100,,
2019-06-28 09:58:50.000000000,99763,330,99360,630,99927,430,99337,330,99945,100,98838,100,99950,100,98625,100,99955,100,98577,100,99959,100,98441,100,100000,100,98339,100,100084,100,97920,100,100134,100,,,100150,100,,
2019-06-28 09:58:57.714089132,99763,230,99360,630,99927,430,99337,330,99945,100,98838,100,99950,100,98625,100,99955,100,98577,100,99959,100,98441,100,100000,100,97920,100,100084,100,,,100134,100,,,100150,100,,
2019-06-28 09:59:00.000000000,99927,356,99360,556,99945,251,99337,251,99950,251,98838,251,99955,100,98625,100,99959,100,98577,100,100000,100,98441,100,100084,100,97920,100,100134,100,,,100150,100,,,100185,100,,
2019-06-28 09:59:02.291373661,99927,356,99643,100,99945,251,99360,556,99950,251,99337,251,99955,100,98838,251,99959,100,98625,100,100000,100,98577,100,100084,100,98441,100,100134,100,97920,100,100150,100,,,100185,100,,
2019-06-28 09:59:07.318154376,99927,256,99643,100,99945,251,99360,556,99950,251,99337,251,99955,100,98838,251,99959,100,98625,100,100000,100,98577,100,100084,100,98441,100,100134,100,97920,100,100150,100,,,100185,100,,
2019-06-28 09:59:09.517141654,99927,156,99643,100,99945,251,99360,556,99950,251,99337,251,99955,100,98838,251,99959,100,98625,100,100000,100,98577,100,100084,100,98441,100,100134,100,97920,100,100150,100,,,100185,100,,
2019-06-28 09:59:10.000000000,99945,330,99643,330,99950,330,99360,630,99955,100,99337,100,99959,100,98838,100,100000,100,98625,100,100084,100,98577,100,100134,100,98441,100,100150,100,97920,100,100185,100,,,100188,100,,
2019-06-28 09:59:16.462873426,99945,230,99643,330,99950,330,99360,630,99955,100,99337,100,99959,100,98838,100,100000,100,98625,100,100084,100,98577,100,100134,100,98441,100,100150,100,97920,100,100185,100,,,100188,100,,
2019-06-28 09:59:20.000000000,99950,559,99643,559,99955,100,99360,400,99959,100,99337,100,100000,100,98838,100,100084,100,98625,100,100134,100,98577,100,100150,100,98441,100,100185,100,97920,100,100188,100,,,100198,100,,
2019-06-28 09:59:30.000000000,99950,559,99643,559,99955,100,99360,400,99959,100,99337,100,100000,100,98838,100,100084,100,98625,100,100134,100,98577,100,100150,100,98441,100,100185,100,97920,100,100188,100,,,100198,100,,
2019-06-28 09:59:36.467998318,99950,559,99927,100,99955,100,99643,559,99959,100,99360,400,100000,100,99337,100,100084,100,98838,100,100134,100,98625,100,100150,100,98577,100,100185,100,98441,100,100188,100,97920,100,100198,100,,
2019-06-28 09:59:40.000000000,99950,215,99927,215,99955,215,99643,215,99959,215,99360,515,100000,215,99337,215,100084,100,98838,100,100134,100,98625,100,100150,100,98577,100,100185,100,98441,100,100188,100,97920,100,100198,100,,
2019-06-28 09:59:50.000000000,99950,215,99927,215,99955,215,99643,215,99959,215,99360,515,100000,215,99337,215,100084,100,98838,100,100134,100,98625,100,100150,100,98577,100,100185,100,98441,100,100188,100,97920,100,100198,100,,
2019-06-28 10:00:00.000000000,99950,559,99927,559,99955,100,99643,100,99959,100,99360,400,100000,100,99337,100,100084,100,98838,100,100134,100,98625,100,100150,100,98577,100,100185,100,98441,100,100188,100,97920,100,100198,100,,
2019-06-28 10:00:06.208294807,99950,459,99927,559,99955,100,99643,100,99959,100,99360,400,100000,100,99337,100,100084,100,98838,100,100134,100,98625,100,100150,100,98577,100,100188,100,98441,100,100198,100,97920,100,100767,100,,
2019-06-28 10:00:10.000000000,99955,215,99927,215,99959,215,99643,215,100000,215,99360,515,100084,215,99337,215,100134,100,98838,100,100150,100,98625,100,100188,100,98577,100,100198,100,98441,100,100767,100,97920,100,,,,
2019-06-28 10:00:20.000000000,99955,215,99927,215,99959,215,99643,215,100000,215,99360,515,100084,215,99337,215,100134,100,98838,100,100150,100,98625,100,100188,100,98577,100,100198,100,98441,100,100767,100,97920,100,,,,
2019-06-28 10:00:28.121988636,99955,215,99945,100,99959,215,99927,215,100000,215,99643,215,100084,215,99360,415,100134,100,99337,215,100150,100,98838,100,100188,100,98625,100,100198,100,98577,100,100767,100,98441,100,,,97920,100
2019-06-28 10:00:29.653707474,99955,115,99945,100,99959,215,99927,215,100000,215,99643,215,100084,215,99360,415,100134,100,99337,215,100150,100,98838,100,100188,100,98625,100,100198,100,98577,100,100767,100,98441,100,,,97920,100
2019-06-28 10:00:30.000000000,99959,330,99945,330,100000,330,99927,330,100084,100,99643,100,100134,100,99360,300,100150,100,99337,100,100188,100,98838,100,100198,100,98625,100,100767,100,98577,100,,,98441,100,,,97920,100
2019-06-28 10:00:40.000000000,99959,256,99945,256,100000,251,99927,251,100084,251,99643,251,100134,100,99360,300,100150,100,99337,100,100188,100,98838,100,100198,100,98625,100,100767,100,98577,100,,,98441,100,,,97920,100
2019-06-28 10:00:44.437970344,99959,156,99945,256,100000,251,99927,251,100084,251,99643,251,100134,100,99360,300,100150,100,99337,100,100188,100,98838,100,100198,100,98625,100,100767,100,98577,100,,,98441,100,,,97920,100
2019-06-28 10:00:49.295599595,99959,156,99945,256,100000,251,99927,251,100084,251,99643,251,100134,100,99360,200,100150,100,99337,100,100188,100,98838,100,100198,100,98625,100,100767,100,98577,100,,,98441,100,,,97920,100
2019-06-28 10:00:50.000000000,100000,559,99945,559,100084,100,99927,100,100134,100,99643,100,100150,100,99360,200,100188,100,99337,100,100198,100,98838,100,100767,100,98625,100,,,98577,100,,,98441,100,,,97920,100
2019-06-28 10:01:00.000000000,100000,559,99945,559,100084,100,99927,100,100134,100,99643,100,100150,100,99360,200,100188,100,99337,100,100198,100,98838,100,100767,100,98625,100,,,98577,100,,,98441,100,,,97920,100
2019-06-28 10:01:10.000000000,100000,215,99945,215,100084,215,99927,215,100134,215,99643,215,100150,215,99360,315,100188,100,99337,100,100198,100,98838,100,100767,100,98625,100,,,98577,100,,,98441,100,,,97920,100
2019-06-28 10:01:10.637347842,100000,215,99945,215,100084,215,99927,215,100134,215,99643,215,100150,215,99360,315,100188,100,99337,100,100198,100,98838,100,100767,100,98625,100,101167,100,98577,100,,,98441,100,,,97920,100
2019-06-28 10:01:20.000000000,100000,215,99945,215,100084,215,99927,215,100134,215,99643,215,100150,215,99360,315,100188,100,99337,100,100198,100,98838,100,100767,100,98625,100,101167,100,98577,100,,,98441,100,,,97920,100
2019-06-28 10:01:24.503258080,100000,115,99945,215,100084,215,99927,215,100134,215,99643,215,100150,215,99360,315,100188,100,99337,100,100198,100,98838,100,101167,100,98625,100,,,98577,100,,,98441,100,,,97920,100
2019-06-28 10:01:30.000000000,100084,330,99945,330,100134,330,99927,330,100150,100,99643,100,100188,100,99360,200,100198,100,99337,100,101167,100,98838,100,,,98625,100,,,98577,100,,,98441,100,,,97920,100
2019-06-28 10:01:32.791772702,100084,330,99945,330,100134,330,99927,330,100150,100,99643,100,100188,100,99360,200,100198,100,98838,100,101167,200,98625,100,,,98577,100,,,98441,100,,,97920,100,,,,
2019-06-28 10:01:39.356887997,100084,330,99959,100,100134,330,99945,330,100150,100,99927,330,100188,100,99643,100,100198,100,99360,200,101167,200,98838,100,,,98625,100,,,98577,100,,,98441,100,,,97920,100
2019-06-28 10:01:40.000000000,100084,192,99959,192,100134,192,99945,192,100150,192,99927,192,100188,192,99643,192,100198,192,99360,292,101167,200,98838,100,,,98625,100,,,98577,100,,,98441,100,,,97920,100
2019-06-28 10:01:50.000000000,100084,256,99959,256,100134,251,99945,251,100150,251,99927,251,100188,100,99643,100,100198,100,99360,200,101167,200,98838,100,,,98625,100,,,98577,100,,,98441,100,,,97920,100
2019-06-28 10:02:00.000000000,100084,192,99959,192,100134,192,99945,192,100150,192,99927,192,100188,192,99643,192,100198,192,99360,292,101167,200,98838,100,,,98625,100,,,98577,100,,,98441,100,,,97920,100
2019-06-28 10:02:10.000000000,100084,559,99959,559,100134,100,99945,100,100150,100,99927,100,100188,100,99643,100,100198,100,99360,200,101167,200,98838,100,,,98625,100,,,98577,100,,,98441,100,,,97920,100
2019-06-28 10:02:12.549364842,100084,559,99959,559,100134,100,99945,100,100150,100,99927,100,100188,100,99643,100,100198,100,99360,200,100318,100,98838,100,101167,200,98625,100,,,98577,100,,,98441,100,,,97920,100
2019-06-28 10:02:20.000000000,100084,192,99959,192,100134,192,99945,192,100150,192,99927,192,100188,192,99643,192,100198,192,99360,292,100318,100,98838,100,101167,200,98625,100,,,98577,100,,,98441,100,,,97920,100
2019-06-28 10:02:30.000000000,100084,192,99959,192,100134,192,99945,192,100150,192,99927,192,100188,192,99643,192,100198,192,99360,292,100318,100,98838,100,101167,200,98625,100,,,98577,100,,,98441,100,,,97920,100
2019-06-28 10:02:40.000000000,100084,559,99959,559,100134,100,99945,100,100150,100,99927,100,100188,100,99643,100,100198,100,99360,200,100318,100,98838,100,101167,200,98625,100,,,98577,100,,,98441,100,,,97920,100
2019-06-28 10:02:50.000000000,100084,192,99959,192,100134,192,99945,192,100150,192,99927,192,100188,192,99643,192,100198,192,99360,292,100318,100,98838,100,101167,200,98625,100,,,98577,100,,,98441,100,,,97920,100
2019-06-28 10:02:56.367355049,100084,92,99959,192,100134,192,99945,192,100150,192,99927,192,100188,192,99643,192,100198,192,99360,292,100318,100,98838,100,101167,200,98625,100,,,98577,100,,,98441,100,,,97920,100
2019-06-28 10:03:00.000000000,100134,256,99959,256,100150,251,99945,251,100188,251,99927,251,100198,100,99643,100,100318,100,99360,200,101167,200,98838,100,,,98625,100,,,98577,100,,,98441,100,,,97920,100
2019-06-28 10:03:08.146107061,100134,256,100000,100,100150,251,99959,256,100188,251,99945,251,100198,100,99927,251,100318,100,99643,100,101167,200,99360,200,,,98838,100,,,98625,100,,,98577,100,,,98441,100
2019-06-28 10:03:10.000000000,100134,256,100000,256,100150,251,99959,251,100188,251,99945,251,100198,100,99927,100,100318,100,99643,100,101167,200,99360,200,,,98838,100,,,98625,100,,,98577,100,,,98441,100
2019-06-28 10:03:18.112324939,100134,256,100000,256,100150,251,99959,251,100188,251,99945,251,100198,100,99927,100,100318,100,99360,200,101167,200,98838,100,,,98625,100,,,98577,100,,,98441,100,,,97920,100
2019-06-28 10:03:20.000000000,100134,330,100000,330,100150,330,99959,330,100188,100,99945,100,100198,100,99927,100,100318,100,99360,200,101167,200,98838,100,,,98625,100,,,98577,100,,,98441,100,,,97920,100
2019-06-28 10:03:30.000000000,100134,215,100000,215,100150,215,99959,215,100188,215,99945,215,100198,215,99927,215,100318,100,99360,200,101167,200,98838,100,,,98625,100,,,98577,100,,,98441,100,,,97920,100
2019-06-28 10:03:38.755843358,100134,115,100000,215,100150,215,99959,215,100188,215,99945,215,100198,215,99927,215,100318,100,99360,200,101167,200,98838,100,,,98625,100,,,98577,100,,,98441,100,,,97920,100
2019-06-28 10:03:40.000000000,100150,256,100000,256,100188,251,99959,251,100198,251,99945,251,100318,100,99927,100,101167,200,99360,200,,,98838,100,,,98625,100,,,98577,100,,,98441,100,,,97920,100
2019-06-28 10:03:46.512605581,100150,256,100084,100,100188,251,100000,256,100198,251,99959,251,100318,100,99945,251,101167,200,99927,100,,,99360,200,,,98838,100,,,98625,100,,,98577,100,,,98441,100
2019-06-28 10:03:50.000000000,100150,215,100084,215,100188,215,100000,215,100198,215,99959,215,100318,215,99945,215,101167,200,99927,100,,,99360,200,,,98838,100,,,98625,100,,,98577,100,,,98441,100
2019-06-28 10:03:52.310758220,100150,215,100084,215,100188,215,100000,215,100198,215,99959,215,100318,215,99945,215,100391,100,99927,100,101167,200,99360,200,,,98838,100,,,98625,100,,,98577,100,,,98441,100
2019-06-28 10:03:56.782318173,100150,115,100084,215,100188,215,100071,100,100198,215,100000,215,100318,215,99959,215,100391,100,99945,215,101167,200,99927,100,,,99360,200,,,98838,100,,,98625,100,,,98577,100
2019-06-28 10:04:00.000000000,100188,215,100084,215,100198,215,100071,215,100318,215,100000,215,100391,215,99959,215,101167,200,99945,100,,,99927,100,,,99360,200,,,98838,100,,,98625,100,,,98577,100
2019-06-28 10:04:10.000000000,100188,215,100084,215,100198,215,100071,215,100318,215,100000,215,100391,215,99959,215,101167,200,99945,100,,,99927,100,,,99360,200,,,98838,100,,,98625,100,,,98577,100
2019-06-28 10:04:20.000000000,100188,215,100084,215,100198,215,100071,215,100318,215,100000,215,100391,215,99959,215,101167,200,99945,100,,,99927,100,,,99360,200,,,98838,100,,,98625,100,,,98577,100
2019-06-28 10:04:21.763987091,100188,215,100084,215,100198,215,100071,215,100318,215,100000,215,100391,215,99964,100,101167,200,99959,215,,,99945,100,,,99927,100,,,99360,200,,,98838,100,,,98625,100
2019-06-28 10:04:30.000000000,100188,215,100084,215,100198,215,100071,215,100318,215,100000,215,100391,215,99964,215,101167,200,99959,100,,,99945,100,,,99927,100,,,99360,200,,,98838,100,,,98625,100
2019-06-28 10:04:35.346080596,100188,215,100084,215,100198,215,100071,215,100318,215,100000,215,100391,215,99964,215,100464,100,99959,100,101167,200,99945,100,,,99927,100,,,99360,200,,,98838,100,,,98625,100
2019-06-28 10:04:40.000000000,100188,192,100084,192,100198,192,100071,192,100318,192,100000,192,100391,192,99964,192,100464,192,99959,192,101167,200,99945,100,,,99927,100,,,99360,200,,,98838,100,,,98625,100
2019-06-28 10:04:46.881652229,100188,192,100084,292,100198,192,100071,192,100318,192,100000,192,100391,192,99964,192,100464,192,99959,192,101167,200,99945,100,,,99927,100,,,99360,200,,,98838,100,,,98625,100
2019-06-28 10:04:50.000000000,100188,330,100084,430,100198,330,100071,330,100318,100,100000,100,100391,100,99964,100,100464,100,99959,100,101167,200,99945,100,,,99927,100,,,99360,200,,,98838,100,,,98625,100
2019-06-28 10:05:00.000000000,100188,559,100084,659,100198,100,100071,100,100318,100,100000,100,100391,100,99964,100,100464,100,99959,100,101167,200,99945,100,,,99927,100,,,99360,200,,,98838,100,,,98625,100
2019-06-28 10:05:10.000000000,100188,330,100084,430,100198,330,100071,330,100318,100,100000,100,100391,100,99964,100,100464,100,99959,100,101167,200,99945,100,,,99927,100,,,99360,200,,,98838,100,,,98625,100
2019-06-28 10:05:20.000000000,100188,330,100084,430,100198,330,100071,330,100318,100,100000,100,100391,100,99964,100,100464,100,99959,100,101167,200,99945,100,,,99927,100,,,99360,200,,,98838,100,,,98625,100
2019-06-28 10:05:30.000000000,100188,215,100084,315,100198,215,100071,215,100318,215,100000,215,100391,215,99964,215,100464,100,99959,100,101167,200,99945,100,,,99927,100,,,99360,200,,,98838,100,,,98625,100
2019-06-28 10:05:39.004602614,100188,215,100084,215,100198,215,100071,215,100318,215,100000,215,100391,215,99964,215,100464,100,99959,100,101167,200,99945,100,,,99927,100,,,99360,200,,,98838,100,,,98625,100
2019-06-28 10:05:40.000000000,100188,215,100084,215,100198,215,100071,215,100318,215,100000,215,100391,215,99964,215,100464,100,99959,100,101167,200,99945,100,,,99927,100,,,99360,200,,,98838,100,,,98625,100
2019-06-28 10:05:43.366265697,100188,215,100084,215,100198,215,100071,215,100318,215,100000,215,100391,215,99964,215,100464,100,99959,100,101167,200,99945,100,,,99927,100,,,99708,100,,,99360,200,,,98838,100
2019-06-28 10:05:50.000000000,100188,256,100084,256,100198,251,100071,251,100318,251,100000,251,100391,100,99964,100,100464,100,99959,100,101167,200,99945,100,,,99927,100,,,99708,100,,,99360,200,,,98838,100
2019-06-28 10:06:00.000000000,100188,215,100084,215,100198,215,100071,215,100318,215,100000,215,100391,215,99964,215,100464,100,99959,100,101167,200,99945,100,,,99927,100,,,99708,100,,,99360,200,,,98838,100
2019-06-28 10:06:10.000000000,100188,559,100084,559,100198,100,100071,100,100318,100,100000,100,100391,100,99964,100,100464,100,99959,100,101167,200,99945,100,,,99927,100,,,99708,100,,,99360,200,,,98838,100
2019-06-28 10:06:20.000000000,100188,559,100084,559,100198,100,100071,100,100318,100,100000,100,100391,100,99964,100,100464,100,99959,100,101167,200,99945,100,,,99927,100,,,99708,100,,,99360,200,,,98838,100
2019-06-28 10:06:30.000000000,100188,256,100084,256,100198,251,100071,251,100318,251,100000,251,100391,100,99964,100,100464,100,99959,100,101167,200,99945,100,,,99927,100,,,99708,100,,,99360,200,,,98838,100
2019-06-28 10:06:37.199065811,100188,256,100085,100,100198,251,100084,256,100318,251,100071,251,100391,100,100000,251,100464,100,99964,100,101167,200,99959,100,,,99945,100,,,99927,100,,,99708,100,,,99360,200
2019-06-28 10:06:37.662627196,100188,256,100085,100,100198,251,100084,256,100318,251,100071,251,100391,100,100000,251,100464,100,99964,100,101167,200,99959,100,,,99945,100,,,99927,100,,,99860,100,,,99708,100
2019-06-28 10:06:40.000000000,100188,215,100085,215,100198,215,100084,215,100318,215,100071,215,100391,215,100000,215,100464,100,99964,100,101167,200,99959,100,,,99945,100,,,99927,100,,,99860,100,,,99708,100
2019-06-28 10:06:50.000000000,100188,192,100085,192,100198,192,100084,192,100318,192,100071,192,100391,192,100000,192,100464,192,99964,192,101167,200,99959,100,,,99945,100,,,99927,100,,,99860,100,,,99708,100
2019-06-28 10:06:59.090296739,100188,192,100085,292,100198,192,100084,192,100318,192,100071,192,100391,192,100000,192,100464,192,99964,192,101167,200,99945,100,,,99927,100,,,99860,100,,,99708,100,,,99360,200
2019-06-28 10:07:00.000000000,100188,330,100085,430,100198,330,100084,330,100318,100,100071,100,100391,100,100000,100,100464,100,99964,100,101167,200,99945,100,,,99927,100,,,99860,100,,,99708,100,,,99360,200
2019-06-28 10:07:10.000000000,100188,330,100085,430,100198,330,100084,330,100318,100,100071,100,100391,100,100000,100,100464,100,99964,100,101167,200,99945,100,,,99927,100,,,99860,100,,,99708,100,,,99360,200
2019-06-28 10:07:20.000000000,100188,192,100085,292,100198,192,100084,192,100318,192,100071,192,100391,192,100000,192,100464,192,99964,192,101167,200,99945,100,,,99927,100,,,99860,100,,,99708,100,,,99360,200
2019-06-28 10:07:30.000000000,100188,215,100085,315,100198,215,100084,215,100318,215,100071,215,100391,215,100000,215,100464,100,99964,100,101167,200,99945,100,,,99927,100,,,99860,100,,,99708,100,,,99360,200
2019-06-28 10:07:37.967559041,100188,115,100085,315,100198,215,100084,215,100318,215,100071,215,100391,215,100000,215,100464,100,99964,100,101167,200,99945,100,,,99927,100,,,99860,100,,,99708,100,,,99360,200
2019-06-28 10:07:40.000000000,100198,256,100085,356,100318,251,100084,251,100391,251,100071,251,100464,100,100000,100,101167,200,99964,100,,,99945,100,,,99927,100,,,99860,100,,,99708,100,,,99360,200
2019-06-28 10:07:46.383354384,100198,256,100086,100,100318,251,100085,356,100391,251,100084,251,100464,100,100071,251,101167,200,100000,100,,,99964,100,,,99945,100,,,99927,100,,,99860,100,,,99708,100
2019-06-28 10:07:50.000000000,100198,215,100086,215,100318,215,100085,315,100391,215,100084,215,100464,215,100071,215,101167,200,100000,100,,,99964,100,,,99945,100,,,99927,100,,,99860,100,,,99708,100
2019-06-28 10:08:00.000000000,100198,330,100086,330,100318,330,100085,430,100391,100,100084,100,100464,100,100071,100,101167,200,100000,100,,,99964,100,,,99945,100,,,99927,100,,,99860,100,,,99708,100
2019-06-28 10:08:10.000000000,100198,256,100086,256,100318,251,100085,351,100391,251,100084,251,100464,100,100071,100,101167,200,100000,100,,,99964,100,,,99945,100,,,99927,100,,,99860,100,,,99708,100
2019-06-28 10:08:15.117973447,100198,256,100086,256,100318,251,100085,351,100391,251,100084,251,100464,100,100071,100,101167,200,100000,100,,,99964,100,,,99945,100,,,99928,100,,,99927,100,,,99860,100
2019-06-28 10:08:15.659579350,100198,256,100086,256,100318,251,100085,351,100342,100,100084,251,100391,251,100071,100,100464,100,100000,100,101167,200,99964,100,,,99945,100,,,99928,100,,,99927,100,,,99860,100
2019-06-28 10:08:18.306610524,100198,256,100086,256,100286,100,100085,351,100318,251,100084,251,100342,100,100071,100,100391,251,100000,100,100464,100,99964,100,101167,200,99945,100,,,99928,100,,,99927,100,,,99860,100
2019-06-28 10:08:20.000000000,100198,256,100086,256,100286,251,100085,351,100318,251,100084,251,100342,100,100071,100,100391,100,100000,100,100464,100,99964,100,101167,200,99945,100,,,99928,100,,,99927,100,,,99860,100
2019-06-28 10:08:23.165563615,100198,256,100086,256,100286,251,100085,351,100318,251,100084,251,100342,100,100071,100,100391,100,99964,100,100464,100,99945,100,101167,200,99928,100,,,99927,100,,,99860,100,,,99708,100
2019-06-28 10:08:30.000000000,100198,559,100086,559,100286,100,100085,200,100318,100,100084,100,100342,100,100071,100,100391,100,99964,100,100464,100,99945,100,101167,200,99928,100,,,99927,100,,,99860,100,,,99708,100
2019-06-28 10:08:40.000000000,100198,256,100086,256,100286,251,100085,351,100318,251,100084,251,100342,100,100071,100,100391,100,99964,100,100464,100,99945,100,101167,200,99928,100,,,99927,100,,,99860,100,,,99708,100
2019-06-28 10:08:40.421499386,100198,256,100086,156,100286,251,100085,351,100318,251,100084,251,100342,100,100071,100,100391,100,99964,100,100464,100,99945,100,101167,200,99928,100,,,99927,100,,,99860,100,,,99708,100
2019-06-28 10:08:50.000000000,100198,215,100085,315,100286,215,100084,215,100318,215,100071,215,100342,215,99964,215,100391,100,99945,100,100464,100,99928,100,101167,200,99927,100,,,99860,100,,,99708,100,,,99360,200
2019-06-28 10:08:52.178882722,100198,215,100085,215,100286,215,100084,215,100318,215,100071,215,100342,215,99964,215,100391,100,99945,100,100464,100,99928,100,101167,200,99927,100,,,99860,100,,,99708,100,,,99360,200
2019-06-28 10:09:00.000000000,100198,256,100085,256,100286,251,100084,251,100318,251,100071,251,100342,100,99964,100,100391,100,99945,100,100464,100,99928,100,101167,200,99927,100,,,99860,100,,,99708,100,,,99360,200
2019-06-28 10:09:08.562572907,100198,256,100085,256,100286,251,100084,151,100318,251,100071,251,100342,100,99964,100,100391,100,99945,100,100464,100,99928,100,101167,200,99927,100,,,99860,100,,,99708,100,,,99360,200
2019-06-28 10:09:10.000000000,100198,215,100085,215,100286,215,100071,215,100318,215,99964,215,100342,215,99945,215,100391,100,99928,100,100464,100,99927,100,101167,200,99860,100,,,99708,100,,,99360,200,,,98838,100
2019-06-28 10:09:20.000000000,100198,330,100085,330,100286,330,100071,330,100318,100,99964,100,100342,100,99945,100,100391,100,99928,100,100464,100,99927,100,101167,200,99860,100,,,99708,100,,,99360,200,,,98838,100
2019-06-28 10:09:21.003107402,100198,330,100125,100,100286,330,100085,330,100318,100,100071,330,100391,100,99964,100,100464,100,99945,100,101167,200,99928,100,,,99927,100,,,99860,100,,,99708,100,,,99360,200
2019-06-28 10:09:30.000000000,100198,192,100125,192,100286,192,100085,192,100318,192,100071,192,100391,192,99964,192,100464,192,99945,192,101167,200,99928,100,,,99927,100,,,99860,100,,,99708,100,,,99360,200
2019-06-28 10:09:34.960011079,100198,192,100125,192,100220,100,100085,192,100286,192,100071,192,100318,192,99964,192,100391,192,99945,192,100464,192,99928,100,101167,200,99927,100,,,99860,100,,,99708,100,,,99360,200
2019-06-28 10:09:40.000000000,100198,256,100125,256,100220,251,100085,251,100286,251,100071,251,100318,100,99964,100,100391,100,99945,100,100464,100,99928,100,101167,200,99927,100,,,99860,100,,,99708,100,,,99360,200
2019-06-28 10:09:40.621443282,100198,256,100125,256,100220,251,100085,251,100259,100,100071,251,100286,251,99964,100,100318,100,99945,100,100391,100,99928,100,100464,100,99927,100,101167,200,99860,100,,,99708,100,,,99360,200
2019-06-28 10:09:41.061687167,100198,256,100125,256,100220,251,100085,251,100259,100,100082,100,100286,251,100071,251,100318,100,99964,100,100391,100,99945,100,100464,100,99928,100,101167,200,99927,100,,,99860,100,,,99708,100
2019-06-28 10:09:48.633905663,100198,56,100125,256,100220,251,100085,251,100259,100,100082,100,100286,251,100071,251,100318,100,99964,100,100391,100,99945,100,100464,100,99928,100,101167,200,99927,100,,,99860,100,,,99708,100
2019-06-28 10:09:50.000000000,100220,256,100125,256,100259,251,100085,251,100286,251,100082,251,100318,100,100071,100,100391,100,99964,100,100464,100,99945,100,101167,200,99928,100,,,99927,100,,,99860,100,,,99708,100
2019-06-28 10:10:00.000000000,100220,330,100125,330,100259,330,100085,330,100286,100,100082,100,100318,100,100071,100,100391,100,99964,100,100464,100,99945,100,101167,200,99928,100,,,99927,100,,,99860,100,,,99708,100
2019-06-28 10:10:08.528461059,100220,330,100125,330,100259,330,100085,330,100286,100,100082,100,100318,100,100071,100,100391,100,99964,100,100464,100,99945,100,100820,100,99928,100,101167,200,99927,100,,,99860,100,,,99708,100
2019-06-28 10:10:10.000000000,100220,215,100125,215,100259,215,100085,215,100286,215,100082,215,100318,215,100071,215,100391,100,99964,100,100464,100,99945,100,100820,100,99928,100,101167,200,99927,100,,,99860,100,,,99708,100
2019-06-28 10:10:20.000000000,100220,192,100125,192,100259,192,100085,192,100286,192,100082,192,100318,192,100071,192,100391,192,99964,192,100464,100,99945,100,100820,100,99928,100,101167,200,99927,100,,,99860,100,,,99708,100
2019-06-28 10:10:26.924072082,100220,92,100125,192,100259,192,100085,192,100286,192,100082,192,100318,192,100071,192,100391,192,99964,192,100464,100,99945,100,100820,100,99928,100,101167,200,99927,100,,,99860,100,,,99708,100
