,ask_price_1,ask_size_1,bid_price_1,bid_size_1,ask_price_2,ask_size_2,bid_price_2,bid_size_2,ask_price_3,ask_size_3,bid_price_3,bid_size_3,ask_price_4,ask_size_4,bid_price_4,bid_size_4,ask_price_5,ask_size_5,bid_price_5,bid_size_5,ask_price_6,ask_size_6,bid_price_6,bid_size_6,ask_price_7,ask_size_7,bid_price_7,bid_size_7,ask_price_8,ask_size_8,bid_price_8,bid_size_8,ask_price_9,ask_size_9,bid_price_9,bid_size_9,ask_price_10,ask_size_10,bid_price_10,bid_size_10
2019-06-28 09:30:00.000000002,,,100039,100,,,,,,,,,,,,,,,,,,,,,,,,,,,,,,,,,,,,
2019-06-28 09:30:00.000000004,,,100052,100,,,100039,100,,,,,,,,,,,,,,,,,,,,,,,,,,,,,,,,
2019-06-28 09:30:00.000000006,100073,100,100052,100,100130,100,100039,100,100186,100,,,,,,,,,,,,,,,,,,,,,,,,,,,,,,
2019-06-28 09:30:00.000000009,100073,100,100052,100,100130,100,100039,100,100186,100,99887,100,,,,,,,,,,,,,,,,,,,,,,,,,,,,
2019-06-28 09:30:00.000000015,100073,100,100052,100,100130,100,100039,100,100186,100,99929,100,,,99887,100,,,99840,100,,,,,,,,,,,,,,,,,,,,
2019-06-28 09:30:00.000000016,100073,100,100052,100,100130,100,100039,100,100186,100,99944,100,,,99929,100,,,99887,100,,,99840,100,,,,,,,,,,,,,,,,
2019-06-28 09:30:00.000000017,100073,100,100039,100,100130,100,99944,100,100186,100,99929,100,,,99887,100,,,99840,100,,,,,,,,,,,,,,,,,,,,
2019-06-28 09:30:00.000000018,100073,100,100039,100,100130,100,99944,100,100186,100,99929,100,,,99887,200,,,99840,100,,,,,,,,,,,,,,,,,,,,
2019-06-28 09:30:00.000000019,100073,100,100039,100,100130,100,99944,100,100186,100,99929,100,,,99887,200,,,99880,100,,,99840,100,,,,,,,,,,,,,,,,
2019-06-28 09:30:00.000000020,100073,100,100039,100,100130,100,99996,100,100186,100,99944,100,,,99929,100,,,99887,200,,,99880,100,,,99840,100,,,,,,,,,,,,
2019-06-28 09:30:00.000000022,100073,100,100039,100,100085,100,99996,100,100119,100,99944,100,100130,100,99929,100,100186,100,99887,200,,,99880,100,,,99840,100,,,,,,,,,,,,
2019-06-28 09:30:00.000000023,100073,100,100039,100,100085,100,99996,100,100119,100,99982,100,100130,100,99944,100,100186,100,99929,100,,,99887,200,,,99880,100,,,99840,100,,,,,,,,
2019-06-28 09:30:00.000000027,100073,100,100039,100,100085,100,99996,100,100119,100,99982,100,100130,100,99944,100,100186,100,99929,100,,,99920,100,,,99887,200,,,99885,100,,,99880,100,,,99840,100
2019-06-28 09:30:00.000000028,100073,100,99996,100,100085,100,99982,100,100090,100,99944,100,100119,100,99929,100,100130,100,99920,100,100186,100,99887,200,,,99885,100,,,99880,100,,,99858,100,,,99840,100
2019-06-28 09:30:00.000000034,100073,100,99996,100,100085,100,99982,100,100090,100,99944,100,100119,100,99929,100,100130,100,99928,100,100186,100,99920,100,,,99887,200,,,99885,100,,,99880,100,,,99858,100
2019-06-28 09:30:00.000000038,100052,100,99996,100,100073,100,99982,100,100085,100,99944,100,100090,100,99929,100,100119,100,99928,100,100130,100,99920,100,100186,100,99887,200,,,99885,100,,,99880,100,,,99858,100
2019-06-28 09:30:00.000000039,100052,100,99996,100,100073,100,99982,100,100085,100,99944,100,100090,100,99929,100,100119,100,99928,100,100130,100,99920,100,100186,100,99887,200,100197,100,99885,100,,,99880,100,,,99858,100
2019-06-28 09:30:00.000000041,100012,100,99996,100,100052,100,99982,100,100073,100,99944,100,100085,100,99929,100,100090,100,99928,100,100119,100,99920,100,100130,100,99887,200,100186,100,99885,100,100197,100,99880,100,,,99858,100
2019-06-28 09:30:00.000000044,100012,100,99996,100,100052,100,99982,100,100073,100,99944,100,100085,100,99929,100,100090,100,99928,100,100119,100,99920,100,100130,100,99887,200,100142,100,99885,100,100186,100,99880,100,100197,100,99858,100
2019-06-28 09:30:00.000000045,100012,100,99996,100,100052,100,99982,100,100073,100,99944,100,100085,100,99929,100,100090,100,99928,100,100119,100,99920,100,100130,100,99913,100,100142,100,99887,200,100186,100,99885,100,100197,100,99880,100
2019-06-28 09:30:00.000000046,100012,100,99996,100,100052,100,99982,100,100073,100,99944,100,100085,100,99936,100,100090,100,99929,100,100119,100,99928,100,100130,100,99920,100,100142,100,99913,100,100186,100,99887,200,100197,100,99885,100
2019-06-28 09:30:00.000000047,100012,100,99996,100,100052,100,99982,100,100073,100,99944,100,100085,100,99936,200,100090,100,99929,100,100119,100,99928,100,100130,100,99921,100,100142,100,99920,100,100186,100,99913,100,100197,100,99887,200
2019-06-28 09:30:00.000000048,100012,100,99996,100,100052,200,99982,100,100073,100,99944,100,100085,100,99936,200,100090,100,99929,100,100119,100,99928,100,100130,100,99921,100,100142,100,99920,100,100186,100,99913,100,100197,100,99887,200
2019-06-28 09:30:00.000000049,100012,100,99996,100,100052,200,99982,100,100073,100,99944,100,100085,100,99936,200,100090,100,99929,100,100119,100,99928,100,100130,100,99921,100,100142,100,99920,100,100186,100,99913,100,100197,100,99887,200
2019-06-28 09:30:00.000000050,100012,100,99996,100,100052,200,99982,100,100073,100,99944,100,100085,100,99936,200,100090,100,99929,100,100119,100,99928,100,100130,100,99921,100,100142,100,99920,100,100186,100,99913,100,100197,100,99887,200
2019-06-28 09:30:00.000000052,100052,300,99996,100,100073,100,99982,100,100085,100,99944,100,100090,100,99936,200,100119,100,99929,100,100130,100,99928,100,100142,100,99921,100,100186,100,99920,100,100197,100,99913,100,,,99887,200
2019-06-28 09:30:00.000000053,100052,300,99996,100,100073,100,99982,100,100085,100,99944,100,100087,100,99936,200,100090,100,99929,100,100119,100,99928,100,100130,100,99921,100,100142,100,99920,100,100186,100,99913,100,100197,100,99887,200
2019-06-28 09:30:00.000000055,100052,300,99996,100,100073,200,99982,100,100085,100,99944,100,100087,100,99936,200,100090,100,99929,100,100119,100,99928,100,100130,100,99921,100,100142,100,99920,100,100186,100,99913,100,100197,100,99887,200
2019-06-28 09:30:00.000000059,100052,300,99996,100,100073,200,99982,100,100085,100,99970,100,100087,100,99944,100,100090,100,99936,200,100119,100,99929,100,100130,100,99928,100,100142,100,99921,100,100186,100,99920,100,100197,100,99913,100
2019-06-28 09:30:00.000000061,100052,300,99996,100,100073,200,99982,100,100085,100,99970,100,100087,100,99944,100,100090,100,99936,200,100119,100,99929,100,100130,100,99928,100,100142,100,99921,100,100185,100,99920,100,100186,100,99913,100
2019-06-28 09:30:00.000000062,100052,300,99996,100,100073,200,99982,100,100085,100,99970,100,100087,100,99944,100,100089,100,99936,200,100090,100,99929,100,100119,100,99928,100,100130,100,99921,100,100142,100,99920,100,100185,100,99913,100
2019-06-28 09:30:00.000000064,100052,300,99996,100,100073,200,99982,100,100085,100,99970,100,100087,100,99968,100,100089,100,99944,100,100090,100,99936,200,100119,100,99929,100,100130,100,99928,100,100142,100,99921,100,100185,100,99920,100
2019-06-28 09:30:00.000000067,100052,300,99982,100,100073,200,99970,100,100085,100,99968,100,100087,100,99944,100,100089,100,99936,200,100090,100,99929,100,100119,100,99928,100,100130,100,99921,100,100142,100,99920,100,100185,100,99913,100
2019-06-28 09:30:00.000000068,100052,300,100038,100,100073,200,99982,100,100085,100,99970,100,100087,100,99968,100,100089,100,99944,100,100090,100,99936,200,100119,100,99929,100,100130,100,99928,100,100142,100,99921,100,100185,100,99920,100
2019-06-28 09:30:00.000000069,100052,300,100038,100,100069,100,99982,100,100073,200,99970,100,100085,100,99968,100,100087,100,99944,100,100089,100,99936,200,100090,100,99929,100,100119,100,99928,100,100130,100,99921,100,100142,100,99920,100
2019-06-28 09:30:00.000000071,100052,300,100038,100,100069,100,99982,100,100073,200,99970,100,100085,100,99968,100,100087,100,99961,100,100089,100,99944,100,100090,100,99936,200,100119,100,99929,100,100130,100,99928,100,100142,100,99921,100
2019-06-28 09:30:00.000000072,100052,300,99982,100,100069,100,99970,100,100073,200,99968,100,100085,100,99961,100,100087,100,99944,100,100089,100,99936,200,100090,100,99929,100,100119,100,99928,100,100130,100,99921,100,100142,100,99920,100
2019-06-28 09:30:00.000000076,100000,100,99982,100,100052,300,99970,100,100069,100,99968,100,100073,200,99961,100,100085,100,99944,100,100087,100,99936,200,100089,100,99929,100,100090,100,99928,100,100119,100,99921,100,100130,100,99920,100
2019-06-28 09:30:00.000000077,100000,100,99982,100,100052,300,99973,100,100069,100,99970,100,100073,200,99968,100,100085,100,99961,100,100087,100,99944,100,100089,100,99936,200,100090,100,99929,100,100119,100,99928,100,100130,100,99921,100
2019-06-28 09:30:00.000000080,100000,100,99996,100,100052,300,99982,100,100069,100,99973,100,100073,200,99970,100,100085,100,99968,100,100087,100,99961,100,100089,100,99944,100,100090,100,99936,200,100119,100,99929,100,100130,100,99928,100
2019-06-28 09:30:00.000000083,100000,100,99996,100,100052,300,99982,100,100069,100,99973,100,100073,200,99970,100,100085,100,99968,100,100087,100,99961,100,100089,100,99944,100,100090,100,99936,200,100119,100,99929,100,100130,100,99928,100
2019-06-28 09:30:00.000000084,100000,100,99996,200,100052,300,99982,100,100069,100,99973,100,100073,200,99970,100,100085,100,99968,100,100087,100,99961,100,100089,100,99944,100,100090,100,99936,200,100113,100,99929,100,100119,100,99928,100
2019-06-28 09:30:00.000000088,100000,100,99996,400,100052,300,99982,100,100069,100,99973,100,100073,200,99970,100,100085,100,99968,100,100087,100,99961,100,100089,100,99944,100,100090,100,99936,200,100113,100,99929,100,100119,100,99928,100
2019-06-28 09:30:00.000000089,100000,100,99996,600,100052,300,99982,100,100069,100,99973,100,100073,200,99970,100,100085,100,99968,100,100087,100,99961,100,100089,100,99944,100,100090,100,99936,200,100113,100,99929,100,100119,100,99928,100
2019-06-28 09:30:00.000000092,100000,100,99996,600,100052,300,99982,100,100069,100,99973,100,100073,200,99970,100,100085,100,99968,100,100087,100,99961,100,100089,100,99944,100,100090,100,99936,200,100113,100,99929,100,100119,100,99928,100
2019-06-28 09:30:00.000000095,100000,100,99996,600,100052,300,99982,100,100069,100,99973,200,100073,200,99970,100,100085,100,99968,100,100087,100,99961,100,100089,100,99944,100,100090,100,99936,200,100113,100,99929,100,100119,100,99928,100
2019-06-28 09:30:00.000000097,100000,100,99996,500,100003,100,99982,100,100014,100,99973,200,100052,300,99970,100,100069,100,99968,100,100073,200,99961,100,100085,100,99944,100,100087,100,99936,200,100089,100,99929,100,100090,100,99928,100
2019-06-28 09:30:00.000000099,100000,100,99996,500,100003,100,99982,100,100014,100,99973,200,100052,300,99970,100,100069,100,99968,100,100073,200,99961,100,100085,100,99944,100,100087,100,99936,200,100089,100,99929,100,100090,100,99928,100
2019-06-28 09:30:03.291901985,100000,100,99997,100,100003,100,99996,500,100014,100,99982,100,100052,300,99973,200,100069,100,99970,100,100073,200,99968,100,100085,100,99961,100,100087,100,99944,100,100089,100,99936,200,100090,100,99929,100
2019-06-28 09:30:10.000000000,100000,190,99997,190,100003,190,99996,590,100014,190,99982,190,100052,390,99973,290,100069,100,99970,100,100073,200,99968,100,100085,100,99961,100,100087,100,99944,100,100089,100,99936,200,100090,100,99929,100
2019-06-28 09:30:20.000000000,100000,223,99997,223,100003,219,99996,619,100014,219,99982,219,100052,300,99973,200,100069,100,99970,100,100073,200,99968,100,100085,100,99961,100,100087,100,99944,100,100089,100,99936,200,100090,100,99929,100
2019-06-28 09:30:24.040237587,100000,223,99997,223,100003,219,99996,619,100014,219,99982,219,100052,300,99973,200,100069,100,99970,100,100073,200,99968,100,100085,100,99961,100,100087,100,99944,100,100089,100,99936,200,100090,100,99929,100
2019-06-28 09:30:29.903986344,100000,123,99997,223,100003,219,99996,619,100014,219,99982,219,100052,300,99973,200,100069,100,99970,100,100073,100,99968,100,100085,100,99961,100,100087,100,99944,100,100089,100,99936,200,100090,100,99929,100
2019-06-28 09:30:30.000000000,100003,190,99997,190,100014,190,99996,590,100052,390,99982,190,100069,190,99973,290,100073,100,99970,100,100085,100,99968,100,100087,100,99961,100,100089,100,99944,100,100090,100,99936,200,100119,200,99929,100
2019-06-28 09:30:35.427613969,100003,90,99997,190,100014,190,99996,590,100052,390,99982,190,100069,190,99973,190,100073,100,99970,100,100085,100,99968,100,100087,100,99961,100,100089,100,99944,100,100090,100,99936,200,100119,200,99929,100
2019-06-28 09:30:37.557519498,100014,190,100003,10,100052,390,99997,190,100069,190,99996,590,100073,100,99982,190,100085,100,99973,190,100087,100,99970,100,100089,100,99968,100,100090,100,99961,100,100119,200,99944,100,100130,100,99936,200
2019-06-28 09:30:40.000000000,100014,223,100003,133,100052,419,99997,219,100069,219,99996,619,100073,100,99982,100,100085,100,99973,100,100087,100,99970,100,100089,100,99968,100,100090,100,99961,100,100119,200,99944,100,100130,100,99936,200
2019-06-28 09:30:48.935893678,100014,223,100003,133,100052,419,99997,219,100069,219,99996,619,100073,100,99982,100,100085,100,99973,100,100087,100,99970,100,100089,100,99961,100,100090,100,99944,100,100119,200,99936,200,100130,100,99929,100
2019-06-28 09:30:50.000000000,100014,462,100003,372,100052,300,99997,100,100069,100,99996,500,100073,100,99982,100,100085,100,99973,100,100087,100,99970,100,100089,100,99961,100,100090,100,99944,100,100119,200,99936,200,100130,100,99929,100
2019-06-28 09:31:00.000000000,100014,281,100003,191,100052,481,99997,281,100069,100,99996,500,100073,100,99982,100,100085,100,99973,100,100087,100,99970,100,100089,100,99961,100,100090,100,99944,100,100119,200,99936,200,100130,100,99929,100
2019-06-28 09:31:10.000000000,100014,223,100003,133,100052,419,99997,219,100069,219,99996,619,100073,100,99982,100,100085,100,99973,100,100087,100,99970,100,100089,100,99961,100,100090,100,99944,100,100119,200,99936,200,100130,100,99929,100
2019-06-28 09:31:20.000000000,100014,281,100003,191,100052,481,99997,281,100069,100,99996,500,100073,100,99982,100,100085,100,99973,100,100087,100,99970,100,100089,100,99961,100,100090,100,99944,100,100119,200,99936,200,100130,100,99929,100
2019-06-28 09:31:30.000000000,100014,281,100003,191,100052,481,99997,281,100069,100,99996,500,100073,100,99982,100,100085,100,99973,100,100087,100,99970,100,100089,100,99961,100,100090,100,99944,100,100119,200,99936,200,100130,100,99929,100
2019-06-28 09:31:32.582218016,100014,181,100003,191,100052,481,99997,281,100069,100,99996,500,100073,100,99982,100,100085,100,99973,100,100087,100,99970,100,100089,100,99961,100,100090,100,99944,100,100119,200,99936,200,100130,100,99929,100
2019-06-28 09:31:40.000000000,100052,372,100003,82,100069,172,99997,172,100073,172,99996,572,100085,172,99982,172,100087,172,99973,172,100089,100,99970,100,100090,100,99961,100,100119,200,99944,100,100130,100,99936,200,100142,100,99929,100
2019-06-28 09:31:44.207124563,100052,272,100003,82,100069,172,99997,172,100073,172,99996,572,100085,172,99982,172,100087,172,99973,172,100089,100,99970,100,100090,100,99961,100,100119,200,99944,100,100130,100,99936,200,100142,100,99929,100
2019-06-28 09:31:50.000000000,100052,272,100003,82,100069,172,99997,172,100073,172,99996,572,100085,172,99982,172,100087,172,99973,172,100089,100,99970,100,100090,100,99961,100,100119,200,99944,100,100130,100,99936,200,100142,100,99929,100
2019-06-28 09:32:00.000000000,100052,381,100003,191,100069,281,99997,281,100073,100,99996,500,100085,100,99982,100,100087,100,99973,100,100089,100,99970,100,100090,100,99961,100,100119,200,99944,100,100130,100,99936,200,100142,100,99929,100
2019-06-28 09:32:10.000000000,100052,323,100003,133,100069,219,99997,219,100073,219,99996,619,100085,100,99982,100,100087,100,99973,100,100089,100,99970,100,100090,100,99961,100,100119,200,99944,100,100130,100,99936,200,100142,100,99929,100
2019-06-28 09:32:20.000000000,100052,323,100003,133,100069,219,99997,219,100073,219,99996,619,100085,100,99982,100,100087,100,99973,100,100089,100,99970,100,100090,100,99961,100,100119,200,99944,100,100130,100,99936,200,100142,100,99929,100
2019-06-28 09:32:30.000000000,100052,323,100003,133,100069,219,99997,219,100073,219,99996,619,100085,100,99982,100,100087,100,99973,100,100089,100,99970,100,100090,100,99961,100,100119,200,99944,100,100130,100,99936,200,100142,100,99929,100
2019-06-28 09:32:32.571553966,100052,323,100003,133,100069,219,99997,219,100073,219,99996,619,100085,100,99982,100,100087,100,99973,100,100089,100,99970,100,100090,100,99961,100,100119,200,99944,100,100130,100,99936,200,100142,100,99929,100
2019-06-28 09:32:35.813217115,100052,223,100003,133,100069,219,99997,219,100073,219,99996,619,100085,100,99982,100,100087,100,99973,100,100089,100,99970,100,100090,100,99961,100,100119,100,99944,100,100130,100,99936,200,100142,100,99929,100
2019-06-28 09:32:40.000000000,100052,462,100003,372,100069,100,99997,100,100073,100,99996,500,100085,100,99982,100,100087,100,99973,100,100089,100,99970,100,100090,100,99961,100,100119,100,99944,100,100130,100,99936,200,100142,100,99929,100
2019-06-28 09:32:50.000000000,100052,462,100003,372,100069,100,99997,100,100073,100,99996,500,100085,100,99982,100,100087,100,99973,100,100089,100,99970,100,100090,100,99961,100,100119,100,99944,100,100130,100,99936,200,100142,100,99929,100
2019-06-28 09:33:00.000000000,100052,172,100003,82,100069,172,99997,172,100073,172,99996,572,100085,172,99982,172,100087,172,99973,172,100089,100,99970,100,100090,100,99961,100,100119,100,99944,100,100130,100,99936,200,100142,100,99929,100
2019-06-28 09:33:10.000000000,100052,223,100003,133,100069,219,99997,219,100073,219,99996,619,100085,100,99982,100,100087,100,99973,100,100089,100,99970,100,100090,100,99961,100,100119,100,99944,100,100130,100,99936,200,100142,100,99929,100
2019-06-28 09:33:17.505243930,100052,223,100003,133,100069,219,99997,219,100073,219,99996,619,100085,100,99982,100,100087,100,99970,100,100089,100,99961,100,100090,100,99944,100,100119,100,99936,200,100130,100,99929,100,100142,100,99928,100
2019-06-28 09:33:20.000000000,100052,223,100003,133,100069,219,99997,219,100073,219,99996,619,100085,100,99982,100,100087,100,99970,100,100089,100,99961,100,100090,100,99944,100,100119,100,99936,200,100130,100,99929,100,100142,100,99928,100
2019-06-28 09:33:30.000000000,100052,190,100003,100,100069,190,99997,190,100073,190,99996,590,100085,190,99982,190,100087,100,99970,100,100089,100,99961,100,100090,100,99944,100,100119,100,99936,200,100130,100,99929,100,100142,100,99928,100
2019-06-28 09:33:40.000000000,100052,281,100003,191,100069,281,99997,281,100073,100,99996,500,100085,100,99982,100,100087,100,99970,100,100089,100,99961,100,100090,100,99944,100,100119,100,99936,200,100130,100,99929,100,100142,100,99928,100
2019-06-28 09:33:43.220935259,100052,281,100003,191,100069,281,99997,281,100073,100,99996,400,100085,100,99982,100,100087,100,99970,100,100089,100,99961,100,100090,100,99944,100,100119,100,99936,200,100130,100,99929,100,100142,100,99928,100
2019-06-28 09:33:50.000000000,100052,223,100003,133,100069,219,99997,219,100073,219,99996,519,100085,100,99982,100,100087,100,99970,100,100089,100,99961,100,100090,100,99944,100,100119,100,99936,200,100130,100,99929,100,100142,100,99928,100
2019-06-28 09:34:00.000000000,100052,190,100003,100,100069,190,99997,190,100073,190,99996,490,100085,190,99982,190,100087,100,99970,100,100089,100,99961,100,100090,100,99944,100,100119,100,99936,200,100130,100,99929,100,100142,100,99928,100
2019-06-28 09:34:10.000000000,100052,190,100003,100,100069,190,99997,190,100073,190,99996,490,100085,190,99982,190,100087,100,99970,100,100089,100,99961,100,100090,100,99944,100,100119,100,99936,200,100130,100,99929,100,100142,100,99928,100
2019-06-28 09:34:20.000000000,100052,223,100003,133,100069,219,99997,219,100073,219,99996,519,100085,100,99982,100,100087,100,99970,100,100089,100,99961,100,100090,100,99944,100,100119,100,99936,200,100130,100,99929,100,100142,100,99928,100
2019-06-28 09:34:22.625935203,100052,123,100003,133,100069,219,99997,219,100073,219,99996,519,100085,100,99982,100,100087,100,99970,100,100089,100,99961,100,100090,100,99944,100,100119,100,99936,200,100130,100,99929,100,100142,100,99928,100
2019-06-28 09:34:23.433599629,100052,123,100003,133,100069,219,99997,219,100073,219,99996,519,100085,100,99982,100,100087,100,99970,100,100089,100,99961,100,100090,100,99944,100,100119,100,99936,200,100130,100,99929,100,100142,100,99928,100
2019-06-28 09:34:27.260470288,100052,23,100003,133,100069,219,99997,219,100073,219,99996,519,100085,100,99982,100,100087,100,99970,100,100089,100,99961,100,100090,100,99944,100,100119,100,99936,200,100130,100,99929,100,100142,100,99928,100
2019-06-28 09:34:30.000000000,100069,172,100003,82,100073,172,99997,172,100085,172,99996,472,100087,172,99982,172,100089,172,99970,172,100090,100,99961,100,100119,100,99944,100,100130,100,99936,200,100142,100,99929,100,100185,100,99928,100
2019-06-28 09:34:31.936682220,100069,72,100003,82,100073,172,99997,172,100085,172,99996,472,100087,172,99982,172,100089,172,99970,172,100090,100,99961,100,100119,100,99944,100,100130,100,99936,200,100142,100,99929,100,100185,100,99928,100
2019-06-28 09:34:40.000000000,100073,462,100003,372,100085,100,99997,100,100087,100,99996,400,100089,100,99982,100,100090,100,99970,100,100119,100,99961,100,100130,100,99944,100,100142,100,99936,200,100185,100,99929,100,100186,100,99928,100
2019-06-28 09:34:44.340342528,100073,462,100052,100,100085,100,100003,372,100087,100,99997,100,100089,100,99996,400,100090,100,99982,100,100119,100,99970,100,100130,100,99961,100,100142,100,99944,100,100185,100,99936,200,100186,100,99929,100
2019-06-28 09:34:50.000000000,100073,462,100052,462,100085,100,100003,10,100087,100,99997,100,100089,100,99996,400,100090,100,99982,100,100119,100,99970,100,100130,100,99961,100,100142,100,99944,100,100185,100,99936,200,100186,100,99929,100
2019-06-28 09:34:53.977044397,100073,462,100052,562,100085,100,100003,10,100087,100,99997,100,100089,100,99996,300,100090,100,99982,100,100119,100,99970,100,100130,100,99961,100,100142,100,99944,100,100185,100,99936,200,100186,100,99929,100
2019-06-28 09:35:00.000000000,100073,190,100052,290,100085,190,100003,100,100087,190,99997,190,100089,190,99996,390,100090,100,99982,100,100119,100,99970,100,100130,100,99961,100,100142,100,99944,100,100185,100,99936,200,100186,100,99929,100
2019-06-28 09:35:10.000000000,100073,223,100052,323,100085,219,100003,129,100087,219,99997,219,100089,100,99996,300,100090,100,99982,100,100119,100,99970,100,100130,100,99961,100,100142,100,99944,100,100185,100,99936,200,100186,100,99929,100
2019-06-28 09:35:20.000000000,100073,462,100052,562,100085,100,100003,10,100087,100,99997,100,100089,100,99996,300,100090,100,99982,100,100119,100,99970,100,100130,100,99961,100,100142,100,99944,100,100185,100,99936,200,100186,100,99929,100
2019-06-28 09:35:21.573918410,100073,362,100052,562,100085,100,100003,10,100087,100,99997,100,100089,100,99996,300,100090,100,99982,100,100119,100,99970,100,100130,100,99961,100,100142,100,99944,100,100185,100,99936,200,100186,100,99929,100
2019-06-28 09:35:30.000000000,100085,281,100052,381,100087,281,100003,191,100089,100,99997,100,100090,100,99996,300,100119,100,99982,100,100130,100,99970,100,100142,100,99961,100,100185,100,99944,100,100186,100,99936,200,100197,100,99929,100
2019-06-28 09:35:40.000000000,100085,223,100052,323,100087,219,100003,129,100089,219,99997,219,100090,100,99996,300,100119,100,99982,100,100130,100,99970,100,100142,100,99961,100,100185,100,99944,100,100186,100,99936,200,100197,100,99929,100
2019-06-28 09:35:50.000000000,100085,462,100052,562,100087,100,100003,10,100089,100,99997,100,100090,100,99996,300,100119,100,99982,100,100130,100,99970,100,100142,100,99961,100,100185,100,99944,100,100186,100,99936,200,100197,100,99929,100
2019-06-28 09:36:00.000000000,100085,190,100052,290,100087,190,100003,100,100089,190,99997,190,100090,190,99996,390,100119,100,99982,100,100130,100,99970,100,100142,100,99961,100,100185,100,99944,100,100186,100,99936,200,100197,100,99929,100
2019-06-28 09:36:09.926616950,100085,190,100069,100,100087,190,100052,290,100089,190,100003,100,100090,190,99997,190,100119,100,99996,390,100130,100,99982,100,100142,100,99970,100,100185,100,99961,100,100186,100,99944,100,100197,100,99936,200
2019-06-28 09:36:10.000000000,100085,462,100069,462,100087,100,100052,200,100089,100,100003,10,100090,100,99997,100,100119,100,99996,300,100130,100,99982,100,100142,100,99970,100,100185,100,99961,100,100186,100,99944,100,100197,100,99936,200
2019-06-28 09:36:20.000000000,100085,172,100069,172,100087,172,100052,272,100089,172,100003,82,100090,172,99997,172,100119,172,99996,372,100130,100,99982,100,100142,100,99970,100,100185,100,99961,100,100186,100,99944,100,100197,100,99936,200
2019-06-28 09:36:23.190636345,100085,172,100069,272,100087,172,100052,272,100089,172,100003,82,100090,172,99997,172,100119,172,99996,372,100130,100,99982,100,100142,100,99970,100,100185,100,99961,100,100186,100,99944,100,100197,100,99936,200
2019-06-28 09:36:30.000000000,100085,172,100069,272,100087,172,100052,272,100089,172,100003,82,100090,172,99997,172,100119,172,99996,372,100130,100,99982,100,100142,100,99970,100,100185,100,99961,100,100186,100,99944,100,100197,100,99936,200
2019-06-28 09:36:30.622167815,100085,172,100069,372,100087,172,100052,272,100089,172,100003,82,100090,172,99997,172,100119,172,99996,372,100130,100,99982,100,100142,100,99970,100,100185,100,99961,100,100186,100,99944,100,100197,100,99936,200
2019-06-28 09:36:38.555311833,100085,72,100069,372,100087,72,100052,272,100089,172,100003,82,100090,172,99997,172,100119,172,99996,372,100130,100,99982,100,100142,100,99970,100,100185,100,99961,100,100186,100,99944,100,100197,100,99936,200
2019-06-28 09:36:40.000000000,100089,462,100069,662,100090,100,100052,200,100119,100,100003,10,100130,100,99997,100,100142,100,99996,300,100185,100,99982,100,100186,100,99970,100,100197,100,99961,100,100214,100,99944,100,100246,100,99936,200
2019-06-28 09:36:50.000000000,100089,223,100069,423,100090,219,100052,319,100119,219,100003,129,100130,100,99997,100,100142,100,99996,300,100185,100,99982,100,100186,100,99970,100,100197,100,99961,100,100214,100,99944,100,100246,100,99936,200
2019-06-28 09:37:00.000000000,100089,172,100069,372,100090,172,100052,272,100119,172,100003,82,100130,172,99997,172,100142,172,99996,372,100185,100,99982,100,100186,100,99970,100,100197,100,99961,100,100214,100,99944,100,100246,100,99936,200
2019-06-28 09:37:01.434562608,100089,172,100073,100,100090,172,100069,372,100119,172,100052,272,100130,172,100003,82,100142,172,99997,172,100185,100,99996,372,100186,100,99982,100,100197,100,99970,100,100214,100,99961,100,100246,100,99944,100
2019-06-28 09:37:09.856860374,100089,172,100073,100,100090,172,100069,372,100119,172,100052,272,100130,172,100003,82,100142,172,99997,172,100185,100,99996,372,100186,100,99982,100,100197,100,99970,100,100246,100,99961,100,100803,100,99944,100
2019-06-28 09:37:10.000000000,100089,281,100073,281,100090,281,100069,481,100119,100,100052,200,100130,100,100003,10,100142,100,99997,100,100185,100,99996,300,100186,100,99982,100,100197,100,99970,100,100246,100,99961,100,100803,100,99944,100
2019-06-28 09:37:11.358357154,100089,281,100073,281,100090,281,100069,481,100119,100,100052,200,100130,100,100003,10,100142,100,99996,300,100185,100,99982,100,100186,100,99970,100,100197,100,99961,100,100246,100,99944,100,100803,100,99936,200
2019-06-28 09:37:13.851445101,100089,181,100073,281,100090,281,100069,481,100119,100,100052,200,100130,100,100003,10,100142,100,99996,300,100185,100,99982,100,100186,100,99970,100,100197,100,99961,100,100246,100,99944,100,100803,100,99936,200
2019-06-28 09:37:20.000000000,100090,172,100073,172,100119,172,100069,372,100130,172,100052,272,100142,172,100003,82,100185,172,99996,372,100186,100,99982,100,100197,100,99970,100,100246,100,99961,100,100803,100,99944,100,101218,100,99936,200
2019-06-28 09:37:30.000000000,100090,190,100073,190,100119,190,100069,390,100130,190,100052,290,100142,190,100003,100,100185,100,99996,300,100186,100,99982,100,100197,100,99970,100,100246,100,99961,100,100803,100,99944,100,101218,100,99936,200
2019-06-28 09:37:40.000000000,100090,190,100073,190,100119,190,100069,390,100130,190,100052,290,100142,190,100003,100,100185,100,99996,300,100186,100,99982,100,100197,100,99970,100,100246,100,99961,100,100803,100,99944,100,101218,100,99936,200
2019-06-28 09:37:50.000000000,100090,223,100073,223,100119,219,100069,419,100130,219,100052,319,100142,100,100003,10,100185,100,99996,300,100186,100,99982,100,100197,100,99970,100,100246,100,99961,100,100803,100,99944,100,101218,100,99936,200
2019-06-28 09:38:00.000000000,100090,190,100073,190,100119,190,100069,390,100130,190,100052,290,100142,190,100003,100,100185,100,99996,300,100186,100,99982,100,100197,100,99970,100,100246,100,99961,100,100803,100,99944,100,101218,100,99936,200
2019-06-28 09:38:09.649372728,100090,90,100073,190,100119,190,100069,390,100130,190,100052,290,100142,190,100003,100,100185,100,99996,300,100186,100,99982,100,100197,100,99970,100,100246,100,99961,100,100803,100,99944,100,101218,100,99936,200
2019-06-28 09:38:10.000000000,100119,190,100073,190,100130,190,100069,390,100142,190,100052,290,100185,190,100003,100,100186,100,99996,300,100197,100,99982,100,100246,100,99970,100,100803,100,99961,100,101218,100,99944,100,102027,100,99936,200
2019-06-28 09:38:10.469276205,100119,190,100073,190,100130,190,100069,390,100142,190,100052,290,100185,190,100003,100,100186,100,99996,300,100197,100,99982,100,100246,100,99970,100,100803,100,99961,100,101218,100,99944,100,102027,100,99936,200
2019-06-28 09:38:14.823240598,100119,190,100073,190,100130,190,100069,390,100142,90,100052,290,100185,190,100003,100,100186,100,99996,300,100197,100,99982,100,100246,100,99970,100,100803,100,99961,100,101218,100,99944,100,102027,100,99936,200
2019-06-28 09:38:20.000000000,100119,172,100073,172,100130,172,100069,372,100185,172,100052,272,100186,172,100003,82,100197,172,99996,372,100246,100,99982,100,100803,100,99970,100,101218,100,99961,100,102027,100,99944,100,102180,100,99936,200
2019-06-28 09:38:23.857633173,100119,172,100073,172,100130,172,100069,372,100185,172,100052,272,100186,172,100003,82,100197,172,99996,372,100246,100,99982,100,100803,100,99970,100,102027,100,99961,100,102180,100,99944,100,102237,100,99936,200
2019-06-28 09:38:30.000000000,100119,172,100073,172,100130,172,100069,372,100185,172,100052,272,100186,172,100003,82,100197,172,99996,372,100246,100,99982,100,100803,100,99970,100,102027,100,99961,100,102180,100,99944,100,102237,100,99936,200
2019-06-28 09:38:40.000000000,100119,223,100073,223,100130,219,100069,419,100185,219,100052,319,100186,100,100003,10,100197,100,99996,300,100246,100,99982,100,100803,100,99970,100,102027,100,99961,100,102180,100,99944,100,102237,100,99936,200
2019-06-28 09:38:50.000000000,100119,172,100073,172,100130,172,100069,372,100185,172,100052,272,100186,172,100003,82,100197,172,99996,372,100246,100,99982,100,100803,100,99970,100,102027,100,99961,100,102180,100,99944,100,102237,100,99936,200
2019-06-28 09:39:00.000000000,100119,190,100073,190,100130,190,100069,390,100185,190,100052,290,100186,190,100003,100,100197,100,99996,300,100246,100,99982,100,100803,100,99970,100,102027,100,99961,100,102180,100,99944,100,102237,100,99936,200
2019-06-28 09:39:10.000000000,100119,462,100073,462,100130,100,100069,300,100185,100,100052,200,100186,100,100003,10,100197,100,99996,300,100246,100,99982,100,100803,100,99970,100,102027,100,99961,100,102180,100,99944,100,102237,100,99936,200
2019-06-28 09:39:11.959967235,100119,462,100073,462,100130,100,100069,200,100185,100,100052,200,100186,100,100003,10,100197,100,99996,300,100246,100,99982,100,100803,100,99970,100,102027,100,99961,100,102180,100,99944,100,102237,100,99936,200
2019-06-28 09:39:20.000000000,100119,172,100073,172,100130,172,100069,272,100185,172,100052,272,100186,172,100003,82,100197,172,99996,372,100246,100,99982,100,100803,100,99970,100,102027,100,99961,100,102180,100,99944,100,102237,100,99936,200
2019-06-28 09:39:30.000000000,100119,190,100073,190,100130,190,100069,290,100185,190,100052,290,100186,190,100003,100,100197,100,99996,300,100246,100,99982,100,100803,100,99970,100,102027,100,99961,100,102180,100,99944,100,102237,100,99936,200
2019-06-28 09:39:32.312515565,100119,190,100089,100,100130,190,100073,190,100185,190,100069,290,100186,190,100052,290,100197,100,100003,100,100246,100,99996,300,100803,100,99982,100,102027,100,99970,100,102180,100,99961,100,102237,100,99944,100
2019-06-28 09:39:40.000000000,100119,172,100089,172,100130,172,100073,172,100185,172,100069,272,100186,172,100052,272,100197,172,100003,82,100246,100,99996,300,100803,100,99982,100,102027,100,99970,100,102180,100,99961,100,102237,100,99944,100
2019-06-28 09:39:43.707214529,100119,172,100089,172,100130,172,100073,172,100185,172,100069,272,100186,172,100052,272,100197,172,100003,82,100246,100,99996,300,100803,100,99982,100,100963,100,99970,100,102027,100,99961,100,102180,100,99944,100
2019-06-28 09:39:50.000000000,100119,223,100089,223,100130,219,100073,219,100185,219,100069,319,100186,100,100052,200,100197,100,100003,10,100246,100,99996,300,100803,100,99982,100,100963,100,99970,100,102027,100,99961,100,102180,100,99944,100
2019-06-28 09:39:56.866696839,100119,223,100089,223,100130,219,100073,219,100185,219,100069,319,100186,100,100052,200,100197,100,100003,10,100246,100,99996,300,100803,100,99982,100,100963,100,99970,100,101094,100,99961,100,102027,100,99944,100
2019-06-28 09:40:00.000000000,100119,462,100089,462,100130,100,100073,100,100185,100,100069,200,100186,100,100052,200,100197,100,100003,10,100246,100,99996,300,100803,100,99982,100,100963,100,99970,100,101094,100,99961,100,102027,100,99944,100
2019-06-28 09:40:10.000000000,100119,462,100089,462,100130,100,100073,100,100185,100,100069,200,100186,100,100052,200,100197,100,100003,10,100246,100,99996,300,100803,100,99982,100,100963,100,99970,100,101094,100,99961,100,102027,100,99944,100
2019-06-28 09:40:20.000000000,100119,281,100089,281,100130,281,100073,281,100185,100,100069,200,100186,100,100052,200,100197,100,100003,10,100246,100,99996,300,100803,100,99982,100,100963,100,99970,100,101094,100,99961,100,102027,100,99944,100
2019-06-28 09:40:30.000000000,100119,190,100089,190,100130,190,100073,190,100185,190,100069,290,100186,190,100052,290,100197,100,100003,10,100246,100,99996,300,100803,100,99982,100,100963,100,99970,100,101094,100,99961,100,102027,100,99944,100
2019-06-28 09:40:40.000000000,100119,281,100089,281,100130,281,100073,281,100185,100,100069,200,100186,100,100052,200,100197,100,100003,10,100246,100,99996,300,100803,100,99982,100,100963,100,99970,100,101094,100,99961,100,102027,100,99944,100
2019-06-28 09:40:41.389759987,100119,281,100089,381,100130,281,100073,281,100185,100,100069,200,100186,100,100052,200,100197,100,100003,10,100246,100,99996,300,100803,100,99982,100,100963,100,99970,100,101094,100,99961,100,102027,100,99944,100
2019-06-28 09:40:50.000000000,100119,223,100089,323,100130,219,100073,219,100185,219,100069,319,100186,100,100052,200,100197,100,100003,10,100246,100,99996,300,100803,100,99982,100,100963,100,99970,100,101094,100,99961,100,102027,100,99944,100
2019-06-28 09:40:51.646142116,100119,223,100089,323,100130,219,100073,219,100185,219,100069,319,100186,100,100052,200,100197,100,100003,10,100246,100,99996,300,100803,100,99982,100,100963,100,99970,100,101094,100,99961,100,101208,100,99944,100
2019-06-28 09:41:00.000000000,100119,223,100089,323,100130,219,100073,219,100185,219,100069,319,100186,100,100052,200,100197,100,100003,10,100246,100,99996,300,100803,100,99982,100,100963,100,99970,100,101094,100,99961,100,101208,100,99944,100
2019-06-28 09:41:00.019187365,100119,123,100089,323,100130,219,100073,219,100185,219,100069,319,100186,100,100052,200,100197,100,100003,10,100246,100,99996,300,100803,100,99982,100,100963,100,99970,100,101094,100,99961,100,101208,100,99944,100
2019-06-28 09:41:06.245697184,100119,123,100089,323,100130,219,100073,219,100185,219,100069,319,100186,100,100052,200,100197,100,100003,10,100246,100,99996,300,100803,100,99982,100,101094,100,99970,100,101208,100,99961,100,101313,100,99944,100
2019-06-28 09:41:06.832878908,100119,123,100089,323,100130,219,100073,219,100185,219,100069,319,100186,100,100052,200,100197,100,100003,10,100246,100,99996,300,100803,100,99982,100,101094,100,99970,100,101187,100,99961,100,101208,100,99944,100
2019-06-28 09:41:10.000000000,100130,190,100089,290,100185,190,100073,190,100186,190,100069,290,100197,190,100052,290,100246,100,100003,10,100803,100,99996,300,101094,100,99982,100,101187,100,99970,100,101208,100,99961,100,101313,100,99944,100
2019-06-28 09:41:20.000000000,100130,190,100089,290,100185,190,100073,190,100186,190,100069,290,100197,190,100052,290,100246,100,100003,10,100803,100,99996,300,101094,100,99982,100,101187,100,99970,100,101208,100,99961,100,101313,100,99944,100
2019-06-28 09:41:30.000000000,100130,462,100089,562,100185,100,100073,100,100186,100,100069,200,100197,100,100052,200,100246,100,100003,10,100803,100,99996,300,101094,100,99982,100,101187,100,99970,100,101208,100,99961,100,101313,100,99944,100
2019-06-28 09:41:32.421120889,100130,362,100089,562,100185,100,100073,100,100186,100,100069,200,100246,100,100052,200,100803,100,100003,10,101094,100,99996,300,101187,100,99982,100,101208,100,99970,100,101313,100,99961,100,102027,100,99944,100
2019-06-28 09:41:40.000000000,100185,462,100089,562,100186,100,100073,100,100246,100,100069,200,100803,100,100052,200,101094,100,100003,10,101187,100,99996,300,101208,100,99982,100,101313,100,99970,100,102027,100,99961,100,102180,100,99944,100
2019-06-28 09:41:40.136456852,100185,462,100119,100,100186,100,100089,562,100246,100,100073,100,100803,100,100069,200,101094,100,100052,200,101187,100,100003,10,101208,100,99996,300,101313,100,99982,100,102027,100,99970,100,102180,100,99961,100
2019-06-28 09:41:41.074577994,100185,462,100119,100,100186,100,100089,562,100246,100,100073,100,100803,100,100069,200,101094,100,100052,200,101187,100,100003,10,101208,100,99996,300,101313,100,99982,100,101387,100,99970,100,102027,100,99961,100
2019-06-28 09:41:44.687181676,100185,462,100119,200,100186,100,100089,562,100246,100,100073,100,100803,100,100069,200,101094,100,100052,200,101187,100,100003,10,101208,100,99996,300,101313,100,99982,100,101387,100,99970,100,102027,100,99961,100
2019-06-28 09:41:46.983498143,100185,462,100119,300,100186,100,100089,562,100246,100,100069,200,100803,100,100052,200,101094,100,100003,10,101187,100,99996,300,101208,100,99982,100,101313,100,99970,100,101387,100,99961,100,102027,100,99944,100
2019-06-28 09:41:50.000000000,100185,462,100119,662,100186,100,100089,200,100246,100,100069,200,100803,100,100052,200,101094,100,100003,10,101187,100,99996,300,101208,100,99982,100,101313,100,99970,100,101387,100,99961,100,102027,100,99944,100
2019-06-28 09:42:00.000000000,100185,223,100119,423,100186,219,100089,319,100246,219,100069,319,100803,100,100052,200,101094,100,100003,10,101187,100,99996,300,101208,100,99982,100,101313,100,99970,100,101387,100,99961,100,102027,100,99944,100
2019-06-28 09:42:03.878167690,100185,123,100119,423,100186,219,100089,319,100246,219,100069,319,100803,100,100052,200,101094,100,100003,10,101187,100,99996,300,101208,100,99982,100,101313,100,99970,100,101387,100,99961,100,102027,100,99944,100
2019-06-28 09:42:04.363434586,100185,123,100119,423,100186,219,100089,319,100246,219,100069,319,100803,100,100052,200,101094,100,100003,10,101187,100,99996,300,101208,100,99982,100,101313,100,99970,100,101387,100,99961,100,101431,100,99944,100
2019-06-28 09:42:10.000000000,100186,223,100119,423,100246,219,100089,319,100803,219,100069,319,101094,100,100052,200,101187,100,100003,10,101208,100,99996,300,101313,100,99982,100,101387,100,99970,100,101431,100,99961,100,102027,100,99944,100
2019-06-28 09:42:19.118765169,100186,123,100119,423,100246,219,100089,319,100803,219,100069,319,101094,100,100052,200,101187,100,100003,10,101208,100,99996,300,101313,100,99982,100,101387,100,99970,100,101431,100,99961,100,102027,100,99944,100
2019-06-28 09:42:19.640054917,100186,23,100119,423,100246,219,100089,319,100803,219,100069,319,101094,100,100052,200,101187,100,100003,10,101208,100,99996,300,101313,100,99982,100,101387,100,99970,100,101431,100,99961,100,102027,100,99944,100
2019-06-28 09:42:20.000000000,100246,223,100119,423,100803,219,100089,319,101094,219,100069,319,101187,100,100052,200,101208,100,100003,10,101313,100,99996,300,101387,100,99982,100,101431,100,99970,100,102027,100,99961,100,102180,100,99944,100
2019-06-28 09:42:22.210925547,100246,223,100119,423,100803,219,100089,319,101094,219,100069,319,101187,100,100052,100,101208,100,100003,10,101313,100,99996,300,101387,100,99982,100,101431,100,99970,100,102027,100,99961,100,102180,100,99944,100
2019-06-28 09:42:25.042359133,100246,223,100119,423,100803,219,100089,319,101094,219,100069,319,101187,100,100052,100,101208,100,100003,10,101313,100,99996,300,101332,100,99982,100,101387,100,99970,100,101431,100,99961,100,102027,100,99944,100
2019-06-28 09:42:28.110489288,100246,223,100186,100,100803,219,100119,423,101094,219,100089,319,101187,100,100069,319,101208,100,100003,10,101313,100,99996,300,101332,100,99982,100,101387,100,99970,100,101431,100,99961,100,102027,100,99944,100
2019-06-28 09:42:29.328561118,100246,123,100186,100,100803,219,100119,423,101094,219,100089,319,101187,100,100069,319,101208,100,100003,10,101313,100,99996,300,101332,100,99982,100,101387,100,99970,100,101431,100,99961,100,102027,100,99944,100
2019-06-28 09:42:29.868561478,100246,123,100186,100,100803,219,100119,423,101094,219,100089,219,101187,100,100069,319,101208,100,100003,10,101313,100,99996,300,101332,100,99982,100,101387,100,99970,100,101431,100,99961,100,102027,100,99944,100
2019-06-28 09:42:30.000000000,100803,281,100186,281,101094,281,100119,481,101187,100,100089,100,101208,100,100069,200,101313,100,100003,10,101332,100,99996,300,101387,100,99982,100,101431,100,99970,100,102027,100,99961,100,102180,100,99944,100
2019-06-28 09:42:30.411757692,100803,181,100186,281,101094,281,100119,481,101187,100,100089,100,101208,100,100069,200,101313,100,100003,10,101332,100,99996,300,101387,100,99982,100,101431,100,99970,100,102027,100,99961,100,102180,100,99944,100
2019-06-28 09:42:40.000000000,101094,281,100186,281,101187,281,100119,481,101208,100,100089,100,101313,100,100069,200,101332,100,100003,10,101387,100,99996,300,101431,100,99982,100,102027,100,99970,100,102180,100,99961,100,102237,100,99944,100
2019-06-28 09:42:50.000000000,101094,223,100186,223,101187,219,100119,419,101208,219,100089,219,101313,100,100069,200,101332,100,100003,10,101387,100,99996,300,101431,100,99982,100,102027,100,99970,100,102180,100,99961,100,102237,100,99944,100
2019-06-28 09:43:00.000000000,101094,172,100186,172,101187,172,100119,372,101208,172,100089,172,101313,172,100069,272,101332,172,100003,82,101387,100,99996,300,101431,100,99982,100,102027,100,99970,100,102180,100,99961,100,102237,100,99944,100
2019-06-28 09:43:10.000000000,101094,172,100186,172,101187,172,100119,372,101208,172,100089,172,101313,172,100069,272,101332,172,100003,82,101387,100,99996,300,101431,100,99982,100,102027,100,99970,100,102180,100,99961,100,102237,100,99944,100
2019-06-28 09:43:14.083927606,101094,172,100186,172,101187,172,100119,372,101208,172,100089,172,101313,172,100069,272,101332,172,100003,82,101387,100,99996,300,101431,100,99982,100,102027,100,99970,100,102180,100,99961,100,102199,100,99944,100
2019-06-28 09:43:20.000000000,101094,462,100186,462,101187,100,100119,300,101208,100,100089,100,101313,100,100069,200,101332,100,100003,10,101387,100,99996,300,101431,100,99982,100,102027,100,99970,100,102180,100,99961,100,102199,100,99944,100
2019-06-28 09:43:30.000000000,101094,190,100186,190,101187,190,100119,390,101208,190,100089,190,101313,190,100069,290,101332,100,100003,10,101387,100,99996,300,101431,100,99982,100,102027,100,99970,100,102180,100,99961,100,102199,100,99944,100
2019-06-28 09:43:38.264269022,101094,190,100246,100,101187,190,100186,190,101208,190,100119,390,101313,190,100089,190,101332,100,100069,290,101387,100,100003,10,101431,100,99996,300,102027,100,99982,100,102180,100,99970,100,102199,100,99961,100
2019-06-28 09:43:40.000000000,101094,223,100246,223,101187,219,100186,219,101208,219,100119,419,101313,100,100089,100,101332,100,100069,200,101387,100,100003,10,101431,100,99996,300,102027,100,99982,100,102180,100,99970,100,102199,100,99961,100
2019-06-28 09:43:50.000000000,101094,190,100246,190,101187,190,100186,190,101208,190,100119,390,101313,190,100089,190,101332,100,100069,200,101387,100,100003,10,101431,100,99996,300,102027,100,99982,100,102180,100,99970,100,102199,100,99961,100
2019-06-28 09:43:50.772103985,101094,190,100246,290,101187,190,100186,190,101208,190,100119,290,101313,190,100089,190,101332,100,100069,200,101387,100,100003,10,101431,100,99996,300,102027,100,99982,100,102180,100,99970,100,102199,100,99961,100
2019-06-28 09:43:55.644424027,101094,190,100246,290,101187,190,100186,190,101208,190,100119,290,101313,190,100089,90,101332,100,100069,200,101387,100,100003,10,101431,100,99996,300,102027,100,99982,100,102180,100,99970,100,102199,100,99961,100
2019-06-28 09:44:00.000000000,101094,281,100246,381,101187,281,100186,281,101208,100,100119,200,101313,100,100069,200,101332,100,100003,10,101387,100,99996,300,101431,100,99982,100,102027,100,99970,100,102180,100,99961,100,102199,100,99944,100
2019-06-28 09:44:00.830788228,101094,181,100246,381,101187,281,100186,281,101208,100,100119,200,101313,100,100069,200,101332,100,100003,10,101387,100,99996,300,101431,100,99982,100,102027,100,99970,100,102180,100,99961,100,102199,100,99944,100
2019-06-28 09:44:10.000000000,101187,190,100246,290,101208,190,100186,190,101313,190,100119,290,101332,190,100069,290,101387,100,100003,10,101431,100,99996,300,102027,100,99982,100,102180,100,99970,100,102199,100,99961,100,102237,100,99944,100
2019-06-28 09:44:18.014576833,101187,190,100246,290,101208,190,100186,190,101313,190,100119,290,101332,190,100069,290,101387,100,100003,10,101431,100,99996,300,102027,100,99982,100,102180,100,99970,100,102199,100,99961,100,102237,100,99944,100
2019-06-28 09:44:20.000000000,101187,172,100246,272,101208,172,100186,172,101313,172,100119,272,101332,172,100069,272,101387,172,100003,82,101431,100,99996,300,102027,100,99982,100,102180,100,99970,100,102199,100,99961,100,102237,100,99944,100
2019-06-28 09:44:30.000000000,101187,281,100246,381,101208,281,100186,281,101313,100,100119,200,101332,100,100069,200,101387,100,100003,10,101431,100,99996,300,102027,100,99982,100,102180,100,99970,100,102199,100,99961,100,102237,100,99944,100
2019-06-28 09:44:40.000000000,101187,281,100246,381,101208,281,100186,281,101313,100,100119,200,101332,100,100069,200,101387,100,100003,10,101431,100,99996,300,102027,100,99982,100,102180,100,99970,100,102199,100,99961,100,102237,100,99944,100
2019-06-28 09:44:46.324281754,101187,181,100246,381,101208,281,100186,281,101313,100,100119,200,101332,100,100069,200,101431,100,100003,10,102027,100,99996,300,102180,100,99982,100,102199,100,99970,100,102237,100,99961,100,102287,100,99944,100
2019-06-28 09:44:50.000000000,101208,172,100246,272,101313,172,100186,172,101332,172,100119,272,101431,172,100069,272,102027,172,100003,82,102180,100,99996,300,102199,100,99982,100,102237,100,99970,100,102287,100,99961,100,102531,100,99944,100
2019-06-28 09:44:58.265550935,101208,72,100246,272,101313,172,100186,172,101332,172,100119,272,101431,172,100069,272,102027,172,100003,82,102180,100,99996,300,102199,100,99982,100,102237,100,99970,100,102287,100,99961,100,102531,100,99944,100
2019-06-28 09:45:00.000000000,101313,223,100246,323,101332,219,100186,219,101431,219,100119,319,102027,100,100069,200,102180,100,100003,10,102199,100,99996,300,102237,100,99982,100,102287,100,99970,100,102531,100,99961,100,,,99944,100
2019-06-28 09:45:10.000000000,101313,172,100246,272,101332,172,100186,172,101431,172,100119,272,102027,172,100069,272,102180,172,100003,82,102199,100,99996,300,102237,100,99982,100,102287,100,99970,100,102531,100,99961,100,,,99944,100
2019-06-28 09:45:20.000000000,101313,281,100246,381,101332,281,100186,281,101431,100,100119,200,102027,100,100069,200,102180,100,100003,10,102199,100,99996,300,102237,100,99982,100,102287,100,99970,100,102531,100,99961,100,,,99944,100
2019-06-28 09:45:30.000000000,101313,462,100246,562,101332,100,100186,100,101431,100,100119,200,102027,100,100069,200,102180,100,100003,10,102199,100,99996,300,102237,100,99982,100,102287,100,99970,100,102531,100,99961,100,,,99944,100
2019-06-28 09:45:40.000000000,101313,281,100246,381,101332,281,100186,281,101431,100,100119,200,102027,100,100069,200,102180,100,100003,10,102199,100,99996,300,102237,100,99982,100,102287,100,99970,100,102531,100,99961,100,,,99944,100
2019-06-28 09:45:50.000000000,101313,223,100246,323,101332,219,100186,219,101431,219,100119,319,102027,100,100069,200,102180,100,100003,10,102199,100,99996,300,102237,100,99982,100,102287,100,99970,100,102531,100,99961,100,,,99944,100
2019-06-28 09:45:50.887790684,101313,223,101279,100,101332,219,100246,323,101431,219,100186,219,102027,100,100119,319,102180,100,100069,200,102199,100,100003,10,102237,100,99996,300,102287,100,99982,100,102531,100,99970,100,,,99961,100
2019-06-28 09:46:00.000000000,101313,190,101279,190,101332,190,100246,290,101431,190,100186,190,102027,190,100119,290,102180,100,100069,200,102199,100,100003,10,102237,100,99996,300,102287,100,99982,100,102531,100,99970,100,,,99961,100
2019-06-28 09:46:01.489257101,101313,190,101279,190,101332,190,101187,100,101431,190,100246,290,102027,190,100186,190,102180,100,100119,290,102199,100,100069,200,102237,100,100003,10,102287,100,99996,300,102531,100,99982,100,,,99970,100
2019-06-28 09:46:02.663725404,101313,90,101279,190,101332,190,101187,100,101431,190,100246,290,102027,190,100186,190,102180,100,100119,290,102199,100,100069,200,102237,100,100003,10,102287,100,99996,300,102531,100,99982,100,,,99970,100
2019-06-28 09:46:10.000000000,101332,281,101279,281,101431,281,101187,281,102027,100,100246,200,102180,100,100186,100,102199,100,100119,200,102237,100,100069,200,102287,100,100003,10,102531,100,99996,300,,,99982,100,,,99970,100
2019-06-28 09:46:17.104820778,101332,181,101279,281,101431,281,101187,281,102027,100,100246,200,102180,100,100186,100,102199,100,100119,200,102237,100,100069,200,102287,100,100003,10,102531,100,99996,300,,,99982,100,,,99970,100
2019-06-28 09:46:19.309566800,101332,181,101313,100,101431,281,101279,281,102027,100,101187,281,102180,100,100246,200,102199,100,100186,100,102237,100,100119,200,102287,100,100069,100,102531,100,100003,10,,,99996,300,,,99982,100
2019-06-28 09:46:20.000000000,101431,190,101313,190,102027,190,101279,190,102180,190,101187,190,102199,190,100246,290,102237,100,100186,100,102287,100,100119,200,102531,100,100069,100,,,100003,10,,,99996,300,,,99982,100
2019-06-28 09:46:30.000000000,101431,281,101313,281,102027,281,101279,281,102180,100,101187,100,102199,100,100246,200,102237,100,100186,100,102287,100,100119,200,102531,100,100069,100,,,100003,10,,,99996,300,,,99982,100
2019-06-28 09:46:40.000000000,101431,190,101313,190,102027,190,101279,190,102180,190,101187,190,102199,190,100246,290,102237,100,100186,100,102287,100,100119,200,102531,100,100069,100,,,100003,10,,,99996,300,,,99982,100
2019-06-28 09:46:50.000000000,101431,462,101313,462,102027,100,101279,100,102180,100,101187,100,102199,100,100246,200,102237,100,100186,100,102287,100,100119,200,102531,100,100069,100,,,100003,10,,,99996,300,,,99982,100
2019-06-28 09:46:51.066530660,101431,462,101313,462,102027,100,101279,100,102180,100,101187,100,102199,100,100246,100,102237,100,100186,100,102287,100,100119,200,102531,100,100069,100,,,100003,10,,,99996,300,,,99982,100
2019-06-28 09:46:58.089533520,101431,462,101313,462,101716,100,101279,100,102027,100,101187,100,102180,100,100246,100,102199,100,100186,100,102237,100,100119,200,102287,100,100069,100,102531,100,100003,10,,,99996,300,,,99982,100
2019-06-28 09:47:00.000000000,101431,223,101313,223,101716,219,101279,219,102027,219,101187,219,102180,100,100246,100,102199,100,100186,100,102237,100,100119,200,102287,100,100069,100,102531,100,100003,10,,,99996,300,,,99982,100
2019-06-28 09:47:10.000000000,101431,281,101313,281,101716,281,101279,281,102027,100,101187,100,102180,100,100246,100,102199,100,100186,100,102237,100,100119,200,102287,100,100069,100,102531,100,100003,10,,,99996,300,,,99982,100
2019-06-28 09:47:10.932040361,101431,281,101313,281,101530,100,101279,181,101716,281,101187,100,102027,100,100246,100,102180,100,100186,100,102199,100,100119,200,102237,100,100069,100,102287,100,100003,10,102531,100,99996,300,,,99982,100
2019-06-28 09:47:14.409688357,101431,281,101313,281,101530,100,101279,181,101716,281,101187,100,101725,100,100246,100,102027,100,100186,100,102180,100,100119,200,102237,100,100069,100,102287,100,100003,10,102531,100,99996,300,,,99982,100
2019-06-28 09:47:20.000000000,101431,462,101313,462,101530,100,101187,100,101716,100,100246,100,101725,100,100186,100,102027,100,100119,200,102180,100,100069,100,102237,100,100003,10,102287,100,99996,300,102531,100,99982,100,,,99970,100
2019-06-28 09:47:24.312033297,101431,362,101313,462,101530,100,101187,100,101716,100,100246,100,101725,100,100186,100,102027,100,100119,200,102180,100,100069,100,102237,100,100003,10,102287,100,99996,300,102531,100,99982,100,,,99970,100
2019-06-28 09:47:30.000000000,101530,172,101313,172,101716,172,101187,172,101725,172,100246,172,102027,172,100186,172,102180,172,100119,272,102237,100,100069,100,102287,100,100003,10,102531,100,99996,300,,,99982,100,,,99970,100
2019-06-28 09:47:33.349297012,101530,172,101403,100,101716,172,101313,172,101725,172,101187,172,102027,172,100246,172,102180,172,100186,172,102237,100,100119,272,102287,100,100069,100,102531,100,100003,10,,,99996,300,,,99982,100
2019-06-28 09:47:40.000000000,101530,462,101403,462,101716,100,101313,100,101725,100,101187,100,102027,100,100246,100,102180,100,100186,100,102237,100,100119,200,102287,100,100069,100,102531,100,100003,10,,,99996,300,,,99982,100
2019-06-28 09:47:50.000000000,101530,462,101403,462,101716,100,101313,100,101725,100,101187,100,102027,100,100246,100,102180,100,100186,100,102237,100,100119,200,102287,100,100069,100,102531,100,100003,10,,,99996,300,,,99982,100
2019-06-28 09:48:00.000000000,101530,281,101403,281,101716,281,101313,281,101725,100,101187,100,102027,100,100246,100,102180,100,100186,100,102237,100,100119,200,102287,100,100069,100,102531,100,100003,10,,,99996,300,,,99982,100
2019-06-28 09:48:02.357730294,101530,281,101437,100,101716,281,101403,281,101725,100,101313,281,102027,100,101187,100,102180,100,100246,100,102237,100,100186,100,102287,100,100119,200,102531,100,100069,100,,,100003,10,,,99996,300
2019-06-28 09:48:10.000000000,101530,190,101437,190,101716,190,101403,190,101725,190,101313,190,102027,190,101187,190,102180,100,100246,100,102237,100,100186,100,102287,100,100119,200,102531,100,100069,100,,,100003,10,,,99996,300
2019-06-28 09:48:20.000000000,101530,172,101437,172,101716,172,101403,172,101725,172,101313,172,102027,172,101187,172,102180,172,100246,172,102237,100,100186,100,102287,100,100119,200,102531,100,100069,100,,,100003,10,,,99996,300
2019-06-28 09:48:30.000000000,101530,223,101437,223,101716,219,101403,219,101725,219,101313,219,102027,100,101187,100,102180,100,100246,100,102237,100,100186,100,102287,100,100119,200,102531,100,100069,100,,,100003,10,,,99996,300
2019-06-28 09:48:40.000000000,101530,462,101437,462,101716,100,101403,100,101725,100,101313,100,102027,100,101187,100,102180,100,100246,100,102237,100,100186,100,102287,100,100119,200,102531,100,100069,100,,,100003,10,,,99996,300
2019-06-28 09:48:41.807588904,101530,462,101437,462,101716,100,101403,100,101725,100,101313,100,101849,100,101187,100,102180,100,100246,100,102237,100,100186,100,102287,100,100119,200,102531,100,100069,100,,,100003,10,,,99996,300
2019-06-28 09:48:42.447552326,101530,462,101437,462,101653,100,101403,100,101716,100,101313,100,101725,100,101187,100,101849,100,100246,100,102237,100,100186,100,102287,100,100119,200,102531,100,100069,100,,,100003,10,,,99996,300
2019-06-28 09:48:50.000000000,101530,462,101437,462,101653,100,101403,100,101716,100,101313,100,101725,100,101187,100,101849,100,100246,100,102237,100,100186,100,102287,100,100119,200,102531,100,100069,100,,,100003,10,,,99996,300
2019-06-28 09:48:58.022885917,101530,462,101437,462,101653,100,101403,100,101716,100,101375,100,101725,100,101313,100,101849,100,101187,100,102237,100,100246,100,102287,100,100186,100,102531,100,100119,200,,,100069,100,,,100003,10
2019-06-28 09:49:00.000000000,101530,172,101437,172,101653,172,101403,172,101716,172,101375,172,101725,172,101313,172,101849,172,101187,172,102237,100,100246,100,102287,100,100186,100,102531,100,100119,200,,,100069,100,,,100003,10
2019-06-28 09:49:04.822165061,101444,100,101437,172,101530,172,101403,172,101653,172,101375,172,101716,172,101313,172,101725,172,101187,172,101849,172,100246,100,102237,100,100186,100,102287,100,100119,200,102531,100,100069,100,,,100003,10
2019-06-28 09:49:10.000000000,101444,281,101437,281,101530,281,101403,281,101653,100,101375,100,101716,100,101313,100,101725,100,101187,100,101849,100,100246,100,102237,100,100186,100,102287,100,100119,200,102531,100,100069,100,,,100003,10
2019-06-28 09:49:12.654734260,101444,281,101437,281,101530,281,101403,281,101653,100,101375,100,101725,100,101313,100,101849,100,101187,100,102237,100,101158,100,102287,100,100246,100,102531,100,100186,100,,,100119,200,,,100069,100
2019-06-28 09:49:18.694428117,101444,281,101437,281,101530,281,101403,281,101653,100,101375,100,101725,100,101313,100,101849,100,101187,100,102237,100,101158,100,102287,100,101074,100,102531,100,100246,100,,,100186,100,,,100119,200
2019-06-28 09:49:19.110419658,101444,281,101437,181,101530,281,101403,281,101653,100,101375,100,101725,100,101313,100,101849,100,101187,100,102237,100,101158,100,102287,100,101074,100,102531,100,100246,100,,,100186,100,,,100119,200
2019-06-28 09:49:20.000000000,101444,190,101403,190,101530,190,101375,190,101653,190,101313,190,101725,190,101187,190,101849,100,101158,100,102237,100,101074,100,102287,100,100246,100,102531,100,100186,100,,,100119,200,,,100069,100
2019-06-28 09:49:25.762243492,101444,190,101403,90,101530,190,101375,190,101653,190,101313,190,101725,190,101187,190,101849,100,101158,100,102237,100,101074,100,102287,100,100246,100,102531,100,100186,100,,,100119,200,,,100069,100
2019-06-28 09:49:26.653700603,101437,100,101403,90,101444,190,101375,190,101530,190,101313,190,101653,190,101187,190,101725,190,101158,100,101849,100,101074,100,102237,100,100246,100,102287,100,100186,100,102531,100,100119,200,,,100069,100
2019-06-28 09:49:30.000000000,101437,223,101375,223,101444,219,101313,219,101530,219,101187,219,101653,100,101158,100,101725,100,101074,100,101849,100,100246,100,102237,100,100186,100,102287,100,100119,200,102531,100,100069,100,,,100003,10
2019-06-28 09:49:40.000000000,101437,462,101375,462,101444,100,101313,100,101530,100,101187,100,101653,100,101158,100,101725,100,101074,100,101849,100,100246,100,102237,100,100186,100,102287,100,100119,200,102531,100,100069,100,,,100003,10
2019-06-28 09:49:40.736405737,101437,462,101375,362,101444,100,101313,100,101530,100,101187,100,101653,100,101158,100,101725,100,101074,100,101849,100,100246,100,102237,100,100186,100,102287,100,100119,200,102531,100,100069,100,,,100003,10
2019-06-28 09:49:50.000000000,101437,172,101313,172,101444,172,101187,172,101530,172,101158,172,101653,172,101074,172,101725,172,100246,172,101849,100,100186,100,102237,100,100119,200,102287,100,100069,100,102531,100,100003,10,,,99996,300
2019-06-28 09:49:55.549880714,101437,172,101313,172,101444,172,101234,100,101530,172,101187,172,101653,172,101158,172,101725,172,101074,172,101849,100,100246,172,102237,100,100186,100,102287,100,100119,200,102531,100,100069,100,,,100003,10
2019-06-28 09:50:00.000000000,101437,172,101313,172,101444,172,101234,172,101530,172,101187,172,101653,172,101158,172,101725,172,101074,172,101849,100,100246,100,102237,100,100186,100,102287,100,100119,200,102531,100,100069,100,,,100003,10
2019-06-28 09:50:07.627791265,101403,100,101313,172,101437,172,101234,172,101444,172,101187,172,101530,172,101158,172,101653,172,101074,172,101725,172,100246,100,101849,100,100186,100,102237,100,100119,200,102287,100,100069,100,102531,100,100003,10
2019-06-28 09:50:10.000000000,101403,172,101313,172,101437,172,101234,172,101444,172,101187,172,101530,172,101158,172,101653,172,101074,172,101725,100,100246,100,101849,100,100186,100,102237,100,100119,200,102287,100,100069,100,102531,100,100003,10
2019-06-28 09:50:16.661389320,101403,172,101313,72,101437,172,101234,172,101444,172,101187,172,101530,172,101158,172,101653,172,101074,172,101725,100,100246,100,101849,100,100186,100,102237,100,100119,200,102287,100,100069,100,102531,100,100003,10
2019-06-28 09:50:19.000328590,101313,28,101234,172,101403,172,101187,172,101437,172,101158,172,101444,172,101074,172,101530,172,100246,100,101653,172,100186,100,101725,100,100119,200,101849,100,100069,100,102237,100,100003,10,102287,100,99996,200
2019-06-28 09:50:20.000000000,101313,151,101234,223,101403,219,101187,219,101437,219,101158,219,101444,100,101074,100,101530,100,100246,100,101653,100,100186,100,101725,100,100119,200,101849,100,100069,100,102237,100,100003,10,102287,100,99996,200
2019-06-28 09:50:28.025799906,101313,151,101234,123,101403,219,101187,219,101437,219,101158,219,101444,100,101074,100,101530,100,100246,100,101653,100,100186,100,101725,100,100119,200,101849,100,100069,100,102237,100,100003,10,102287,100,99996,200
2019-06-28 09:50:28.040908335,101313,151,101234,123,101403,219,101187,219,101437,219,101158,219,101444,100,101074,100,101530,100,100892,100,101653,100,100246,100,101725,100,100186,100,101849,100,100119,200,102237,100,100069,100,102287,100,100003,10
2019-06-28 09:50:30.000000000,101313,151,101187,223,101403,219,101158,219,101437,219,101074,219,101444,100,100892,100,101530,100,100246,100,101653,100,100186,100,101725,100,100119,200,101849,100,100069,100,102237,100,100003,10,102287,100,99996,200
2019-06-28 09:50:40.000000000,101313,151,101187,223,101403,219,101158,219,101437,219,101074,219,101444,100,100892,100,101530,100,100246,100,101653,100,100186,100,101725,100,100119,200,101849,100,100069,100,102237,100,100003,10,102287,100,99996,200
2019-06-28 09:50:41.350565684,101313,151,101187,223,101403,219,101158,219,101437,219,101074,219,101444,100,100892,100,101530,100,100186,100,101653,100,100119,200,101725,100,100069,100,101849,100,100003,10,102237,100,99996,200,102287,100,99982,100
2019-06-28 09:50:42.638733698,101312,100,101187,223,101313,151,101158,219,101403,219,101074,219,101437,219,100892,100,101444,100,100186,100,101530,100,100119,100,101653,100,100069,100,101725,100,100003,10,101849,100,99996,200,102237,100,99982,100
2019-06-28 09:50:50.000000000,101312,172,101187,172,101313,100,101158,172,101403,172,101074,172,101437,172,100892,172,101444,172,100186,172,101530,100,100119,100,101653,100,100069,100,101725,100,100003,10,101849,100,99996,200,102237,100,99982,100
2019-06-28 09:51:00.000000000,101312,223,101187,223,101313,147,101158,219,101403,219,101074,219,101437,100,100892,100,101444,100,100186,100,101530,100,100119,100,101653,100,100069,100,101725,100,100003,10,101849,100,99996,200,102237,100,99982,100
2019-06-28 09:51:07.243544935,101312,223,101187,223,101313,147,101158,219,101403,219,101074,219,101437,100,100892,100,101444,100,100592,100,101530,100,100186,100,101653,100,100119,100,101725,100,100069,100,101849,100,100003,10,102237,100,99996,200
2019-06-28 09:51:10.000000000,101312,223,101187,223,101313,147,101158,219,101403,219,101074,219,101437,100,100892,100,101444,100,100592,100,101530,100,100186,100,101653,100,100119,100,101725,100,100069,100,101849,100,100003,10,102237,100,99996,200
2019-06-28 09:51:10.170095795,101312,223,101187,223,101313,147,101158,219,101403,219,101074,219,101437,100,100892,100,101444,100,100592,100,101530,100,100268,100,101653,100,100186,100,101725,100,100119,100,101849,100,100069,100,102237,100,100003,10
2019-06-28 09:51:20.000000000,101312,281,101187,281,101313,209,101158,281,101403,100,101074,100,101437,100,100892,100,101444,100,100592,100,101530,100,100268,100,101653,100,100186,100,101725,100,100119,100,101849,100,100069,100,102237,100,100003,10
2019-06-28 09:51:21.945758158,101312,381,101187,281,101313,209,101158,281,101403,100,101074,100,101437,100,100892,100,101444,100,100592,100,101530,100,100268,100,101653,100,100186,100,101725,100,100119,100,101849,100,100069,100,102237,100,100003,10
2019-06-28 09:51:25.662358678,101312,481,101187,281,101313,209,101158,281,101403,100,101074,100,101437,100,100892,100,101444,100,100592,100,101530,100,100268,100,101653,100,100186,100,101725,100,100119,100,101849,100,100069,100,102237,100,100003,10
2019-06-28 09:51:30.000000000,101312,390,101187,190,101313,118,101158,190,101403,190,101074,190,101437,190,100892,190,101444,100,100592,100,101530,100,100268,100,101653,100,100186,100,101725,100,100119,100,101849,100,100069,100,102237,100,100003,10
2019-06-28 09:51:37.043129670,101312,490,101187,90,101313,118,101158,190,101403,190,101074,190,101437,190,100892,190,101444,100,100592,100,101530,100,100268,100,101653,100,100186,100,101725,100,100119,100,101849,100,100069,100,102237,100,100003,10
2019-06-28 09:51:40.000000000,101312,762,101158,462,101313,28,101074,100,101403,100,100892,100,101437,100,100592,100,101444,100,100268,100,101530,100,100186,100,101653,100,100119,100,101725,100,100069,100,101849,100,100003,10,102237,100,99996,200
2019-06-28 09:51:42.965137941,101312,762,101158,462,101313,28,101074,100,101403,100,100892,100,101437,100,100592,100,101444,100,100462,100,101530,100,100268,100,101653,100,100186,100,101725,100,100119,100,101849,100,100069,100,102237,100,100003,10
2019-06-28 09:51:50.000000000,101312,581,101158,281,101313,209,101074,281,101403,100,100892,100,101437,100,100592,100,101444,100,100462,100,101530,100,100268,100,101653,100,100186,100,101725,100,100119,100,101849,100,100069,100,102237,100,100003,10
2019-06-28 09:52:00.000000000,101312,490,101158,190,101313,118,101074,190,101403,190,100892,190,101437,190,100592,190,101444,100,100462,100,101530,100,100268,100,101653,100,100186,100,101725,100,100119,100,101849,100,100069,100,102237,100,100003,10
2019-06-28 09:52:02.435601390,101312,490,101158,190,101313,118,101074,190,101403,190,100892,190,101437,190,100592,190,101444,100,100462,100,101530,100,100395,100,101653,100,100268,100,101725,100,100186,100,101849,100,100119,100,102237,100,100069,100
2019-06-28 09:52:05.788229825,101312,490,101158,190,101313,118,101074,90,101403,190,100892,190,101437,190,100592,190,101444,100,100576,100,101530,100,100462,100,101653,100,100395,100,101725,100,100268,100,101849,100,100186,100,102237,100,100119,100
2019-06-28 09:52:10.000000000,101312,490,101158,190,101313,118,100892,190,101403,190,100592,190,101437,190,100576,190,101444,100,100462,100,101530,100,100395,100,101653,100,100268,100,101725,100,100186,100,101849,100,100119,100,102237,100,100069,100
2019-06-28 09:52:19.483032051,101312,490,101158,90,101313,118,100892,190,101403,190,100592,190,101437,190,100576,190,101444,100,100462,100,101530,100,100395,100,101653,100,100268,100,101725,100,100186,100,101849,100,100119,100,102237,100,100069,100
2019-06-28 09:52:20.000000000,101312,472,100892,172,101313,100,100592,172,101403,172,100576,172,101437,172,100462,172,101444,172,100395,172,101530,100,100268,100,101653,100,100186,100,101725,100,100119,100,101849,100,100069,100,102237,100,99996,200
2019-06-28 09:52:28.413138296,100987,100,100892,172,101312,472,100592,172,101313,100,100576,172,101403,172,100462,172,101437,172,100395,172,101444,172,100268,100,101530,100,100186,100,101653,100,100119,100,101725,100,100069,100,101849,100,99996,200
2019-06-28 09:52:30.000000000,100987,190,100892,190,101312,490,100592,190,101313,118,100576,190,101403,190,100462,190,101437,100,100395,100,101444,100,100268,100,101530,100,100186,100,101653,100,100119,100,101725,100,100069,100,101849,100,99996,200
2019-06-28 09:52:40.000000000,100987,223,100892,223,101312,519,100592,219,101313,147,100576,219,101403,100,100462,100,101437,100,100395,100,101444,100,100268,100,101530,100,100186,100,101653,100,100119,100,101725,100,100069,100,101849,100,99996,200
2019-06-28 09:52:43.907319704,100987,223,100892,223,101312,519,100779,100,101313,147,100592,219,101403,100,100576,219,101437,100,100462,100,101444,100,100395,100,101530,100,100268,100,101653,100,100186,100,101725,100,100119,100,101849,100,100069,100
2019-06-28 09:52:50.000000000,100987,281,100892,281,101312,581,100779,281,101313,28,100592,100,101403,100,100576,100,101437,100,100462,100,101444,100,100395,100,101530,100,100268,100,101653,100,100186,100,101725,100,100119,100,101849,100,100069,100
2019-06-28 09:52:53.180538902,100987,281,100892,281,101312,581,100779,281,101313,28,100592,100,101403,100,100576,100,101437,100,100462,100,101444,100,100395,100,101530,100,100268,100,101653,100,100186,100,101725,100,100069,100,101849,100,99996,200
2019-06-28 09:53:00.000000000,100987,190,100892,190,101312,490,100779,190,101313,118,100592,190,101403,190,100576,190,101437,100,100462,100,101444,100,100395,100,101530,100,100268,100,101653,100,100186,100,101725,100,100069,100,101849,100,99996,200
2019-06-28 09:53:02.602155888,100987,190,100892,90,101312,490,100779,190,101313,118,100592,190,101403,190,100576,190,101437,100,100462,100,101444,100,100395,100,101530,100,100268,100,101653,100,100186,100,101725,100,100069,100,101849,100,99996,200
2019-06-28 09:53:10.000000000,100987,223,100779,223,101312,519,100592,219,101313,147,100576,219,101403,100,100462,100,101437,100,100395,100,101444,100,100268,100,101530,100,100186,100,101653,100,100069,100,101725,100,99996,200,101849,100,99982,100
2019-06-28 09:53:20.000000000,100987,190,100779,190,101312,490,100592,190,101313,118,100576,190,101403,190,100462,190,101437,100,100395,100,101444,100,100268,100,101530,100,100186,100,101653,100,100069,100,101725,100,99996,200,101849,100,99982,100
2019-06-28 09:53:23.416397344,100987,190,100779,190,101312,390,100592,190,101313,118,100576,190,101403,190,100462,190,101437,100,100395,100,101444,100,100268,100,101530,100,100186,100,101653,100,100069,100,101725,100,99996,200,101849,100,99982,100
2019-06-28 09:53:30.000000000,100987,172,100779,172,101312,372,100592,172,101313,100,100576,172,101403,172,100462,172,101437,172,100395,172,101444,100,100268,100,101530,100,100186,100,101653,100,100069,100,101725,100,99996,200,101849,100,99982,100
2019-06-28 09:53:40.000000000,100987,281,100779,281,101312,481,100592,281,101313,28,100576,100,101403,100,100462,100,101437,100,100395,100,101444,100,100268,100,101530,100,100186,100,101653,100,100069,100,101725,100,99996,200,101849,100,99982,100
2019-06-28 09:53:50.000000000,100987,172,100779,172,101312,372,100592,172,101313,100,100576,172,101403,172,100462,172,101437,172,100395,172,101444,100,100268,100,101530,100,100186,100,101653,100,100069,100,101725,100,99996,200,101849,100,99982,100
2019-06-28 09:53:57.265394065,100987,172,100779,172,101158,100,100592,172,101312,372,100576,172,101313,100,100462,172,101403,172,100395,172,101437,172,100268,100,101444,100,100186,100,101530,100,100069,100,101653,100,99996,100,101725,100,99982,100
2019-06-28 09:53:59.198394203,100987,172,100779,172,101158,100,100592,172,101312,372,100576,172,101313,100,100462,172,101403,172,100395,172,101437,172,100278,100,101444,100,100268,100,101530,100,100186,100,101653,100,100069,100,101725,100,99996,100
2019-06-28 09:54:00.000000000,100987,223,100779,223,101158,219,100592,219,101312,419,100576,219,101313,28,100462,100,101403,100,100395,100,101437,100,100278,100,101444,100,100268,100,101530,100,100186,100,101653,100,100069,100,101725,100,99996,100
2019-06-28 09:54:03.362937570,100987,223,100779,223,101158,319,100592,219,101312,419,100576,219,101313,28,100462,100,101403,100,100395,100,101437,100,100278,100,101444,100,100268,100,101530,100,100186,100,101653,100,100069,100,101725,100,99982,100
2019-06-28 09:54:06.900227334,100987,223,100779,123,101158,319,100592,219,101312,419,100576,219,101313,28,100462,100,101403,100,100395,100,101437,100,100278,100,101444,100,100268,100,101530,100,100186,100,101653,100,100069,100,101725,100,99982,100
2019-06-28 09:54:10.000000000,100987,223,100592,223,101158,319,100576,219,101312,419,100462,219,101313,28,100395,100,101403,100,100278,100,101437,100,100268,100,101444,100,100186,100,101530,100,100069,100,101653,100,99982,100,101725,100,99970,100
2019-06-28 09:54:13.366718407,100987,223,100592,123,101158,319,100576,219,101312,419,100462,219,101313,28,100395,100,101403,100,100278,100,101437,100,100186,100,101444,100,100069,100,101530,100,99982,100,101653,100,99970,100,101725,100,99887,100
2019-06-28 09:54:20.000000000,100987,281,100576,281,101158,381,100462,281,101312,300,100395,100,101313,28,100278,100,101403,100,100186,100,101437,100,100069,100,101444,100,99982,100,101530,100,99970,100,101653,100,99887,100,101725,100,99858,100
2019-06-28 09:54:30.000000000,100987,281,100576,281,101158,381,100462,281,101312,300,100395,100,101313,28,100278,100,101403,100,100186,100,101437,100,100069,100,101444,100,99982,100,101530,100,99970,100,101653,100,99887,100,101725,100,99858,100
2019-06-28 09:54:40.000000000,100987,190,100576,190,101158,290,100462,190,101312,390,100395,190,101313,118,100278,190,101403,100,100186,100,101437,100,100069,100,101444,100,99982,100,101530,100,99970,100,101653,100,99887,100,101725,100,99858,100
2019-06-28 09:54:44.840876014,100987,190,100576,190,101158,290,100462,190,101312,390,100395,190,101313,118,100278,190,101403,100,100186,100,101437,100,100069,100,101444,100,99970,100,101530,100,99887,100,101653,100,99858,100,101725,100,99818,100
2019-06-28 09:54:50.000000000,100987,281,100576,281,101158,381,100462,281,101312,300,100395,100,101313,28,100278,100,101403,100,100186,100,101437,100,100069,100,101444,100,99970,100,101530,100,99887,100,101653,100,99858,100,101725,100,99818,100
2019-06-28 09:55:00.000000000,100987,462,100576,462,101158,200,100462,100,101312,300,100395,100,101313,28,100278,100,101403,100,100186,100,101437,100,100069,100,101444,100,99970,100,101530,100,99887,100,101653,100,99858,100,101725,100,99818,100
2019-06-28 09:55:10.000000000,100987,281,100576,281,101158,381,100462,281,101312,300,100395,100,101313,28,100278,100,101403,100,100186,100,101437,100,100069,100,101444,100,99970,100,101530,100,99887,100,101653,100,99858,100,101725,100,99818,100
2019-06-28 09:55:17.384023437,100779,100,100576,281,100987,281,100462,281,101158,381,100395,100,101312,300,100278,100,101313,28,100186,100,101403,100,100069,100,101437,100,99970,100,101444,100,99887,100,101530,100,99858,100,101653,100,99818,100
2019-06-28 09:55:20.000000000,100779,462,100576,462,100987,100,100462,100,101158,200,100395,100,101312,300,100278,100,101313,28,100186,100,101403,100,100069,100,101437,100,99970,100,101444,100,99887,100,101530,100,99858,100,101653,100,99818,100
2019-06-28 09:55:30.000000000,100779,462,100576,462,100987,100,100462,100,101158,200,100395,100,101312,300,100278,100,101313,28,100186,100,101403,100,100069,100,101437,100,99970,100,101444,100,99887,100,101530,100,99858,100,101653,100,99818,100
2019-06-28 09:55:31.445395733,100779,562,100576,462,100987,100,100462,100,101158,200,100395,100,101312,300,100278,100,101313,28,100186,100,101403,100,100069,100,101437,100,99970,100,101444,100,99887,100,101530,100,99858,100,101653,100,99818,100
2019-06-28 09:55:40.000000000,100779,290,100576,190,100987,190,100462,190,101158,290,100395,190,101312,390,100278,190,101313,28,100186,100,101403,100,100069,100,101437,100,99970,100,101444,100,99887,100,101530,100,99858,100,101653,100,99818,100
2019-06-28 09:55:50.000000000,100779,290,100576,190,100987,190,100462,190,101158,290,100395,190,101312,390,100278,190,101313,28,100186,100,101403,100,100069,100,101437,100,99970,100,101444,100,99887,100,101530,100,99858,100,101653,100,99818,100
2019-06-28 09:56:00.000000000,100779,381,100576,281,100987,281,100462,281,101158,200,100395,100,101312,300,100278,100,101313,28,100186,100,101403,100,100069,100,101437,100,99970,100,101444,100,99887,100,101530,100,99858,100,101653,100,99818,100
2019-06-28 09:56:04.817816587,100779,481,100576,281,100987,281,100462,281,101158,200,100395,100,101312,300,100278,100,101313,28,100186,100,101403,100,100069,100,101437,100,99970,100,101444,100,99887,100,101530,100,99858,100,101653,100,99818,100
2019-06-28 09:56:10.000000000,100779,372,100576,172,100987,172,100462,172,101158,272,100395,172,101312,372,100278,172,101313,100,100186,172,101403,100,100069,100,101437,100,99970,100,101444,100,99887,100,101530,100,99858,100,101653,100,99818,100
2019-06-28 09:56:20.000000000,100779,662,100576,462,100987,100,100462,100,101158,200,100395,100,101312,300,100278,100,101313,28,100186,100,101403,100,100069,100,101437,100,99970,100,101444,100,99887,100,101530,100,99858,100,101653,100,99818,100
2019-06-28 09:56:28.632301577,100779,762,100576,462,100987,100,100462,100,101158,200,100395,100,101312,200,100278,100,101313,28,100186,100,101403,100,100069,100,101437,100,99970,100,101444,100,99887,100,101530,100,99858,100,101653,100,99818,100
2019-06-28 09:56:28.635340865,100779,762,100576,462,100987,100,100462,100,101158,200,100395,100,101312,200,100278,100,101313,28,100186,100,101403,100,100069,100,101437,100,99970,100,101444,100,99887,100,101530,100,99858,100,101653,100,99818,100
2019-06-28 09:56:30.000000000,100779,490,100576,190,100987,190,100462,190,101158,290,100395,190,101312,290,100278,190,101313,28,100186,100,101403,100,100069,100,101437,100,99970,100,101444,100,99887,100,101530,100,99858,100,101653,100,99818,100
2019-06-28 09:56:38.598262504,100779,490,100576,190,100987,190,100462,190,101158,290,100395,190,101312,290,100278,190,101313,28,100186,100,101403,100,100069,100,101437,100,99970,100,101444,100,99887,100,101530,100,99858,100,101653,100,99818,100
2019-06-28 09:56:40.000000000,100779,490,100576,190,100987,190,100462,190,101158,290,100395,190,101312,290,100278,190,101313,28,100186,100,101403,100,100069,100,101437,100,99970,100,101444,100,99887,100,101530,100,99858,100,101653,100,99818,100
2019-06-28 09:56:43.274507851,100779,490,100576,190,100987,190,100462,190,101158,190,100395,190,101312,290,100278,190,101313,28,100186,100,101403,100,100069,100,101437,100,99970,100,101444,100,99887,100,101530,100,99858,100,101653,100,99818,100
2019-06-28 09:56:50.000000000,100779,472,100576,172,100987,172,100462,172,101158,172,100395,172,101312,272,100278,172,101313,100,100186,172,101403,100,100069,100,101437,100,99970,100,101444,100,99887,100,101530,100,99858,100,101653,100,99818,100
2019-06-28 09:56:56.250129059,100779,472,100576,72,100987,172,100462,172,101158,172,100395,172,101312,272,100278,172,101313,100,100186,172,101403,100,100069,100,101437,100,99970,100,101444,100,99887,100,101530,100,99858,100,101653,100,99818,100
2019-06-28 09:57:00.000000000,100779,762,100462,462,100987,100,100395,100,101158,100,100278,100,101312,200,100186,100,101313,28,100069,100,101403,100,99970,100,101437,100,99887,100,101444,100,99858,100,101530,100,99818,100,101653,100,99260,100
2019-06-28 09:57:09.608112369,100779,762,100462,462,100987,100,100395,100,101158,100,100278,100,101312,200,100186,100,101313,28,100069,100,101403,100,99970,100,101437,100,99887,100,101444,100,99858,100,101530,100,99818,100,101653,100,99260,100
2019-06-28 09:57:10.000000000,100779,523,100462,223,100987,219,100395,219,101158,219,100278,219,101312,200,100186,100,101313,28,100069,100,101403,100,99970,100,101437,100,99887,100,101444,100,99858,100,101530,100,99818,100,101653,100,99260,100
2019-06-28 09:57:20.000000000,100779,581,100462,281,100987,281,100395,281,101158,100,100278,100,101312,200,100186,100,101313,28,100069,100,101403,100,99970,100,101437,100,99887,100,101444,100,99858,100,101530,100,99818,100,101653,100,99260,100
2019-06-28 09:57:30.000000000,100779,472,100462,172,100987,172,100395,172,101158,172,100278,172,101312,272,100186,172,101313,100,100069,172,101403,100,99970,100,101437,100,99887,100,101444,100,99858,100,101530,100,99818,100,101653,100,99260,100
2019-06-28 09:57:34.875593432,100779,472,100462,172,100987,172,100395,172,101158,172,100278,172,101312,272,100186,172,101313,100,100069,172,101403,100,99970,100,101437,100,99887,100,101444,100,99858,100,101530,100,99818,100,101653,100,99406,100
2019-06-28 09:57:40.000000000,100779,523,100462,223,100987,219,100395,219,101158,219,100278,219,101312,200,100186,100,101313,28,100069,100,101403,100,99970,100,101437,100,99887,100,101444,100,99858,100,101530,100,99818,100,101653,100,99406,100
2019-06-28 09:57:50.000000000,100779,490,100462,190,100987,190,100395,190,101158,190,100278,190,101312,290,100186,190,101313,28,100069,100,101403,100,99970,100,101437,100,99887,100,101444,100,99858,100,101530,100,99818,100,101653,100,99406,100
2019-06-28 09:58:00.000000000,100779,472,100462,172,100987,172,100395,172,101158,172,100278,172,101312,272,100186,172,101313,100,100069,172,101403,100,99970,100,101437,100,99887,100,101444,100,99858,100,101530,100,99818,100,101653,100,99406,100
2019-06-28 09:58:10.000000000,100779,523,100462,223,100987,219,100395,219,101158,219,100278,219,101312,200,100186,100,101313,28,100069,100,101403,100,99970,100,101437,100,99887,100,101444,100,99858,100,101530,100,99818,100,101653,100,99406,100
2019-06-28 09:58:20.000000000,100779,472,100462,172,100987,172,100395,172,101158,172,100278,172,101312,272,100186,172,101313,100,100069,172,101403,100,99970,100,101437,100,99887,100,101444,100,99858,100,101530,100,99818,100,101653,100,99406,100
2019-06-28 09:58:30.000000000,100779,490,100462,190,100987,190,100395,190,101158,190,100278,190,101312,290,100186,190,101313,28,100069,100,101403,100,99970,100,101437,100,99887,100,101444,100,99858,100,101530,100,99818,100,101653,100,99406,100
2019-06-28 09:58:37.899846965,100779,490,100462,190,100987,190,100395,190,101158,190,100278,190,101312,290,100186,190,101313,28,100164,100,101403,100,100069,100,101437,100,99970,100,101444,100,99887,100,101530,100,99858,100,101653,100,99818,100
2019-06-28 09:58:40.000000000,100779,581,100462,281,100987,281,100395,281,101158,100,100278,100,101312,200,100186,100,101313,28,100164,100,101403,100,100069,100,101437,100,99970,100,101444,100,99887,100,101530,100,99858,100,101653,100,99818,100
2019-06-28 09:58:50.000000000,100779,762,100462,462,100987,100,100395,100,101158,100,100278,100,101312,200,100186,100,101313,28,100164,100,101403,100,100069,100,101437,100,99970,100,101444,100,99887,100,101530,100,99858,100,101653,100,99818,100
2019-06-28 09:59:00.000000000,100779,581,100462,281,100987,281,100395,281,101158,100,100278,100,101312,200,100186,100,101313,28,100164,100,101403,100,100069,100,101437,100,99970,100,101444,100,99887,100,101530,100,99858,100,101653,100,99818,100
2019-06-28 09:59:10.000000000,100779,581,100462,281,100987,281,100395,281,101158,100,100278,100,101312,200,100186,100,101313,28,100164,100,101403,100,100069,100,101437,100,99970,100,101444,100,99887,100,101530,100,99858,100,101653,100,99818,100
2019-06-28 09:59:20.000000000,100779,581,100462,281,100987,281,100395,281,101158,100,100278,100,101312,200,100186,100,101313,28,100164,100,101403,100,100069,100,101437,100,99970,100,101444,100,99887,100,101530,100,99858,100,101653,100,99818,100
2019-06-28 09:59:22.937094474,100779,581,100462,181,100987,281,100395,281,101158,100,100278,100,101312,200,100186,100,101313,28,100164,100,101403,100,100069,100,101437,100,99970,100,101444,100,99887,100,101530,100,99858,100,101653,100,99818,100
2019-06-28 09:59:30.000000000,100779,490,100395,190,100987,190,100278,190,101158,190,100186,190,101312,290,100164,190,101313,28,100069,100,101403,100,99970,100,101437,100,99887,100,101444,100,99858,100,101530,100,99818,100,101653,100,99406,100
2019-06-28 09:59:40.000000000,100779,472,100395,172,100987,172,100278,172,101158,172,100186,172,101312,272,100164,172,101313,100,100069,172,101403,100,99970,100,101437,100,99887,100,101444,100,99858,100,101530,100,99818,100,101653,100,99406,100
2019-06-28 09:59:50.000000000,100779,472,100395,172,100987,172,100278,172,101158,172,100186,172,101312,272,100164,172,101313,100,100069,172,101403,100,99970,100,101437,100,99887,100,101444,100,99858,100,101530,100,99818,100,101653,100,99406,100
2019-06-28 10:00:00.000000000,100779,762,100395,462,100987,100,100278,100,101158,100,100186,100,101312,200,100164,100,101313,28,100069,100,101403,100,99970,100,101437,100,99887,100,101444,100,99858,100,101530,100,99818,100,101653,100,99406,100
2019-06-28 10:00:10.000000000,100779,762,100395,462,100987,100,100278,100,101158,100,100186,100,101312,200,100164,100,101313,28,100069,100,101403,100,99970,100,101437,100,99887,100,101444,100,99858,100,101530,100,99818,100,101653,100,99406,100
2019-06-28 10:00:20.000000000,100779,490,100395,190,100987,190,100278,190,101158,190,100186,190,101312,290,100164,190,101313,28,100069,100,101403,100,99970,100,101437,100,99887,100,101444,100,99858,100,101530,100,99818,100,101653,100,99406,100
2019-06-28 10:00:24.896034261,100779,490,100395,190,100987,190,100278,190,101158,190,100186,190,101312,290,100164,190,101313,28,100069,100,101403,100,99970,100,101437,100,99887,100,101444,100,99858,100,101653,100,99818,100,101725,100,99715,100
2019-06-28 10:00:29.318174791,100779,490,100395,90,100987,190,100278,190,101158,190,100186,190,101312,290,100164,190,101313,28,100069,100,101403,100,99970,100,101437,100,99887,100,101444,100,99858,100,101653,100,99818,100,101725,100,99715,100
2019-06-28 10:00:30.000000000,100779,581,100278,281,100987,281,100186,281,101158,100,100164,100,101312,200,100069,100,101313,28,99970,100,101403,100,99887,100,101437,100,99858,100,101444,100,99818,100,101653,100,99715,100,101725,100,99406,100
2019-06-28 10:00:40.000000000,100779,472,100278,172,100987,172,100186,172,101158,172,100164,172,101312,272,100069,172,101313,100,99970,172,101403,100,99887,100,101437,100,99858,100,101444,100,99818,100,101653,100,99715,100,101725,100,99406,100
2019-06-28 10:00:50.000000000,100779,472,100278,172,100987,172,100186,172,101158,172,100164,172,101312,272,100069,172,101313,100,99970,172,101403,100,99887,100,101437,100,99858,100,101444,100,99818,100,101653,100,99715,100,101725,100,99406,100
2019-06-28 10:00:52.230355091,100779,472,100278,172,100987,172,100186,172,101158,172,100164,172,101312,172,100069,172,101313,100,99970,172,101403,100,99887,100,101437,100,99858,100,101444,100,99818,100,101653,100,99715,100,101725,100,99406,100
2019-06-28 10:00:54.103471954,100779,472,100278,172,100987,172,100186,172,101158,172,100164,172,101312,172,100069,172,101313,100,99970,172,101403,100,99887,100,101437,100,99858,100,101653,100,99818,100,101725,100,99715,100,101849,100,99622,100
2019-06-28 10:00:57.201933518,100462,100,100278,172,100779,372,100186,172,100987,172,100164,172,101158,172,100069,172,101312,172,99970,172,101313,100,99887,100,101403,100,99858,100,101437,100,99818,100,101653,100,99715,100,101725,100,99622,100
2019-06-28 10:01:00.000000000,100462,190,100278,190,100779,390,100186,190,100987,190,100164,190,101158,190,100069,190,101312,100,99970,100,101313,28,99887,100,101403,100,99858,100,101437,100,99818,100,101653,100,99715,100,101725,100,99622,100
2019-06-28 10:01:01.973770659,100462,190,100278,190,100779,390,100186,190,100987,190,100164,190,101158,190,100069,190,101312,100,99970,100,101313,28,99887,100,101403,100,99858,100,101437,100,99818,100,101653,100,99715,100,101725,100,99622,100
2019-06-28 10:01:07.595814860,100462,190,100278,190,100779,390,100186,190,100987,190,100164,190,101158,190,100069,190,101312,100,99970,100,101313,28,99887,100,101403,100,99858,100,101437,100,99818,100,101653,100,99715,100,101725,100,99622,100
2019-06-28 10:01:10.000000000,100462,190,100278,190,100779,390,100186,190,100987,190,100164,190,101158,190,100069,190,101312,100,99970,100,101313,28,99887,100,101403,100,99858,100,101437,100,99818,100,101653,100,99715,100,101725,100,99622,100
2019-06-28 10:01:13.577686244,100462,190,100278,190,100779,390,100186,190,100987,190,100164,190,101158,190,100069,190,101312,100,99970,100,101313,28,99858,100,101403,100,99818,100,101437,100,99754,100,101653,100,99715,100,101725,100,99622,100
2019-06-28 10:01:20.000000000,100462,223,100278,223,100779,419,100186,219,100987,219,100164,219,101158,100,100069,100,101312,100,99970,100,101313,28,99858,100,101403,100,99818,100,101437,100,99754,100,101653,100,99715,100,101725,100,99622,100
2019-06-28 10:01:22.675205379,100462,223,100278,223,100779,419,100186,219,100987,219,100164,219,101158,100,100069,100,101312,100,99970,100,101313,28,99858,100,101403,100,99818,100,101437,100,99754,100,101653,100,99715,100,101725,100,99708,100
2019-06-28 10:01:23.864349570,100462,223,100278,223,100779,419,100186,219,100987,219,100164,219,101158,100,100069,100,101312,100,99970,100,101313,28,99858,100,101403,100,99818,100,101437,100,99754,100,101653,100,99732,100,101725,100,99715,100
2019-06-28 10:01:25.169365296,100462,223,100278,123,100779,419,100186,219,100987,219,100164,219,101158,100,100069,100,101312,100,99970,100,101313,28,99858,100,101403,100,99754,100,101437,100,99732,100,101653,100,99715,100,101725,100,99622,100
2019-06-28 10:01:28.285997975,100462,223,100278,123,100779,419,100186,219,100987,219,100164,219,101158,100,100069,100,101312,100,99970,100,101313,28,99858,100,101403,100,99754,100,101437,100,99732,100,101653,100,99715,100,101725,100,99622,100
2019-06-28 10:01:30.000000000,100462,462,100186,462,100779,300,100164,100,100987,100,100069,100,101158,100,99970,100,101312,100,99858,100,101313,28,99754,100,101403,100,99732,100,101437,100,99715,100,101653,100,99622,100,101725,100,99580,100
2019-06-28 10:01:40.000000000,100462,223,100186,223,100779,419,100164,219,100987,219,100069,219,101158,100,99970,100,101312,100,99858,100,101313,28,99754,100,101403,100,99732,100,101437,100,99715,100,101653,100,99622,100,101725,100,99580,100
2019-06-28 10:01:50.000000000,100462,462,100186,462,100779,300,100164,100,100987,100,100069,100,101158,100,99970,100,101312,100,99858,100,101313,28,99754,100,101403,100,99732,100,101437,100,99715,100,101653,100,99622,100,101725,100,99580,100
2019-06-28 10:01:56.567453123,100395,100,100186,462,100462,462,100164,100,100779,300,100069,100,100987,100,99970,100,101158,100,99858,100,101312,100,99754,100,101313,28,99732,100,101403,100,99715,100,101437,100,99622,100,101653,100,99580,100
2019-06-28 10:01:58.287299720,100395,100,100186,462,100462,462,100164,100,100779,300,100104,100,100987,100,100069,100,101158,100,99970,100,101312,100,99858,100,101313,28,99754,100,101403,100,99732,100,101437,100,99715,100,101653,100,99622,100
2019-06-28 10:02:00.000000000,100395,462,100186,462,100462,100,100164,100,100779,300,100104,100,100987,100,100069,100,101158,100,99970,100,101312,100,99858,100,101313,28,99754,100,101403,100,99732,100,101437,100,99715,100,101653,100,99622,100
2019-06-28 10:02:05.544043780,100395,462,100279,100,100462,100,100186,462,100779,300,100164,100,100987,100,100104,100,101158,100,100069,100,101312,100,99970,100,101313,28,99858,100,101437,100,99754,100,101653,100,99732,100,101725,100,99715,100
2019-06-28 10:02:10.000000000,100395,223,100279,223,100462,219,100186,219,100779,419,100164,219,100987,100,100104,100,101158,100,100069,100,101312,100,99970,100,101313,28,99858,100,101437,100,99754,100,101653,100,99732,100,101725,100,99715,100
2019-06-28 10:02:17.073930498,100395,223,100279,223,100462,219,100186,219,100779,419,100164,219,100987,100,100104,100,101158,100,100069,100,101312,100,99970,100,101313,28,99858,100,101437,100,99778,100,101653,100,99754,100,101725,100,99732,100
2019-06-28 10:02:20.000000000,100395,172,100279,172,100462,172,100186,172,100779,372,100164,172,100987,172,100104,172,101158,172,100069,172,101312,100,99970,100,101313,28,99858,100,101437,100,99778,100,101653,100,99754,100,101725,100,99732,100
2019-06-28 10:02:30.000000000,100395,172,100279,172,100462,172,100186,172,100779,372,100164,172,100987,172,100104,172,101158,172,100069,172,101312,100,99970,100,101313,28,99858,100,101437,100,99778,100,101653,100,99754,100,101725,100,99732,100
2019-06-28 10:02:36.973407021,100395,172,100279,72,100462,172,100186,172,100779,372,100164,172,100987,172,100104,172,101158,172,100069,172,101312,100,99970,100,101313,28,99858,100,101437,100,99778,100,101653,100,99754,100,101725,100,99732,100
2019-06-28 10:02:38.009984547,100279,28,100186,172,100395,172,100164,172,100462,172,100104,172,100779,372,100069,172,100987,172,99970,100,101158,172,99858,100,101312,100,99778,100,101313,28,99754,100,101437,100,99732,100,101653,100,99715,100
2019-06-28 10:02:40.000000000,100279,390,100186,462,100395,100,100164,100,100462,100,100104,100,100779,300,100069,100,100987,100,99970,100,101158,100,99858,100,101312,100,99778,100,101313,28,99754,100,101437,100,99732,100,101653,100,99715,100
2019-06-28 10:02:44.250546448,100279,490,100186,462,100395,100,100164,100,100462,100,100104,100,100779,300,100069,100,100987,100,99970,100,101312,100,99858,100,101313,28,99778,100,101437,100,99754,100,101653,100,99732,100,101725,100,99715,100
2019-06-28 10:02:48.950446925,100279,590,100186,462,100395,100,100164,100,100462,100,100104,100,100779,300,100069,100,100987,100,99970,100,101312,100,99858,100,101313,28,99778,100,101437,100,99754,100,101653,100,99732,100,101725,100,99715,100
2019-06-28 10:02:50.000000000,100279,409,100186,281,100395,281,100164,281,100462,100,100104,100,100779,300,100069,100,100987,100,99970,100,101312,100,99858,100,101313,28,99778,100,101437,100,99754,100,101653,100,99732,100,101725,100,99715,100
2019-06-28 10:02:55.594263186,100279,409,100186,181,100395,281,100164,281,100462,100,100104,100,100779,300,100069,100,100987,100,99970,100,101312,100,99858,100,101313,28,99778,100,101437,100,99754,100,101653,100,99732,100,101725,100,99715,100
2019-06-28 10:03:00.000000000,100279,318,100164,190,100395,190,100104,190,100462,190,100069,190,100779,390,99970,190,100987,100,99858,100,101312,100,99778,100,101313,28,99754,100,101437,100,99732,100,101653,100,99715,100,101725,100,99622,100
2019-06-28 10:03:10.000000000,100279,351,100164,223,100395,219,100104,219,100462,219,100069,219,100779,300,99970,100,100987,100,99858,100,101312,100,99778,100,101313,28,99754,100,101437,100,99732,100,101653,100,99715,100,101725,100,99622,100
2019-06-28 10:03:20.000000000,100279,300,100164,172,100395,172,100104,172,100462,172,100069,172,100779,372,99970,172,100987,172,99858,172,101312,100,99778,100,101313,28,99754,100,101437,100,99732,100,101653,100,99715,100,101725,100,99622,100
2019-06-28 10:03:26.714154695,100279,300,100164,72,100395,172,100104,172,100462,172,100069,172,100779,372,99970,172,100987,172,99858,172,101312,100,99778,100,101313,28,99754,100,101437,100,99732,100,101653,100,99715,100,101725,100,99622,100
2019-06-28 10:03:30.000000000,100279,590,100104,462,100395,100,100069,100,100462,100,99970,100,100779,300,99858,100,100987,100,99778,100,101312,100,99754,100,101313,28,99732,100,101437,100,99715,100,101653,100,99622,100,101725,100,99580,100
2019-06-28 10:03:30.567163376,100279,590,100104,362,100395,100,100069,100,100462,100,99970,100,100779,300,99858,100,100987,100,99778,100,101312,100,99754,100,101313,28,99732,100,101437,100,99715,100,101653,100,99622,100,101725,100,99580,100
2019-06-28 10:03:40.000000000,100279,351,100069,223,100395,219,99970,219,100462,219,99858,219,100779,300,99778,100,100987,100,99754,100,101312,100,99732,100,101313,28,99715,100,101437,100,99622,100,101653,100,99580,100,101725,100,99452,100
2019-06-28 10:03:50.000000000,100279,590,100069,462,100395,100,99970,100,100462,100,99858,100,100779,300,99778,100,100987,100,99754,100,101312,100,99732,100,101313,28,99715,100,101437,100,99622,100,101653,100,99580,100,101725,100,99452,100
2019-06-28 10:04:00.000000000,100279,590,100069,462,100395,100,99970,100,100462,100,99858,100,100779,300,99778,100,100987,100,99754,100,101312,100,99732,100,101313,28,99715,100,101437,100,99622,100,101653,100,99580,100,101725,100,99452,100
2019-06-28 10:04:04.998987399,100279,590,100069,462,100395,100,100039,100,100462,100,99970,100,100779,300,99858,100,100987,100,99778,100,101312,100,99754,100,101313,28,99732,100,101437,100,99715,100,101653,100,99622,100,101725,100,99580,100
2019-06-28 10:04:10.000000000,100279,318,100069,190,100395,190,100039,190,100462,190,99970,190,100779,390,99858,190,100987,100,99778,100,101312,100,99754,100,101313,28,99732,100,101437,100,99715,100,101653,100,99622,100,101725,100,99580,100
2019-06-28 10:04:14.701548853,100164,100,100069,190,100279,318,100039,190,100395,190,99970,190,100462,190,99858,190,100779,390,99778,100,100987,100,99754,100,101312,100,99732,100,101313,28,99715,100,101437,100,99622,100,101653,100,99580,100
2019-06-28 10:04:17.248548639,100164,100,100069,190,100279,318,100039,190,100395,190,99970,190,100462,90,99858,190,100779,390,99778,100,100987,100,99754,100,101312,100,99732,100,101313,28,99715,100,101437,100,99622,100,101653,100,99580,100
2019-06-28 10:04:20.000000000,100164,190,100069,190,100279,318,100039,190,100395,190,99970,190,100779,390,99858,190,100987,100,99778,100,101312,100,99754,100,101313,28,99732,100,101437,100,99715,100,101653,100,99622,100,101725,100,99580,100
2019-06-28 10:04:29.254790526,100164,190,100069,190,100279,318,100039,190,100395,190,99970,190,100779,390,99858,190,100987,100,99778,100,101313,28,99754,100,101437,100,99732,100,101653,100,99715,100,101725,100,99622,100,101849,100,99580,100
2019-06-28 10:04:30.000000000,100164,281,100069,281,100279,409,100039,281,100395,100,99970,100,100779,300,99858,100,100987,100,99778,100,101313,28,99754,100,101437,100,99732,100,101653,100,99715,100,101725,100,99622,100,101849,100,99580,100
2019-06-28 10:04:36.391575085,100164,381,100069,281,100279,409,100039,281,100395,100,99970,100,100779,300,99858,100,100987,100,99778,100,101313,28,99754,100,101437,100,99732,100,101653,100,99715,100,101725,100,99622,100,101849,100,99580,100
2019-06-28 10:04:40.000000000,100164,272,100069,172,100279,300,100039,172,100395,172,99970,172,100779,372,99858,172,100987,172,99778,172,101313,28,99754,100,101437,100,99732,100,101653,100,99715,100,101725,100,99622,100,101849,100,99580,100
2019-06-28 10:04:50.000000000,100164,323,100069,223,100279,347,100039,219,100395,219,99970,219,100779,300,99858,100,100987,100,99778,100,101313,28,99754,100,101437,100,99732,100,101653,100,99715,100,101725,100,99622,100,101849,100,99580,100
2019-06-28 10:05:00.000000000,100164,323,100069,223,100279,347,100039,219,100395,219,99970,219,100779,300,99858,100,100987,100,99778,100,101313,28,99754,100,101437,100,99732,100,101653,100,99715,100,101725,100,99622,100,101849,100,99580,100
2019-06-28 10:05:10.000000000,100164,323,100069,223,100279,347,100039,219,100395,219,99970,219,100779,300,99858,100,100987,100,99778,100,101313,28,99754,100,101437,100,99732,100,101653,100,99715,100,101725,100,99622,100,101849,100,99580,100
2019-06-28 10:05:20.000000000,100164,323,100069,223,100279,347,100039,219,100395,219,99970,219,100779,300,99858,100,100987,100,99778,100,101313,28,99754,100,101437,100,99732,100,101653,100,99715,100,101725,100,99622,100,101849,100,99580,100
2019-06-28 10:05:30.000000000,100164,381,100069,281,100279,409,100039,281,100395,100,99970,100,100779,300,99858,100,100987,100,99778,100,101313,28,99754,100,101437,100,99732,100,101653,100,99715,100,101725,100,99622,100,101849,100,99580,100
2019-06-28 10:05:30.174056213,100164,281,100069,281,100279,409,100039,281,100395,100,99970,100,100779,300,99858,100,100987,100,99778,100,101313,28,99754,100,101437,100,99732,100,101653,100,99715,100,101725,100,99622,100,101849,100,99580,100
2019-06-28 10:05:36.605453265,100164,181,100069,281,100279,409,100039,281,100395,100,99970,100,100779,300,99858,100,100987,100,99778,100,101313,28,99754,100,101437,100,99732,100,101653,100,99715,100,101725,100,99622,100,101849,100,99580,100
2019-06-28 10:05:40.000000000,100279,300,100069,172,100395,172,100039,172,100779,372,99970,172,100987,172,99858,172,101313,100,99778,172,101437,100,99754,100,101653,100,99732,100,101725,100,99715,100,101849,100,99622,100,102287,100,99580,100
