,ask_price_1,ask_size_1,bid_price_1,bid_size_1,ask_price_2,ask_size_2,bid_price_2,bid_size_2,ask_price_3,ask_size_3,bid_price_3,bid_size_3,ask_price_4,ask_size_4,bid_price_4,bid_size_4,ask_price_5,ask_size_5,bid_price_5,bid_size_5,ask_price_6,ask_size_6,bid_price_6,bid_size_6,ask_price_7,ask_size_7,bid_price_7,bid_size_7,ask_price_8,ask_size_8,bid_price_8,bid_size_8,ask_price_9,ask_size_9,bid_price_9,bid_size_9,ask_price_10,ask_size_10,bid_price_10,bid_size_10
2019-06-28 09:30:00.000000003,100107,100,,,,,,,,,,,,,,,,,,,,,,,,,,,,,,,,,,,,,,
2019-06-28 09:30:00.000000004,100025,100,99907,100,100107,100,,,,,,,,,,,,,,,,,,,,,,,,,,,,,,,,,,
2019-06-28 09:30:00.000000007,100025,100,99907,100,100046,100,,,100107,100,,,,,,,,,,,,,,,,,,,,,,,,,,,,,,
2019-06-28 09:30:00.000000008,100025,100,99907,100,100046,100,99812,100,100107,100,,,100131,100,,,,,,,,,,,,,,,,,,,,,,,,,,
2019-06-28 09:30:00.000000009,100025,100,99907,100,100046,100,99812,100,100090,100,,,100107,100,,,100131,100,,,,,,,,,,,,,,,,,,,,,,
2019-06-28 09:30:00.000000011,99968,100,99907,100,100025,100,99812,100,100046,100,,,100090,100,,,100107,100,,,100131,100,,,,,,,,,,,,,,,,,,
2019-06-28 09:30:00.000000012,99968,100,99907,100,100025,100,99812,100,100046,100,,,100090,100,,,100107,100,,,100111,100,,,100131,100,,,,,,,,,,,,,,
2019-06-28 09:30:00.000000013,100025,100,99907,100,100046,100,99837,100,100090,100,99812,100,100107,100,,,100111,100,,,100131,100,,,,,,,,,,,,,,,,,,
2019-06-28 09:30:00.000000015,100025,100,100016,100,100046,100,99907,100,100052,100,99837,100,100090,100,99812,100,100107,100,,,100111,100,,,100131,100,,,100157,100,,,,,,,,,,
2019-06-28 09:30:00.000000018,100025,100,100016,100,100046,100,99929,100,100052,100,99907,100,100090,100,99837,100,100107,100,99812,100,100111,100,,,100131,100,,,100157,100,,,,,,,,,,
2019-06-28 09:30:00.000000020,100025,100,100016,100,100046,100,99929,100,100052,100,99907,100,100090,100,99837,100,100107,100,99812,100,100111,100,,,100125,100,,,100131,100,,,100157,100,,,,,,
2019-06-28 09:30:00.000000028,100025,100,100016,100,100046,100,99929,100,100052,100,99907,100,100090,100,99837,100,100107,100,99834,100,100111,100,99812,100,100125,100,,,100131,100,,,100157,100,,,,,,
2019-06-28 09:30:00.000000032,100025,100,100016,100,100046,100,99943,100,100052,100,99929,100,100090,100,99907,100,100107,100,99837,100,100111,100,99834,100,100125,100,99812,100,100131,100,,,100157,100,,,,,,
2019-06-28 09:30:00.000000034,100025,100,100016,100,100046,100,99943,100,100052,100,99929,100,100090,100,99907,100,100107,100,99840,100,100111,100,99837,100,100125,100,99834,100,100131,100,99812,100,100157,100,,,,,,
2019-06-28 09:30:00.000000037,100025,100,99994,100,100046,100,99943,100,100052,100,99929,100,100090,100,99907,100,100107,100,99840,100,100111,100,99837,100,100125,100,99834,100,100131,100,99812,100,100157,100,,,,,,
2019-06-28 09:30:00.000000039,100004,100,99994,100,100025,100,99943,100,100046,100,99929,100,100052,100,99907,100,100090,100,99840,100,100107,100,99837,100,100111,100,99834,100,100112,100,99812,100,100125,100,,,100131,100,,
2019-06-28 09:30:00.000000041,100004,100,99994,100,100025,100,99943,100,100046,100,99929,100,100052,100,99907,100,100090,100,99840,100,100107,100,99837,100,100111,100,99834,100,100112,100,99812,100,100117,100,,,100125,100,,
2019-06-28 09:30:00.000000044,100004,100,99994,100,100008,100,99943,100,100025,100,99929,100,100046,100,99907,100,100052,100,99840,100,100090,100,99837,100,100107,100,99834,100,100111,100,99812,100,100112,100,,,100117,100,,
2019-06-28 09:30:00.000000045,100008,100,99994,100,100025,100,99950,100,100046,100,99943,100,100052,100,99929,100,100090,100,99907,100,100107,100,99840,100,100111,100,99837,100,100112,100,99834,100,100117,100,99812,100,100125,100,,
2019-06-28 09:30:00.000000048,100008,100,99994,100,100025,100,99966,100,100046,100,99950,100,100052,100,99943,100,100090,100,99929,100,100107,100,99907,100,100111,100,99840,100,100112,100,99837,100,100117,100,99834,100,100125,100,99812,100
2019-06-28 09:30:00.000000055,100008,100,99994,100,100025,100,99966,100,100046,100,99953,100,100052,100,99950,100,100090,100,99943,100,100107,100,99931,100,100111,100,99929,100,100112,100,99907,100,100117,100,99840,100,100125,100,99837,100
2019-06-28 09:30:00.000000057,100008,100,99994,100,100023,100,99966,100,100025,100,99953,100,100046,100,99950,100,100052,100,99943,100,100090,100,99931,100,100107,100,99929,100,100111,100,99909,100,100112,100,99907,100,100117,100,99840,100
2019-06-28 09:30:00.000000063,100008,100,99994,100,100023,100,99966,100,100025,100,99953,100,100046,100,99950,100,100048,100,99943,100,100052,100,99931,100,100090,100,99929,100,100107,100,99909,100,100111,100,99907,100,100112,100,99840,100
2019-06-28 09:30:00.000000064,100008,100,99994,100,100023,100,99966,100,100025,100,99953,100,100046,100,99950,100,100048,100,99943,100,100052,100,99931,100,100090,100,99929,100,100107,100,99909,100,100111,100,99907,100,100112,100,99841,100
2019-06-28 09:30:00.000000065,100008,100,100004,100,100023,100,99994,100,100025,100,99966,100,100046,100,99953,100,100048,100,99950,100,100052,100,99943,100,100082,100,99939,100,100090,100,99931,100,100107,100,99929,100,100111,100,99909,100
2019-06-28 09:30:00.000000068,100008,100,100007,100,100023,100,100004,100,100025,100,99994,100,100046,100,99966,100,100048,100,99953,100,100052,100,99950,200,100082,100,99943,100,100090,100,99939,100,100107,100,99931,100,100111,100,99929,100
2019-06-28 09:30:00.000000071,100008,100,100007,100,100023,100,100004,100,100025,100,99994,100,100046,100,99966,100,100048,100,99954,100,100052,100,99953,100,100082,100,99950,200,100090,100,99943,100,100107,100,99939,100,100111,100,99931,100
2019-06-28 09:30:00.000000072,100008,100,100007,100,100023,100,100004,100,100025,100,99994,100,100046,100,99966,100,100048,100,99954,100,100052,100,99953,100,100082,100,99950,200,100086,100,99943,100,100090,100,99942,100,100107,100,99939,100
2019-06-28 09:30:00.000000074,100008,100,100007,100,100023,100,100004,100,100025,100,99994,100,100046,100,99966,100,100048,100,99954,100,100052,100,99953,100,100082,100,99950,200,100086,100,99943,100,100090,100,99942,100,100107,100,99939,100
2019-06-28 09:30:00.000000075,100008,100,100007,100,100023,100,100004,100,100025,100,99994,100,100046,100,99966,100,100048,100,99954,100,100052,100,99953,100,100082,100,99950,200,100086,100,99943,100,100090,100,99942,100,100107,100,99939,100
2019-06-28 09:30:00.000000077,100008,100,100007,100,100023,100,100004,100,100025,100,99994,100,100046,100,99966,100,100048,100,99960,100,100052,100,99954,100,100082,100,99953,100,100086,100,99950,200,100090,100,99943,100,100107,100,99942,100
2019-06-28 09:30:00.000000078,100008,100,100007,100,100023,100,100004,100,100025,100,99994,100,100046,100,99966,100,100048,100,99960,100,100052,100,99954,100,100082,100,99953,100,100086,100,99950,200,100090,100,99943,100,100107,100,99942,100
2019-06-28 09:30:00.000000083,100008,100,100004,100,100023,100,99994,100,100025,100,99966,100,100046,100,99960,100,100048,100,99954,100,100052,100,99953,100,100082,100,99950,200,100086,100,99943,100,100090,100,99942,100,100107,100,99939,100
2019-06-28 09:30:00.000000086,100008,100,99994,100,100023,100,99966,100,100025,100,99960,100,100036,100,99954,100,100046,100,99953,100,100048,100,99950,200,100052,100,99943,100,100082,100,99942,100,100086,100,99939,100,100090,100,99931,100
2019-06-28 09:30:00.000000089,100008,100,99994,100,100023,100,99966,100,100025,100,99960,100,100036,100,99954,100,100046,100,99953,100,100048,100,99950,200,100052,100,99944,100,100064,100,99943,100,100082,100,99942,100,100086,100,99939,100
2019-06-28 09:30:00.000000092,100008,100,99994,100,100023,100,99966,100,100025,100,99960,100,100036,100,99954,100,100046,100,99953,100,100048,100,99950,200,100052,100,99944,100,100056,100,99943,100,100064,100,99942,100,100082,100,99939,100
2019-06-28 09:30:00.000000096,100008,100,99994,100,100023,100,99966,200,100024,100,99960,100,100025,100,99954,100,100036,100,99953,100,100046,100,99950,200,100048,100,99944,100,100052,100,99943,100,100056,100,99942,100,100064,100,99939,100
2019-06-28 09:30:00.000000097,100008,100,99994,100,100023,100,99966,200,100024,100,99960,100,100025,100,99954,100,100036,100,99953,100,100046,100,99950,200,100048,100,99944,100,100052,100,99943,100,100056,100,99942,100,100064,100,99939,100
2019-06-28 09:30:00.000000098,100007,100,99994,100,100008,100,99966,200,100023,100,99960,100,100024,100,99954,100,100025,100,99953,100,100036,100,99950,200,100046,100,99944,100,100048,100,99943,100,100052,100,99942,100,100056,100,99939,100
2019-06-28 09:30:00.000000099,100007,100,99966,200,100008,100,99960,100,100023,100,99954,100,100024,100,99953,100,100025,100,99950,200,100036,100,99944,100,100046,100,99943,100,100048,100,99942,100,100052,100,99939,100,100056,100,99933,100
2019-06-28 09:30:10.000000000,100007,412,99966,512,100008,100,99960,100,100023,100,99954,100,100024,100,99953,100,100025,100,99950,200,100036,100,99944,100,100046,100,99943,100,100048,100,99942,100,100052,100,99939,100,100056,100,99933,100
2019-06-28 09:30:20.000000000,100007,178,99966,278,100008,178,99960,178,100023,178,99954,178,100024,178,99953,178,100025,100,99950,200,100036,100,99944,100,100046,100,99943,100,100048,100,99942,100,100052,100,99939,100,100056,100,99933,100
2019-06-28 09:30:30.000000000,100007,256,99966,356,100008,256,99960,256,100023,100,99954,100,100024,100,99953,100,100025,100,99950,200,100036,100,99944,100,100046,100,99943,100,100048,100,99942,100,100052,100,99939,100,100056,100,99933,100
2019-06-28 09:30:35.744760304,100007,256,99994,100,100008,256,99966,356,100023,100,99960,256,100024,100,99954,100,100025,100,99953,100,100036,100,99950,200,100046,100,99944,100,100048,100,99943,100,100052,100,99942,100,100056,100,99939,100
2019-06-28 09:30:40.000000000,100007,412,99994,412,100008,100,99966,200,100023,100,99960,100,100024,100,99954,100,100025,100,99953,100,100036,100,99950,200,100046,100,99944,100,100048,100,99943,100,100052,100,99942,100,100056,100,99939,100
2019-06-28 09:30:50.000000000,100007,178,99994,178,100008,178,99966,278,100023,178,99960,178,100024,178,99954,178,100025,100,99953,100,100036,100,99950,200,100046,100,99944,100,100048,100,99943,100,100052,100,99942,100,100056,100,99939,100
2019-06-28 09:31:00.000000000,100007,206,99994,206,100008,203,99966,303,100023,203,99960,203,100024,100,99954,100,100025,100,99953,100,100036,100,99950,200,100046,100,99944,100,100048,100,99943,100,100052,100,99942,100,100056,100,99939,100
2019-06-28 09:31:09.450727702,100007,106,99994,306,100008,203,99966,303,100023,203,99960,203,100024,100,99954,100,100025,100,99953,100,100036,100,99950,200,100046,100,99944,100,100048,100,99943,100,100052,100,99942,100,100056,100,99939,100
2019-06-28 09:31:10.000000000,100008,206,99994,306,100023,203,99966,303,100024,203,99960,203,100025,100,99954,100,100036,100,99953,100,100046,100,99950,200,100048,100,99944,100,100052,100,99943,100,100056,100,99942,100,100064,100,99939,100
2019-06-28 09:31:17.192643755,100008,206,99994,206,100023,203,99966,303,100024,203,99960,203,100025,100,99954,100,100036,100,99953,100,100046,100,99950,200,100048,100,99944,100,100052,100,99943,100,100056,100,99942,100,100064,100,99939,100
2019-06-28 09:31:17.567106984,100008,106,99994,206,100023,203,99966,303,100024,103,99960,203,100025,100,99954,100,100036,100,99953,100,100046,100,99950,200,100048,100,99944,100,100052,100,99943,100,100056,100,99942,100,100064,100,99939,100
2019-06-28 09:31:20.000000000,100023,412,99994,412,100025,100,99966,200,100036,100,99960,100,100046,100,99954,100,100048,100,99953,100,100052,100,99950,200,100056,100,99944,100,100064,100,99943,100,100082,100,99942,100,100086,100,99939,100
2019-06-28 09:31:30.000000000,100023,412,99994,412,100025,100,99966,200,100036,100,99960,100,100046,100,99954,100,100048,100,99953,100,100052,100,99950,200,100056,100,99944,100,100064,100,99943,100,100082,100,99942,100,100086,100,99939,100
2019-06-28 09:31:40.000000000,100023,162,99994,162,100025,162,99966,262,100036,162,99960,162,100046,162,99954,162,100048,162,99953,162,100052,100,99950,200,100056,100,99944,100,100064,100,99943,100,100082,100,99942,100,100086,100,99939,100
2019-06-28 09:31:42.852720062,100023,62,99994,162,100025,162,99966,262,100036,162,99960,162,100046,162,99954,162,100048,162,99953,162,100052,100,99950,200,100056,100,99944,100,100064,100,99943,100,100082,100,99942,100,100086,100,99939,100
2019-06-28 09:31:46.894951561,100023,62,99994,162,100025,162,99966,262,100036,162,99960,162,100046,162,99954,162,100048,162,99953,162,100052,100,99950,200,100056,100,99944,100,100064,100,99943,100,100082,100,99942,100,100086,100,99939,100
2019-06-28 09:31:48.352712100,100023,62,99994,162,100025,162,99966,262,100036,162,99960,162,100046,162,99954,162,100048,162,99953,162,100056,100,99950,200,100064,100,99944,100,100082,100,99943,100,100086,100,99942,100,100090,100,99939,100
2019-06-28 09:31:49.412520920,100025,162,100023,38,100036,162,99994,162,100046,162,99966,262,100048,162,99960,162,100056,100,99954,162,100064,100,99953,162,100082,100,99950,200,100086,100,99944,100,100090,100,99943,100,100107,100,99942,100
2019-06-28 09:31:50.000000000,100025,206,100023,144,100036,203,99994,203,100046,203,99966,303,100048,100,99960,100,100056,100,99954,100,100064,100,99953,100,100082,100,99950,200,100086,100,99944,100,100090,100,99943,100,100107,100,99942,100
2019-06-28 09:31:56.890827972,100025,106,100023,144,100036,203,99994,203,100046,203,99966,303,100048,100,99960,100,100056,100,99954,100,100064,100,99953,100,100082,100,99950,200,100086,100,99944,100,100090,100,99943,100,100107,100,99942,100
2019-06-28 09:32:00.000000000,100036,162,100023,100,100046,162,99994,162,100048,162,99966,262,100056,162,99960,162,100064,162,99954,162,100082,100,99953,100,100086,100,99950,200,100090,100,99944,100,100107,100,99943,100,100111,100,99942,100
2019-06-28 09:32:10.000000000,100036,412,100023,350,100046,100,99994,100,100048,100,99966,200,100056,100,99960,100,100064,100,99954,100,100082,100,99953,100,100086,100,99950,200,100090,100,99944,100,100107,100,99943,100,100111,100,99942,100
2019-06-28 09:32:12.500844151,100036,312,100023,350,100046,100,99994,100,100048,100,99966,200,100056,100,99960,100,100064,100,99954,100,100082,100,99953,100,100086,100,99950,200,100090,100,99944,100,100107,100,99943,100,100111,100,99942,100
2019-06-28 09:32:15.828155535,100036,312,100023,350,100046,100,99994,100,100048,100,99966,200,100056,100,99960,100,100064,100,99954,100,100082,100,99953,100,100086,100,99950,200,100090,100,99944,100,100107,100,99943,100,100111,100,99942,100
2019-06-28 09:32:20.000000000,100046,206,100023,144,100048,203,99994,203,100056,203,99966,303,100064,100,99960,100,100082,100,99954,100,100086,100,99953,100,100090,100,99950,200,100107,100,99944,100,100111,100,99943,100,100112,100,99942,100
2019-06-28 09:32:30.000000000,100046,412,100023,350,100048,100,99994,100,100056,100,99966,200,100064,100,99960,100,100082,100,99954,100,100086,100,99953,100,100090,100,99950,200,100107,100,99944,100,100111,100,99943,100,100112,100,99942,100
2019-06-28 09:32:40.000000000,100046,178,100023,116,100048,178,99994,178,100056,178,99966,278,100064,178,99960,178,100082,100,99954,100,100086,100,99953,100,100090,100,99950,200,100107,100,99944,100,100111,100,99943,100,100112,100,99942,100
2019-06-28 09:32:41.745143591,100046,178,100023,116,100048,178,99994,178,100056,178,99966,278,100064,178,99960,178,100082,100,99954,100,100086,100,99953,100,100090,100,99950,200,100107,100,99944,100,100111,100,99943,100,100112,100,99942,100
2019-06-28 09:32:50.000000000,100046,256,100023,194,100048,256,99994,256,100056,100,99966,200,100064,100,99960,100,100082,100,99954,100,100086,100,99953,100,100090,100,99950,200,100107,100,99944,100,100111,100,99943,100,100112,100,99942,100
2019-06-28 09:32:56.675002780,100046,156,100023,194,100048,156,99994,256,100056,100,99966,200,100064,100,99960,100,100082,100,99954,100,100086,100,99953,100,100090,100,99950,200,100107,100,99944,100,100111,100,99943,100,100112,100,99942,100
2019-06-28 09:33:00.000000000,100056,178,100023,116,100064,178,99994,178,100082,178,99966,278,100086,178,99960,178,100090,100,99954,100,100107,100,99953,100,100111,100,99950,200,100112,100,99944,100,100117,100,99943,100,100125,100,99942,100
2019-06-28 09:33:10.000000000,100056,162,100023,100,100064,162,99994,162,100082,162,99966,262,100086,162,99960,162,100090,162,99954,162,100107,100,99953,100,100111,100,99950,200,100112,100,99944,100,100117,100,99943,100,100125,100,99942,100
2019-06-28 09:33:12.188549257,100056,162,100023,100,100064,162,99994,162,100082,162,99966,262,100086,162,99960,162,100090,162,99954,162,100107,100,99953,100,100111,100,99950,200,100112,100,99944,100,100117,100,99943,100,100125,100,99942,100
2019-06-28 09:33:15.865056596,100056,162,100023,100,100064,162,99994,162,100082,162,99966,262,100086,162,99960,162,100090,162,99954,162,100107,100,99953,100,100111,100,99950,200,100112,100,99944,100,100117,100,99943,100,100125,100,99942,100
2019-06-28 09:33:20.000000000,100056,162,100023,100,100064,162,99994,162,100082,162,99966,262,100086,162,99960,162,100090,162,99954,162,100107,100,99953,100,100111,100,99950,200,100112,100,99944,100,100117,100,99943,100,100125,100,99942,100
2019-06-28 09:33:25.496199291,100056,62,100023,100,100064,162,99994,162,100082,162,99966,262,100086,162,99960,162,100090,162,99954,162,100107,100,99953,100,100111,100,99950,200,100112,100,99944,100,100117,100,99943,100,100125,100,99942,100
2019-06-28 09:33:30.000000000,100064,178,100023,116,100082,178,99994,178,100086,178,99966,278,100090,178,99960,178,100107,100,99954,100,100111,100,99953,100,100112,100,99950,200,100117,100,99944,100,100125,100,99943,100,100131,100,99942,100
2019-06-28 09:33:40.000000000,100064,256,100023,194,100082,256,99994,256,100086,100,99966,200,100090,100,99960,100,100107,100,99954,100,100111,100,99953,100,100112,100,99950,200,100117,100,99944,100,100125,100,99943,100,100131,100,99942,100
2019-06-28 09:33:45.318793998,100064,156,100023,194,100082,256,99994,256,100086,100,99966,200,100090,100,99960,100,100107,100,99954,100,100111,100,99953,100,100112,100,99950,200,100117,100,99943,100,100125,100,99942,100,100131,100,99939,100
2019-06-28 09:33:50.000000000,100082,162,100023,100,100086,162,99994,162,100090,162,99966,262,100107,162,99960,162,100111,162,99954,162,100112,100,99953,100,100117,100,99950,200,100125,100,99943,100,100131,100,99942,100,100139,100,99939,100
2019-06-28 09:34:00.000000000,100082,206,100023,144,100086,203,99994,203,100090,203,99966,303,100107,100,99960,100,100111,100,99954,100,100112,100,99953,100,100117,100,99950,200,100125,100,99943,100,100131,100,99942,100,100139,100,99939,100
2019-06-28 09:34:06.060512340,100082,106,100023,144,100086,203,99994,203,100090,203,99966,303,100107,100,99960,100,100111,100,99954,100,100112,100,99953,100,100117,100,99950,200,100125,100,99943,100,100131,100,99942,100,100139,100,99939,100
2019-06-28 09:34:07.138602271,100082,106,100064,100,100086,203,100023,144,100090,203,99994,203,100107,100,99966,303,100111,100,99960,100,100112,100,99954,100,100117,100,99953,100,100125,100,99950,200,100131,100,99942,100,100139,100,99939,100
2019-06-28 09:34:10.000000000,100086,412,100064,412,100090,100,100023,38,100107,100,99994,100,100111,100,99966,200,100112,100,99960,100,100117,100,99954,100,100125,100,99953,100,100131,100,99950,200,100139,100,99942,100,100143,100,99939,100
2019-06-28 09:34:15.810117025,100086,412,100064,412,100090,100,100023,38,100107,100,99994,100,100111,100,99966,200,100112,100,99960,100,100117,100,99954,100,100131,100,99953,100,100139,100,99950,200,100143,100,99942,100,100860,100,99939,100
2019-06-28 09:34:20.000000000,100086,206,100064,206,100090,203,100023,141,100107,203,99994,203,100111,100,99966,200,100112,100,99960,100,100117,100,99954,100,100131,100,99953,100,100139,100,99950,200,100143,100,99942,100,100860,100,99939,100
2019-06-28 09:34:30.000000000,100086,412,100064,412,100090,100,100023,38,100107,100,99994,100,100111,100,99966,200,100112,100,99960,100,100117,100,99954,100,100131,100,99953,100,100139,100,99950,200,100143,100,99942,100,100860,100,99939,100
2019-06-28 09:34:40.000000000,100086,206,100064,206,100090,203,100023,141,100107,203,99994,203,100111,100,99966,200,100112,100,99960,100,100117,100,99954,100,100131,100,99953,100,100139,100,99950,200,100143,100,99942,100,100860,100,99939,100
2019-06-28 09:34:50.000000000,100086,162,100064,162,100090,162,100023,100,100107,162,99994,162,100111,162,99966,262,100112,162,99960,162,100117,100,99954,100,100131,100,99953,100,100139,100,99950,200,100143,100,99942,100,100860,100,99939,100
2019-06-28 09:34:52.113211114,100086,162,100064,162,100090,162,100023,100,100107,162,99994,162,100111,162,99966,262,100112,162,99960,162,100117,100,99954,100,100131,100,99953,100,100139,100,99950,200,100860,100,99942,100,100899,100,99939,100
2019-06-28 09:35:00.000000000,100086,178,100064,178,100090,178,100023,116,100107,178,99994,178,100111,178,99966,278,100112,100,99960,100,100117,100,99954,100,100131,100,99953,100,100139,100,99950,200,100860,100,99942,100,100899,100,99939,100
2019-06-28 09:35:07.505746068,100086,78,100064,178,100090,178,100023,116,100107,178,99994,178,100111,178,99966,278,100112,100,99960,100,100117,100,99954,100,100131,100,99953,100,100139,100,99950,200,100860,100,99942,100,100899,100,99939,100
2019-06-28 09:35:10.000000000,100090,206,100064,206,100107,203,100023,141,100111,203,99994,203,100112,100,99966,200,100117,100,99960,100,100131,100,99954,100,100139,100,99953,100,100860,100,99950,200,100899,100,99942,100,100962,100,99939,100
2019-06-28 09:35:20.000000000,100090,206,100064,206,100107,203,100023,141,100111,203,99994,203,100112,100,99966,200,100117,100,99960,100,100131,100,99954,100,100139,100,99953,100,100860,100,99950,200,100899,100,99942,100,100962,100,99939,100
2019-06-28 09:35:30.000000000,100090,256,100064,256,100107,256,100023,194,100111,100,99994,100,100112,100,99966,200,100117,100,99960,100,100131,100,99954,100,100139,100,99953,100,100860,100,99950,200,100899,100,99942,100,100962,100,99939,100
2019-06-28 09:35:40.000000000,100090,178,100064,178,100107,178,100023,116,100111,178,99994,178,100112,178,99966,278,100117,100,99960,100,100131,100,99954,100,100139,100,99953,100,100860,100,99950,200,100899,100,99942,100,100962,100,99939,100
2019-06-28 09:35:50.000000000,100090,412,100064,412,100107,100,100023,38,100111,100,99994,100,100112,100,99966,200,100117,100,99960,100,100131,100,99954,100,100139,100,99953,100,100860,100,99950,200,100899,100,99942,100,100962,100,99939,100
2019-06-28 09:35:50.266745446,100090,312,100064,412,100107,100,100023,38,100111,100,99994,100,100112,100,99966,200,100117,100,99960,100,100131,100,99954,100,100139,100,99953,100,100860,100,99950,200,100899,100,99942,100,100962,100,99939,100
2019-06-28 09:36:00.000000000,100107,162,100064,162,100111,162,100023,100,100112,162,99994,162,100117,162,99966,262,100131,162,99960,162,100139,100,99954,100,100860,100,99953,100,100899,100,99950,200,100962,100,99942,100,101030,100,99939,100
2019-06-28 09:36:02.719848668,100107,62,100064,162,100111,162,100023,100,100112,162,99994,162,100117,162,99966,262,100131,162,99960,62,100139,100,99954,100,100860,100,99953,100,100899,100,99950,200,100962,100,99942,100,101030,100,99939,100
2019-06-28 09:36:08.482796276,100107,62,100064,162,100111,162,100023,100,100112,162,99994,162,100117,162,99966,262,100131,162,99960,62,100139,100,99954,100,100498,100,99953,100,100860,100,99950,200,100899,100,99942,100,100962,100,99939,100
2019-06-28 09:36:10.000000000,100111,256,100064,256,100112,256,100023,194,100117,100,99994,100,100131,100,99966,200,100139,100,99954,100,100498,100,99953,100,100860,100,99950,200,100899,100,99942,100,100962,100,99939,100,101030,100,99929,100
2019-06-28 09:36:20.000000000,100111,206,100064,206,100112,203,100023,141,100117,203,99994,203,100131,100,99966,200,100139,100,99954,100,100498,100,99953,100,100860,100,99950,200,100899,100,99942,100,100962,100,99939,100,101030,100,99929,100
2019-06-28 09:36:30.000000000,100111,162,100064,162,100112,162,100023,100,100117,162,99994,162,100131,162,99966,262,100139,162,99954,162,100498,100,99953,100,100860,100,99950,200,100899,100,99942,100,100962,100,99939,100,101030,100,99929,100
2019-06-28 09:36:36.167322011,100111,162,100064,162,100112,162,100023,100,100117,162,99994,162,100131,162,99966,262,100139,162,99954,162,100498,100,99953,100,100658,100,99950,200,100860,100,99942,100,100899,100,99939,100,100962,100,99929,100
2019-06-28 09:36:40.000000000,100111,256,100064,256,100112,256,100023,194,100117,100,99994,100,100131,100,99966,200,100139,100,99954,100,100498,100,99953,100,100658,100,99950,200,100860,100,99942,100,100899,100,99939,100,100962,100,99929,100
2019-06-28 09:36:50.000000000,100111,412,100064,412,100112,100,100023,38,100117,100,99994,100,100131,100,99966,200,100139,100,99954,100,100498,100,99953,100,100658,100,99950,200,100860,100,99942,100,100899,100,99939,100,100962,100,99929,100
2019-06-28 09:37:00.000000000,100111,256,100064,256,100112,256,100023,194,100117,100,99994,100,100131,100,99966,200,100139,100,99954,100,100498,100,99953,100,100658,100,99950,200,100860,100,99942,100,100899,100,99939,100,100962,100,99929,100
2019-06-28 09:37:10.000000000,100111,256,100064,256,100112,256,100023,194,100117,100,99994,100,100131,100,99966,200,100139,100,99954,100,100498,100,99953,100,100658,100,99950,200,100860,100,99942,100,100899,100,99939,100,100962,100,99929,100
2019-06-28 09:37:20.000000000,100111,178,100064,178,100112,178,100023,116,100117,178,99994,178,100131,178,99966,278,100139,100,99954,100,100498,100,99953,100,100658,100,99950,200,100860,100,99942,100,100899,100,99939,100,100962,100,99929,100
2019-06-28 09:37:28.488225133,100111,78,100064,178,100112,178,100023,116,100117,178,99994,178,100131,178,99966,278,100139,100,99954,100,100498,100,99953,100,100658,100,99950,100,100860,100,99942,100,100899,100,99939,100,100962,100,99929,100
2019-06-28 09:37:30.000000000,100112,178,100064,178,100117,178,100023,116,100131,178,99994,178,100139,178,99966,278,100498,100,99954,100,100658,100,99953,100,100860,100,99950,100,100899,100,99942,100,100962,100,99939,100,101030,100,99929,100
2019-06-28 09:37:30.564024260,100112,178,100107,100,100117,178,100064,178,100131,178,100023,116,100139,178,99994,178,100498,100,99966,278,100658,100,99954,100,100860,100,99953,100,100899,100,99950,100,100962,100,99942,100,101030,100,99939,100
2019-06-28 09:37:40.000000000,100112,162,100107,162,100117,162,100064,162,100131,162,100023,100,100139,162,99994,162,100498,162,99966,262,100658,100,99954,100,100860,100,99953,100,100899,100,99950,100,100962,100,99942,100,101030,100,99939,100
2019-06-28 09:37:50.000000000,100112,206,100107,206,100117,203,100064,203,100131,203,100023,141,100139,100,99994,100,100498,100,99966,200,100658,100,99954,100,100860,100,99953,100,100899,100,99950,100,100962,100,99942,100,101030,100,99939,100
2019-06-28 09:37:52.960181650,100112,206,100107,206,100117,203,100064,203,100131,203,100023,141,100139,100,99994,100,100498,100,99966,200,100658,100,99954,100,100860,100,99953,100,100899,100,99950,100,100962,100,99942,100,101030,100,99939,100
2019-06-28 09:38:00.000000000,100112,206,100107,206,100117,203,100064,203,100131,203,100023,141,100139,100,99994,100,100498,100,99966,200,100658,100,99954,100,100860,100,99953,100,100899,100,99950,100,100962,100,99942,100,101030,100,99939,100
2019-06-28 09:38:10.000000000,100112,206,100107,206,100117,203,100064,203,100131,203,100023,141,100139,100,99994,100,100498,100,99966,200,100658,100,99954,100,100860,100,99953,100,100899,100,99950,100,100962,100,99942,100,101030,100,99939,100
2019-06-28 09:38:20.000000000,100112,256,100107,256,100117,256,100064,256,100131,100,100023,38,100139,100,99994,100,100498,100,99966,200,100658,100,99954,100,100860,100,99953,100,100899,100,99950,100,100962,100,99942,100,101030,100,99939,100
2019-06-28 09:38:30.000000000,100112,256,100107,256,100117,256,100064,256,100131,100,100023,38,100139,100,99994,100,100498,100,99966,200,100658,100,99954,100,100860,100,99953,100,100899,100,99950,100,100962,100,99942,100,101030,100,99939,100
2019-06-28 09:38:34.568135652,100112,256,100107,256,100117,256,100064,256,100131,100,100023,38,100139,100,99994,100,100498,100,99966,200,100658,100,99954,100,100753,100,99953,100,100860,100,99950,100,100899,100,99942,100,100962,100,99939,100
2019-06-28 09:38:40.000000000,100112,162,100107,162,100117,162,100064,162,100131,162,100023,100,100139,162,99994,162,100498,162,99966,262,100658,100,99954,100,100753,100,99953,100,100860,100,99950,100,100899,100,99942,100,100962,100,99939,100
2019-06-28 09:38:50.000000000,100112,206,100107,206,100117,203,100064,203,100131,203,100023,141,100139,100,99994,100,100498,100,99966,200,100658,100,99954,100,100753,100,99953,100,100860,100,99950,100,100899,100,99942,100,100962,100,99939,100
2019-06-28 09:38:52.028995290,100112,206,100107,206,100117,203,100064,203,100131,203,100023,141,100139,100,99994,100,100498,100,99966,200,100576,100,99954,100,100658,100,99953,100,100753,100,99950,100,100860,100,99942,100,100899,100,99939,100
2019-06-28 09:38:58.308499158,100112,206,100107,206,100117,203,100064,203,100131,203,100023,141,100139,100,99994,100,100498,100,99966,100,100503,100,99954,100,100576,100,99953,100,100658,100,99950,100,100753,100,99942,100,100860,100,99939,100
2019-06-28 09:38:58.950315772,100112,206,100107,206,100117,203,100064,203,100131,203,100023,141,100139,100,99994,100,100498,100,99966,100,100503,100,99954,100,100576,100,99953,100,100658,100,99950,100,100753,100,99942,100,100860,100,99939,100
2019-06-28 09:39:00.000000000,100112,256,100107,256,100117,256,100064,256,100131,100,100023,38,100139,100,99994,100,100498,100,99966,100,100503,100,99954,100,100576,100,99953,100,100658,100,99950,100,100753,100,99942,100,100860,100,99939,100
2019-06-28 09:39:10.000000000,100112,162,100107,162,100117,162,100064,162,100131,162,100023,100,100139,162,99994,162,100498,162,99966,162,100503,100,99954,100,100576,100,99953,100,100658,100,99950,100,100753,100,99942,100,100860,100,99939,100
2019-06-28 09:39:20.000000000,100112,206,100107,206,100117,203,100064,203,100131,203,100023,141,100139,100,99994,100,100498,100,99966,100,100503,100,99954,100,100576,100,99953,100,100658,100,99950,100,100753,100,99942,100,100860,100,99939,100
2019-06-28 09:39:30.000000000,100112,206,100107,206,100117,203,100064,203,100131,203,100023,141,100139,100,99994,100,100498,100,99966,100,100503,100,99954,100,100576,100,99953,100,100658,100,99950,100,100753,100,99942,100,100860,100,99939,100
2019-06-28 09:39:40.000000000,100112,206,100107,206,100117,203,100064,203,100131,203,100023,141,100139,100,99994,100,100498,100,99966,100,100503,100,99954,100,100576,100,99953,100,100658,100,99950,100,100753,100,99942,100,100860,100,99939,100
2019-06-28 09:39:50.000000000,100112,206,100107,206,100117,203,100064,203,100131,203,100023,141,100139,100,99994,100,100498,100,99966,100,100503,100,99954,100,100576,100,99953,100,100658,100,99950,100,100753,100,99942,100,100860,100,99939,100
2019-06-28 09:40:00.000000000,100112,412,100107,412,100117,100,100064,100,100131,100,100023,38,100139,100,99994,100,100498,100,99966,100,100503,100,99954,100,100576,100,99953,100,100658,100,99950,100,100753,100,99942,100,100860,100,99939,100
2019-06-28 09:40:03.619974337,100112,412,100107,412,100117,100,100064,100,100131,100,100023,38,100139,100,99994,100,100197,100,99966,100,100498,100,99954,100,100503,100,99953,100,100576,100,99950,100,100658,100,99942,100,100753,100,99939,100
2019-06-28 09:40:10.000000000,100112,178,100107,178,100117,178,100064,178,100131,178,100023,116,100139,178,99994,178,100197,100,99966,100,100498,100,99954,100,100503,100,99953,100,100576,100,99950,100,100658,100,99942,100,100753,100,99939,100
2019-06-28 09:40:20.000000000,100112,162,100107,162,100117,162,100064,162,100131,162,100023,100,100139,162,99994,162,100197,162,99966,162,100498,100,99954,100,100503,100,99953,100,100576,100,99950,100,100658,100,99942,100,100753,100,99939,100
2019-06-28 09:40:22.102434082,100112,162,100107,162,100117,162,100064,162,100131,162,100023,100,100139,162,99994,162,100197,62,99982,100,100498,100,99966,162,100503,100,99954,100,100576,100,99953,100,100658,100,99950,100,100753,100,99942,100
2019-06-28 09:40:30.000000000,100112,178,100107,178,100117,178,100064,178,100131,178,100023,116,100139,178,99994,178,100498,100,99982,100,100503,100,99966,100,100576,100,99954,100,100658,100,99953,100,100753,100,99950,100,100860,100,99942,100
2019-06-28 09:40:40.000000000,100112,206,100107,206,100117,203,100064,203,100131,203,100023,141,100139,100,99994,100,100498,100,99982,100,100503,100,99966,100,100576,100,99954,100,100658,100,99953,100,100753,100,99950,100,100860,100,99942,100
2019-06-28 09:40:44.133638386,100112,206,100107,106,100117,203,100064,203,100131,203,100023,103,100139,100,99994,100,100498,100,99982,100,100503,100,99966,100,100576,100,99954,100,100658,100,99953,100,100753,100,99950,100,100860,100,99942,100
2019-06-28 09:40:45.918302386,100112,206,100107,106,100117,203,100064,203,100131,203,100023,103,100139,100,99994,100,100498,100,99982,100,100503,100,99966,100,100576,100,99954,100,100658,100,99953,100,100753,100,99950,100,100860,100,99942,100
2019-06-28 09:40:50.000000000,100112,206,100064,206,100117,203,99994,203,100131,203,99982,203,100139,100,99966,100,100498,100,99954,100,100503,100,99953,100,100576,100,99950,100,100658,100,99942,100,100753,100,99939,100,100860,100,99909,100
2019-06-28 09:40:57.968023684,100112,206,100064,106,100117,203,99994,203,100131,203,99982,203,100139,100,99966,100,100498,100,99954,100,100503,100,99953,100,100576,100,99950,100,100658,100,99942,100,100753,100,99939,100,100899,100,99909,100
2019-06-28 09:41:00.000000000,100112,178,99994,178,100117,178,99982,178,100131,178,99966,178,100139,178,99954,178,100498,100,99953,100,100503,100,99950,100,100576,100,99942,100,100658,100,99939,100,100753,100,99909,100,100899,100,99907,100
2019-06-28 09:41:10.000000000,100112,256,99994,256,100117,256,99982,256,100131,100,99966,100,100139,100,99954,100,100498,100,99953,100,100503,100,99950,100,100576,100,99942,100,100658,100,99939,100,100753,100,99909,100,100899,100,99907,100
2019-06-28 09:41:14.300620950,100107,100,99994,256,100112,256,99982,256,100117,256,99966,100,100131,100,99954,100,100139,100,99953,100,100498,100,99950,100,100503,100,99942,100,100576,100,99939,100,100658,100,99909,100,100753,100,99907,100
2019-06-28 09:41:20.000000000,100107,162,99994,162,100112,162,99982,162,100117,162,99966,162,100131,162,99954,162,100139,162,99953,162,100498,100,99950,100,100503,100,99942,100,100576,100,99939,100,100658,100,99909,100,100753,100,99907,100
2019-06-28 09:41:20.258935933,100107,162,99994,62,100112,162,99982,162,100117,162,99966,162,100131,162,99954,162,100139,162,99953,162,100498,100,99950,100,100503,100,99942,100,100576,100,99939,100,100658,100,99909,100,100753,100,99907,100
2019-06-28 09:41:27.137812456,99994,38,99982,162,100107,162,99966,162,100112,162,99954,162,100117,162,99953,162,100131,162,99950,100,100139,162,99942,100,100498,100,99939,100,100503,100,99909,100,100576,100,99907,100,100658,100,99880,100
2019-06-28 09:41:28.377540413,100107,162,99982,62,100112,162,99966,162,100117,162,99954,162,100131,162,99953,162,100139,162,99950,100,100498,100,99942,100,100503,100,99939,100,100576,100,99909,100,100658,100,99907,100,100753,100,99880,100
2019-06-28 09:41:28.668225797,99982,38,99966,162,100107,162,99954,162,100112,162,99953,162,100117,162,99950,100,100131,162,99942,100,100139,162,99939,100,100498,100,99909,100,100503,100,99907,100,100576,100,99880,100,100658,100,99879,100
2019-06-28 09:41:30.000000000,99982,100,99966,162,100107,162,99954,162,100112,162,99953,162,100117,162,99950,162,100131,162,99942,162,100139,100,99939,100,100498,100,99909,100,100503,100,99907,100,100576,100,99880,100,100658,100,99879,100
2019-06-28 09:41:40.000000000,99982,116,99966,178,100107,178,99954,178,100112,178,99953,178,100117,178,99950,178,100131,100,99942,100,100139,100,99939,100,100498,100,99909,100,100503,100,99907,100,100576,100,99880,100,100658,100,99879,100
2019-06-28 09:41:50.000000000,99982,116,99966,178,100107,178,99954,178,100112,178,99953,178,100117,178,99950,178,100131,100,99942,100,100139,100,99939,100,100498,100,99909,100,100503,100,99907,100,100576,100,99880,100,100658,100,99879,100
2019-06-28 09:41:50.054792054,99982,216,99966,178,100107,178,99954,178,100112,178,99953,178,100117,178,99950,178,100131,100,99942,100,100139,100,99939,100,100498,100,99909,100,100503,100,99907,100,100576,100,99880,100,100658,100,99879,100
2019-06-28 09:41:51.875330676,99982,216,99966,178,100107,178,99954,178,100112,178,99953,178,100117,178,99950,178,100131,100,99942,100,100139,100,99939,100,100498,100,99909,100,100503,100,99907,100,100576,100,99880,100,100658,100,99879,100
2019-06-28 09:42:00.000000000,99982,200,99966,162,100107,162,99954,162,100112,162,99953,162,100117,162,99950,162,100131,162,99942,162,100139,100,99939,100,100498,100,99909,100,100503,100,99907,100,100576,100,99880,100,100658,100,99879,100
2019-06-28 09:42:10.000000000,99982,200,99966,162,100107,162,99954,162,100112,162,99953,162,100117,162,99950,162,100131,162,99942,162,100139,100,99939,100,100498,100,99909,100,100503,100,99907,100,100576,100,99880,100,100658,100,99879,100
2019-06-28 09:42:20.000000000,99982,450,99966,412,100107,100,99954,100,100112,100,99953,100,100117,100,99950,100,100131,100,99942,100,100139,100,99939,100,100498,100,99909,100,100503,100,99907,100,100576,100,99880,100,100658,100,99879,100
2019-06-28 09:42:21.530274625,99982,450,99966,312,100107,100,99954,100,100112,100,99953,100,100117,100,99950,100,100131,100,99942,100,100139,100,99939,100,100498,100,99909,100,100503,100,99907,100,100576,100,99880,100,100658,100,99879,100
2019-06-28 09:42:30.000000000,99982,450,99954,412,100107,100,99953,100,100112,100,99950,100,100117,100,99942,100,100131,100,99939,100,100139,100,99909,100,100498,100,99907,100,100503,100,99880,100,100576,100,99879,100,100658,100,99872,100
2019-06-28 09:42:33.937705287,99982,450,99954,412,100107,100,99953,100,100112,100,99950,100,100117,100,99942,100,100131,100,99939,100,100139,100,99909,100,100498,100,99907,100,100503,100,99880,100,100576,100,99879,100,100658,100,99872,100
2019-06-28 09:42:40.000000000,99982,200,99954,162,100107,162,99953,162,100112,162,99950,162,100117,162,99942,162,100131,162,99939,162,100139,100,99909,100,100498,100,99907,100,100503,100,99880,100,100576,100,99879,100,100658,100,99872,100
2019-06-28 09:42:50.000000000,99982,450,99954,412,100107,100,99953,100,100112,100,99950,100,100117,100,99942,100,100131,100,99939,100,100139,100,99909,100,100498,100,99907,100,100503,100,99880,100,100576,100,99879,100,100658,100,99872,100
2019-06-28 09:43:00.000000000,99982,450,99954,412,100107,100,99953,100,100112,100,99950,100,100117,100,99942,100,100131,100,99939,100,100139,100,99909,100,100498,100,99907,100,100503,100,99880,100,100576,100,99879,100,100658,100,99872,100
2019-06-28 09:43:10.000000000,99982,200,99954,162,100107,162,99953,162,100112,162,99950,162,100117,162,99942,162,100131,162,99939,162,100139,100,99909,100,100498,100,99907,100,100503,100,99880,100,100576,100,99879,100,100658,100,99872,100
2019-06-28 09:43:11.609606230,99981,100,99954,162,99982,200,99953,162,100107,162,99950,162,100112,162,99942,162,100117,162,99939,162,100131,162,99909,100,100139,100,99907,100,100498,100,99880,100,100503,100,99879,100,100576,100,99872,100
2019-06-28 09:43:13.364353755,99981,100,99954,162,99982,200,99953,162,100107,162,99950,162,100112,162,99942,162,100117,162,99939,162,100131,162,99909,100,100139,100,99907,100,100498,100,99880,100,100503,100,99879,100,100576,100,99872,100
2019-06-28 09:43:20.000000000,99981,256,99954,256,99982,294,99953,256,100107,100,99950,100,100112,100,99942,100,100117,100,99939,100,100131,100,99909,100,100139,100,99907,100,100498,100,99880,100,100503,100,99879,100,100576,100,99872,100
2019-06-28 09:43:28.281969160,99981,256,99954,156,99982,294,99953,256,100107,100,99950,100,100112,100,99939,100,100117,100,99909,100,100131,100,99907,100,100139,100,99880,100,100498,100,99879,100,100503,100,99872,100,100576,100,99841,100
2019-06-28 09:43:30.000000000,99981,256,99953,256,99982,294,99950,256,100107,100,99939,100,100112,100,99909,100,100117,100,99907,100,100131,100,99880,100,100139,100,99879,100,100498,100,99872,100,100503,100,99841,100,100576,100,99838,100
2019-06-28 09:43:33.272117217,99981,256,99953,256,99982,294,99950,256,100107,100,99939,100,100112,100,99909,100,100117,100,99907,100,100131,100,99880,100,100139,100,99879,100,100498,100,99872,100,100503,100,99841,100,100576,100,99838,100
2019-06-28 09:43:40.000000000,99981,412,99953,412,99982,138,99950,100,100107,100,99939,100,100112,100,99909,100,100117,100,99907,100,100131,100,99880,100,100139,100,99879,100,100498,100,99872,100,100503,100,99841,100,100576,100,99838,100
2019-06-28 09:43:41.405136459,99966,100,99953,412,99981,412,99950,100,99982,138,99939,100,100107,100,99909,100,100112,100,99907,100,100117,100,99880,100,100131,100,99879,100,100139,100,99872,100,100498,100,99841,100,100503,100,99838,100
2019-06-28 09:43:50.000000000,99966,206,99953,206,99981,203,99950,203,99982,241,99939,203,100107,100,99909,100,100112,100,99907,100,100117,100,99880,100,100131,100,99879,100,100139,100,99872,100,100498,100,99841,100,100503,100,99838,100
2019-06-28 09:44:00.000000000,99966,412,99953,412,99981,100,99950,100,99982,138,99939,100,100107,100,99909,100,100112,100,99907,100,100117,100,99880,100,100131,100,99879,100,100139,100,99872,100,100498,100,99841,100,100503,100,99838,100
2019-06-28 09:44:00.779217512,99966,412,99953,412,99981,100,99950,100,99982,138,99939,100,100107,100,99909,100,100112,100,99907,100,100117,100,99880,100,100131,100,99879,100,100139,100,99872,100,100498,100,99841,100,100503,100,99838,100
2019-06-28 09:44:01.366589076,99966,412,99953,312,99981,100,99950,100,99982,138,99939,100,100107,100,99909,100,100112,100,99907,100,100117,100,99880,100,100131,100,99879,100,100139,100,99872,100,100498,100,99841,100,100503,100,99838,100
2019-06-28 09:44:10.000000000,99966,412,99950,412,99981,100,99939,100,99982,138,99909,100,100107,100,99907,100,100112,100,99880,100,100117,100,99879,100,100131,100,99872,100,100139,100,99841,100,100498,100,99838,100,100503,100,99837,100
2019-06-28 09:44:13.338612701,99966,412,99950,412,99981,100,99939,100,99982,138,99907,100,100001,100,99880,100,100107,100,99879,100,100112,100,99872,100,100117,100,99841,100,100131,100,99838,100,100139,100,99837,100,100498,100,99834,100
2019-06-28 09:44:20.000000000,99966,206,99950,206,99981,203,99939,203,99982,241,99907,203,100001,100,99880,100,100107,100,99879,100,100112,100,99872,100,100117,100,99841,100,100131,100,99838,100,100139,100,99837,100,100498,100,99834,100
2019-06-28 09:44:22.389115102,99966,206,99950,206,99981,203,99939,203,99982,241,99907,203,100001,100,99880,100,100107,100,99879,100,100112,100,99872,100,100117,100,99841,100,100131,100,99838,100,100139,100,99837,100,100498,100,99834,100
2019-06-28 09:44:27.634409229,99966,206,99950,106,99981,203,99939,203,99982,241,99907,203,100001,100,99880,100,100107,100,99872,100,100112,100,99841,100,100117,100,99838,100,100131,100,99837,100,100139,100,99834,100,100498,100,99827,100
2019-06-28 09:44:30.000000000,99966,162,99939,162,99981,162,99907,162,99982,200,99880,162,100001,162,99872,162,100107,162,99841,162,100112,100,99838,100,100117,100,99837,100,100131,100,99834,100,100139,100,99827,100,100498,100,99812,100
2019-06-28 09:44:40.000000000,99966,178,99939,178,99981,178,99907,178,99982,216,99880,178,100001,178,99872,178,100107,100,99841,100,100112,100,99838,100,100117,100,99837,100,100131,100,99834,100,100139,100,99827,100,100498,100,99812,100
2019-06-28 09:44:41.431189448,99966,178,99939,178,99981,178,99907,178,99982,216,99880,178,100001,178,99872,178,100107,100,99841,100,100112,100,99838,100,100117,100,99837,100,100131,100,99834,100,100139,100,99827,100,100498,100,99812,100
2019-06-28 09:44:50.000000000,99966,412,99939,412,99981,100,99907,100,99982,138,99880,100,100001,100,99872,100,100107,100,99841,100,100112,100,99838,100,100117,100,99837,100,100131,100,99834,100,100139,100,99827,100,100498,100,99812,100
2019-06-28 09:44:56.339472487,99966,412,99939,312,99981,100,99907,100,99982,138,99880,100,100001,100,99872,100,100107,100,99841,100,100112,100,99838,100,100117,100,99837,100,100131,100,99834,100,100139,100,99827,100,100498,100,99812,100
2019-06-28 09:44:56.785486544,99966,412,99939,312,99981,100,99907,100,99982,138,99872,100,100001,100,99841,100,100107,100,99838,100,100112,100,99837,100,100117,100,99834,100,100131,100,99827,100,100139,100,99812,100,100498,100,99802,100
2019-06-28 09:45:00.000000000,99966,178,99907,178,99981,178,99872,178,99982,216,99841,178,100001,178,99838,178,100107,100,99837,100,100112,100,99834,100,100117,100,99827,100,100131,100,99812,100,100139,100,99802,100,100498,100,99743,100
2019-06-28 09:45:08.719402667,99966,178,99907,78,99981,178,99872,178,99982,216,99841,178,100001,178,99838,178,100107,100,99837,100,100112,100,99834,100,100117,100,99827,100,100131,100,99812,100,100139,100,99802,100,100498,100,99743,100
2019-06-28 09:45:10.000000000,99966,206,99872,206,99981,203,99841,203,99982,241,99838,203,100001,100,99837,100,100107,100,99834,100,100112,100,99827,100,100117,100,99812,100,100131,100,99802,100,100139,100,99743,100,100498,100,99716,100
2019-06-28 09:45:12.471540435,99966,206,99872,106,99981,203,99841,203,99982,241,99838,203,100001,100,99837,100,100107,100,99834,100,100112,100,99827,100,100117,100,99812,100,100131,100,99802,100,100139,100,99743,100,100498,100,99716,100
2019-06-28 09:45:20.000000000,99966,256,99841,256,99981,256,99838,256,99982,138,99837,100,100001,100,99834,100,100107,100,99827,100,100112,100,99812,100,100117,100,99802,100,100131,100,99743,100,100139,100,99716,100,100498,100,99646,100
2019-06-28 09:45:30.000000000,99966,206,99841,206,99981,203,99838,203,99982,241,99837,203,100001,100,99834,100,100107,100,99827,100,100112,100,99812,100,100117,100,99802,100,100131,100,99743,100,100139,100,99716,100,100498,100,99646,100
2019-06-28 09:45:34.066748421,99907,100,99841,206,99966,206,99838,203,99981,203,99837,203,99982,241,99834,100,100001,100,99827,100,100107,100,99812,100,100112,100,99802,100,100117,100,99743,100,100131,100,99716,100,100139,100,99646,100
2019-06-28 09:45:37.115738734,99907,100,99841,206,99966,206,99838,203,99981,203,99837,203,99982,241,99834,100,100001,100,99827,100,100112,100,99812,100,100117,100,99802,100,100131,100,99743,100,100139,100,99716,100,100498,100,99646,100
2019-06-28 09:45:40.000000000,99907,256,99841,256,99966,256,99838,256,99981,100,99837,100,99982,138,99834,100,100001,100,99827,100,100112,100,99812,100,100117,100,99802,100,100131,100,99743,100,100139,100,99716,100,100498,100,99646,100
2019-06-28 09:45:42.881831197,99907,356,99841,256,99966,256,99838,256,99981,100,99837,100,99982,138,99834,100,100001,100,99827,100,100112,100,99812,100,100117,100,99802,100,100131,100,99743,100,100139,100,99716,100,100498,100,99646,100
2019-06-28 09:45:47.049901604,99907,356,99841,256,99966,256,99838,256,99981,100,99837,100,99982,138,99834,100,100001,100,99827,100,100112,100,99812,100,100117,100,99802,100,100131,100,99743,100,100139,100,99716,100,100498,100,99646,100
2019-06-28 09:45:50.000000000,99907,356,99841,256,99966,256,99838,256,99981,100,99837,100,99982,138,99834,100,100001,100,99827,100,100112,100,99812,100,100117,100,99802,100,100131,100,99743,100,100139,100,99716,100,100498,100,99646,100
2019-06-28 09:45:56.592954976,99907,356,99841,156,99966,256,99838,256,99981,100,99837,100,99982,138,99834,100,100001,100,99827,100,100112,100,99812,100,100117,100,99802,100,100131,100,99743,100,100139,100,99716,100,100498,100,99646,100
2019-06-28 09:46:00.000000000,99907,512,99838,412,99966,100,99837,100,99981,100,99834,100,99982,138,99827,100,100001,100,99812,100,100112,100,99802,100,100117,100,99743,100,100131,100,99716,100,100139,100,99646,100,100498,100,99567,100
2019-06-28 09:46:10.000000000,99907,262,99838,162,99966,162,99837,162,99981,162,99834,162,99982,200,99827,162,100001,162,99812,162,100112,100,99802,100,100117,100,99743,100,100131,100,99716,100,100139,100,99646,100,100498,100,99567,100
2019-06-28 09:46:20.000000000,99907,356,99838,256,99966,256,99837,256,99981,100,99834,100,99982,138,99827,100,100001,100,99812,100,100112,100,99802,100,100117,100,99743,100,100131,100,99716,100,100139,100,99646,100,100498,100,99567,100
2019-06-28 09:46:30.000000000,99907,306,99838,206,99966,203,99837,203,99981,203,99834,203,99982,138,99827,100,100001,100,99812,100,100112,100,99802,100,100117,100,99743,100,100131,100,99716,100,100139,100,99646,100,100498,100,99567,100
2019-06-28 09:46:37.604004222,99907,306,99838,206,99966,203,99837,203,99981,203,99834,203,99982,138,99827,100,100001,100,99812,100,100112,100,99802,100,100117,100,99743,100,100131,100,99716,100,100139,100,99646,100,100498,100,99567,100
2019-06-28 09:46:40.000000000,99907,306,99838,206,99966,203,99837,203,99981,203,99834,203,99982,138,99827,100,100001,100,99812,100,100112,100,99802,100,100117,100,99743,100,100131,100,99716,100,100139,100,99646,100,100498,100,99567,100
2019-06-28 09:46:47.997733913,99907,306,99838,206,99966,203,99837,203,99981,203,99834,203,99982,138,99827,100,100001,100,99812,100,100112,100,99802,100,100117,100,99743,100,100131,100,99716,100,100139,100,99646,100,100498,100,99567,100
2019-06-28 09:46:50.000000000,99907,278,99838,178,99966,178,99837,178,99981,178,99834,178,99982,216,99827,178,100001,100,99812,100,100112,100,99802,100,100117,100,99743,100,100131,100,99716,100,100139,100,99646,100,100498,100,99567,100
2019-06-28 09:47:00.000000000,99907,278,99838,178,99966,178,99837,178,99981,178,99834,178,99982,216,99827,178,100001,100,99812,100,100112,100,99802,100,100117,100,99743,100,100131,100,99716,100,100139,100,99646,100,100498,100,99567,100
2019-06-28 09:47:04.692261183,99907,278,99838,178,99966,178,99837,178,99981,178,99834,178,99982,216,99827,178,100001,100,99812,100,100112,100,99802,100,100117,100,99743,100,100131,100,99716,100,100139,100,99646,100,100498,100,99567,100
2019-06-28 09:47:10.000000000,99907,278,99838,178,99966,178,99837,178,99981,178,99834,178,99982,216,99827,178,100001,100,99812,100,100112,100,99802,100,100117,100,99743,100,100131,100,99716,100,100139,100,99646,100,100498,100,99567,100
2019-06-28 09:47:15.051218424,99907,278,99838,78,99966,178,99837,178,99981,178,99834,178,99982,216,99827,178,100001,100,99812,100,100112,100,99802,100,100117,100,99743,100,100131,100,99716,100,100139,100,99646,100,100498,100,99567,100
2019-06-28 09:47:20.000000000,99907,306,99837,206,99966,203,99834,203,99981,203,99827,203,99982,138,99812,100,100001,100,99802,100,100112,100,99743,100,100117,100,99716,100,100131,100,99646,100,100139,100,99567,100,100498,100,99535,100
2019-06-28 09:47:30.000000000,99907,262,99837,162,99966,162,99834,162,99981,162,99827,162,99982,200,99812,162,100001,162,99802,162,100112,100,99743,100,100117,100,99716,100,100131,100,99646,100,100139,100,99567,100,100498,100,99535,100
2019-06-28 09:47:40.000000000,99907,306,99837,206,99966,203,99834,203,99981,203,99827,203,99982,138,99812,100,100001,100,99802,100,100112,100,99743,100,100117,100,99716,100,100131,100,99646,100,100139,100,99567,100,100498,100,99535,100
2019-06-28 09:47:50.000000000,99907,356,99837,256,99966,256,99834,256,99981,100,99827,100,99982,138,99812,100,100001,100,99802,100,100112,100,99743,100,100117,100,99716,100,100131,100,99646,100,100139,100,99567,100,100498,100,99535,100
2019-06-28 09:47:55.110360030,99907,356,99837,256,99966,256,99834,256,99981,100,99827,100,99982,100,99812,100,100001,100,99802,100,100112,100,99743,100,100117,100,99716,100,100131,100,99646,100,100139,100,99567,100,100498,100,99535,100
2019-06-28 09:48:00.000000000,99907,278,99837,178,99966,178,99834,178,99981,178,99827,178,99982,178,99812,178,100001,100,99802,100,100112,100,99743,100,100117,100,99716,100,100131,100,99646,100,100139,100,99567,100,100498,100,99535,100
2019-06-28 09:48:02.570454274,99907,278,99837,178,99966,178,99834,178,99981,178,99827,178,99982,178,99812,178,100001,100,99802,100,100112,100,99743,100,100117,100,99716,100,100131,100,99646,100,100139,100,99567,100,100498,100,99535,100
2019-06-28 09:48:10.000000000,99907,278,99837,178,99966,178,99834,178,99981,178,99827,178,99982,178,99812,178,100001,100,99802,100,100112,100,99743,100,100117,100,99716,100,100131,100,99646,100,100139,100,99567,100,100498,100,99535,100
2019-06-28 09:48:10.709746915,99907,278,99837,178,99966,178,99834,178,99981,178,99827,178,99982,178,99812,178,100112,100,99802,100,100117,100,99743,100,100131,100,99716,100,100139,100,99646,100,100498,100,99567,100,100503,100,99535,100
2019-06-28 09:48:20.000000000,99907,262,99837,162,99966,162,99834,162,99981,162,99827,162,99982,162,99812,162,100112,162,99802,162,100117,100,99743,100,100131,100,99716,100,100139,100,99646,100,100498,100,99567,100,100503,100,99535,100
2019-06-28 09:48:20.689581443,99841,100,99837,162,99907,262,99834,162,99966,162,99827,162,99981,162,99812,162,99982,162,99802,162,100112,162,99743,100,100117,100,99716,100,100131,100,99646,100,100139,100,99567,100,100498,100,99535,100
2019-06-28 09:48:23.069934354,99841,100,99837,162,99907,262,99834,162,99966,162,99827,162,99981,162,99812,162,99982,162,99802,162,100112,162,99743,100,100117,100,99716,100,100131,100,99646,100,100139,100,99567,100,100498,100,99535,100
2019-06-28 09:48:30.000000000,99841,256,99837,256,99907,356,99834,256,99966,100,99827,100,99981,100,99812,100,99982,100,99802,100,100112,100,99743,100,100117,100,99716,100,100131,100,99646,100,100139,100,99567,100,100498,100,99535,100
2019-06-28 09:48:33.155256712,99841,356,99837,256,99907,356,99834,256,99966,100,99827,100,99981,100,99812,100,99982,100,99802,100,100112,100,99743,100,100117,100,99716,100,100131,100,99646,100,100139,100,99567,100,100498,100,99535,100
2019-06-28 09:48:40.000000000,99841,306,99837,206,99907,303,99834,203,99966,203,99827,203,99981,100,99812,100,99982,100,99802,100,100112,100,99743,100,100117,100,99716,100,100131,100,99646,100,100139,100,99567,100,100498,100,99535,100
2019-06-28 09:48:50.000000000,99841,262,99837,162,99907,262,99834,162,99966,162,99827,162,99981,162,99812,162,99982,162,99802,162,100112,100,99743,100,100117,100,99716,100,100131,100,99646,100,100139,100,99567,100,100498,100,99535,100
2019-06-28 09:48:50.208971901,99841,262,99837,62,99907,262,99834,162,99966,162,99827,162,99981,162,99812,162,99982,162,99802,162,100112,100,99743,100,100117,100,99716,100,100131,100,99646,100,100139,100,99567,100,100498,100,99535,100
2019-06-28 09:49:00.000000000,99841,278,99834,178,99907,278,99827,178,99966,178,99812,178,99981,178,99802,178,99982,100,99743,100,100112,100,99716,100,100117,100,99646,100,100131,100,99567,100,100139,100,99535,100,100498,100,99509,100
2019-06-28 09:49:10.000000000,99841,356,99834,256,99907,356,99827,256,99966,100,99812,100,99981,100,99802,100,99982,100,99743,100,100112,100,99716,100,100117,100,99646,100,100131,100,99567,100,100139,100,99535,100,100498,100,99509,100
2019-06-28 09:49:20.000000000,99841,262,99834,162,99907,262,99827,162,99966,162,99812,162,99981,162,99802,162,99982,162,99743,162,100112,100,99716,100,100117,100,99646,100,100131,100,99567,100,100139,100,99535,100,100498,100,99509,100
2019-06-28 09:49:21.072505078,99841,262,99834,162,99907,262,99827,162,99966,162,99812,162,99981,162,99802,162,99982,162,99743,162,100112,100,99716,100,100117,100,99646,100,100131,100,99567,100,100139,100,99535,100,100498,100,99509,100
2019-06-28 09:49:30.000000000,99841,512,99834,412,99907,200,99827,100,99966,100,99812,100,99981,100,99802,100,99982,100,99743,100,100112,100,99716,100,100117,100,99646,100,100131,100,99567,100,100139,100,99535,100,100498,100,99509,100
2019-06-28 09:49:39.994397895,99841,512,99834,412,99907,200,99827,100,99966,100,99812,100,99981,100,99802,100,99982,100,99743,100,100112,100,99716,100,100117,100,99646,100,100131,100,99567,100,100139,100,99535,100,100498,100,99509,100
2019-06-28 09:49:40.000000000,99841,306,99834,206,99907,303,99827,203,99966,203,99812,203,99981,100,99802,100,99982,100,99743,100,100112,100,99716,100,100117,100,99646,100,100131,100,99567,100,100139,100,99535,100,100498,100,99509,100
2019-06-28 09:49:50.000000000,99841,512,99834,412,99907,200,99827,100,99966,100,99812,100,99981,100,99802,100,99982,100,99743,100,100112,100,99716,100,100117,100,99646,100,100131,100,99567,100,100139,100,99535,100,100498,100,99509,100
2019-06-28 09:50:00.000000000,99841,262,99834,162,99907,262,99827,162,99966,162,99812,162,99981,162,99802,162,99982,162,99743,162,100112,100,99716,100,100117,100,99646,100,100131,100,99567,100,100139,100,99535,100,100498,100,99509,100
2019-06-28 09:50:05.151261204,99841,262,99834,162,99907,262,99827,162,99966,162,99812,162,99981,162,99802,62,99982,162,99743,162,100112,100,99716,100,100117,100,99646,100,100131,100,99622,100,100139,100,99567,100,100498,100,99535,100
2019-06-28 09:50:05.683141256,99841,262,99834,162,99907,262,99827,162,99966,162,99812,162,99981,162,99802,62,99982,162,99743,162,100112,100,99716,100,100117,100,99646,100,100131,100,99622,100,100139,100,99567,100,100498,100,99535,100
2019-06-28 09:50:10.000000000,99841,278,99834,178,99907,278,99827,178,99966,178,99812,178,99981,178,99743,178,99982,100,99716,100,100112,100,99646,100,100117,100,99622,100,100131,100,99567,100,100139,100,99535,100,100498,100,99509,100
2019-06-28 09:50:20.000000000,99841,278,99834,178,99907,278,99827,178,99966,178,99812,178,99981,178,99743,178,99982,100,99716,100,100112,100,99646,100,100117,100,99622,100,100131,100,99567,100,100139,100,99535,100,100498,100,99509,100
2019-06-28 09:50:29.872265275,99841,178,99834,178,99907,278,99827,178,99966,178,99812,178,99981,178,99743,178,99982,100,99716,100,100112,100,99646,100,100117,100,99622,100,100131,100,99567,100,100139,100,99535,100,100498,100,99509,100
2019-06-28 09:50:30.000000000,99841,206,99834,206,99907,303,99827,203,99966,203,99812,203,99981,100,99743,100,99982,100,99716,100,100112,100,99646,100,100117,100,99622,100,100131,100,99567,100,100139,100,99535,100,100498,100,99509,100
2019-06-28 09:50:40.000000000,99841,206,99834,206,99907,303,99827,203,99966,203,99812,203,99981,100,99743,100,99982,100,99716,100,100112,100,99646,100,100117,100,99622,100,100131,100,99567,100,100139,100,99535,100,100498,100,99509,100
2019-06-28 09:50:50.000000000,99841,178,99834,178,99907,278,99827,178,99966,178,99812,178,99981,178,99743,178,99982,100,99716,100,100112,100,99646,100,100117,100,99622,100,100131,100,99567,100,100139,100,99535,100,100498,100,99509,100
2019-06-28 09:50:51.113085237,99841,178,99834,78,99907,278,99827,178,99927,100,99812,178,99966,178,99743,178,99981,178,99716,100,99982,100,99646,100,100112,100,99622,100,100117,100,99567,100,100131,100,99535,100,100139,100,99509,100
2019-06-28 09:50:55.996701243,99841,178,99834,78,99907,278,99827,178,99909,100,99812,178,99927,100,99743,178,99966,178,99716,100,99981,178,99646,100,99982,100,99622,100,100112,100,99567,100,100117,100,99535,100,100131,100,99509,100
2019-06-28 09:51:00.000000000,99841,178,99827,178,99907,278,99812,178,99909,178,99743,178,99927,178,99716,178,99966,100,99646,100,99981,100,99622,100,99982,100,99567,100,100112,100,99535,100,100117,100,99509,100,100131,100,99488,100
2019-06-28 09:51:10.000000000,99841,412,99827,412,99907,200,99812,100,99909,100,99743,100,99927,100,99716,100,99966,100,99646,100,99981,100,99622,100,99982,100,99567,100,100112,100,99535,100,100117,100,99509,100,100131,100,99488,100
2019-06-28 09:51:20.000000000,99841,178,99827,178,99907,278,99812,178,99909,178,99743,178,99927,178,99716,178,99966,100,99646,100,99981,100,99622,100,99982,100,99567,100,100112,100,99535,100,100117,100,99509,100,100131,100,99488,100
2019-06-28 09:51:30.000000000,99841,162,99827,162,99907,262,99812,162,99909,162,99743,162,99927,162,99716,162,99966,162,99646,162,99981,100,99622,100,99982,100,99567,100,100112,100,99535,100,100117,100,99509,100,100131,100,99488,100
2019-06-28 09:51:40.000000000,99841,162,99827,162,99907,262,99812,162,99909,162,99743,162,99927,162,99716,162,99966,162,99646,162,99981,100,99622,100,99982,100,99567,100,100112,100,99535,100,100117,100,99509,100,100131,100,99488,100
2019-06-28 09:51:50.000000000,99841,412,99827,412,99907,200,99812,100,99909,100,99743,100,99927,100,99716,100,99966,100,99646,100,99981,100,99622,100,99982,100,99567,100,100112,100,99535,100,100117,100,99509,100,100131,100,99488,100
2019-06-28 09:52:00.000000000,99841,206,99827,206,99907,303,99812,203,99909,203,99743,203,99927,100,99716,100,99966,100,99646,100,99981,100,99622,100,99982,100,99567,100,100112,100,99535,100,100117,100,99509,100,100131,100,99488,100
2019-06-28 09:52:10.000000000,99841,178,99827,178,99907,278,99812,178,99909,178,99743,178,99927,178,99716,178,99966,100,99646,100,99981,100,99622,100,99982,100,99567,100,100112,100,99535,100,100117,100,99509,100,100131,100,99488,100
2019-06-28 09:52:11.456962061,99841,178,99827,178,99907,278,99812,178,99909,178,99743,178,99927,178,99716,178,99966,100,99646,100,99981,100,99622,100,99982,100,99570,100,100117,100,99567,100,100131,100,99535,100,100139,100,99509,100
2019-06-28 09:52:16.318738382,99841,178,99827,178,99907,278,99812,178,99909,178,99743,178,99927,178,99716,178,99966,100,99646,100,99981,100,99622,100,99982,100,99570,100,100072,100,99567,100,100117,100,99535,100,100131,100,99509,100
2019-06-28 09:52:18.943187250,99841,178,99827,178,99907,278,99812,178,99909,178,99743,178,99927,178,99716,178,99966,100,99646,100,99981,100,99622,100,99982,100,99570,100,99992,100,99567,100,100072,100,99535,100,100117,100,99509,100
2019-06-28 09:52:20.000000000,99841,178,99827,178,99907,278,99812,178,99909,178,99743,178,99927,178,99716,178,99966,100,99646,100,99981,100,99622,100,99982,100,99570,100,99992,100,99567,100,100072,100,99535,100,100117,100,99509,100
2019-06-28 09:52:30.000000000,99841,178,99827,178,99907,278,99812,178,99909,178,99743,178,99927,178,99716,178,99966,100,99646,100,99981,100,99622,100,99982,100,99570,100,99992,100,99567,100,100072,100,99535,100,100117,100,99509,100
2019-06-28 09:52:39.235925350,99841,178,99827,178,99861,100,99812,178,99907,278,99743,178,99909,178,99716,178,99927,178,99646,100,99966,100,99622,100,99981,100,99570,100,99982,100,99567,100,99992,100,99535,100,100072,100,99509,100
2019-06-28 09:52:40.000000000,99841,178,99827,178,99861,178,99812,178,99907,278,99743,178,99909,178,99716,178,99927,100,99646,100,99966,100,99622,100,99981,100,99570,100,99982,100,99567,100,99992,100,99535,100,100072,100,99509,100
2019-06-28 09:52:42.808680884,99841,78,99827,178,99861,178,99812,178,99907,278,99743,178,99909,178,99716,178,99927,100,99646,100,99966,100,99622,100,99981,100,99570,100,99982,100,99567,100,99992,100,99535,100,100072,100,99509,100
2019-06-28 09:52:47.934028609,99841,78,99827,178,99861,178,99812,178,99907,278,99753,100,99909,178,99743,178,99927,100,99716,178,99966,100,99646,100,99981,100,99622,100,99982,100,99570,100,99992,100,99567,100,100072,100,99535,100
2019-06-28 09:52:50.000000000,99861,412,99827,412,99907,200,99812,100,99909,100,99753,100,99927,100,99743,100,99966,100,99716,100,99981,100,99646,100,99982,100,99622,100,99992,100,99570,100,100072,100,99567,100,100117,100,99535,100
2019-06-28 09:53:00.000000000,99861,162,99827,162,99907,262,99812,162,99909,162,99753,162,99927,162,99743,162,99966,162,99716,162,99981,100,99646,100,99982,100,99622,100,99992,100,99570,100,100072,100,99567,100,100117,100,99535,100
2019-06-28 09:53:10.000000000,99861,162,99827,162,99907,262,99812,162,99909,162,99753,162,99927,162,99743,162,99966,162,99716,162,99981,100,99646,100,99982,100,99622,100,99992,100,99570,100,100072,100,99567,100,100117,100,99535,100
2019-06-28 09:53:11.862117287,99861,162,99838,100,99907,162,99827,162,99909,162,99812,162,99927,162,99753,162,99966,162,99743,162,99981,100,99716,162,99982,100,99646,100,99992,100,99622,100,100072,100,99570,100,100117,100,99567,100
2019-06-28 09:53:20.000000000,99861,206,99838,206,99907,203,99827,203,99909,203,99812,203,99927,100,99753,100,99966,100,99743,100,99981,100,99716,100,99982,100,99646,100,99992,100,99622,100,100072,100,99570,100,100117,100,99567,100
2019-06-28 09:53:30.000000000,99861,412,99838,412,99907,100,99827,100,99909,100,99812,100,99927,100,99753,100,99966,100,99743,100,99981,100,99716,100,99982,100,99646,100,99992,100,99622,100,100072,100,99570,100,100117,100,99567,100
2019-06-28 09:53:40.000000000,99861,256,99838,256,99907,256,99827,256,99909,100,99812,100,99927,100,99753,100,99966,100,99743,100,99981,100,99716,100,99982,100,99646,100,99992,100,99622,100,100072,100,99570,100,100117,100,99567,100
2019-06-28 09:53:50.000000000,99861,162,99838,162,99907,162,99827,162,99909,162,99812,162,99927,162,99753,162,99966,162,99743,162,99981,100,99716,100,99982,100,99646,100,99992,100,99622,100,100072,100,99570,100,100117,100,99567,100
2019-06-28 09:53:52.974423593,99861,162,99838,162,99907,162,99827,162,99909,162,99812,162,99927,162,99753,162,99966,162,99743,162,99981,100,99716,100,99982,100,99646,100,99992,100,99622,100,100072,100,99570,100,100117,100,99567,100
2019-06-28 09:53:52.998289415,99861,162,99838,162,99907,162,99827,162,99909,162,99812,162,99927,162,99753,162,99966,162,99743,162,99981,100,99716,100,99982,100,99646,100,99992,100,99622,100,100072,100,99570,100,100117,100,99567,100
2019-06-28 09:54:00.000000000,99861,412,99838,412,99907,100,99827,100,99909,100,99812,100,99927,100,99753,100,99966,100,99743,100,99981,100,99716,100,99982,100,99646,100,99992,100,99622,100,100072,100,99570,100,100117,100,99567,100
2019-06-28 09:54:10.000000000,99861,178,99838,178,99907,178,99827,178,99909,178,99812,178,99927,178,99753,178,99966,100,99743,100,99981,100,99716,100,99982,100,99646,100,99992,100,99622,100,100072,100,99570,100,100117,100,99567,100
2019-06-28 09:54:20.000000000,99861,162,99838,162,99907,162,99827,162,99909,162,99812,162,99927,162,99753,162,99966,162,99743,162,99981,100,99716,100,99982,100,99646,100,99992,100,99622,100,100072,100,99570,100,100117,100,99567,100
2019-06-28 09:54:30.000000000,99861,412,99838,412,99907,100,99827,100,99909,100,99812,100,99927,100,99753,100,99966,100,99743,100,99981,100,99716,100,99982,100,99646,100,99992,100,99622,100,100072,100,99570,100,100117,100,99567,100
2019-06-28 09:54:31.812480253,99840,100,99838,412,99861,412,99827,100,99907,100,99812,100,99909,100,99753,100,99927,100,99743,100,99966,100,99716,100,99981,100,99646,100,99982,100,99622,100,99992,100,99570,100,100072,100,99567,100
2019-06-28 09:54:40.000000000,99840,256,99838,256,99861,256,99827,256,99907,100,99812,100,99909,100,99753,100,99927,100,99743,100,99966,100,99716,100,99981,100,99646,100,99982,100,99622,100,99992,100,99570,100,100072,100,99567,100
2019-06-28 09:54:50.000000000,99840,178,99838,178,99861,178,99827,178,99907,178,99812,178,99909,178,99753,178,99927,100,99743,100,99966,100,99716,100,99981,100,99646,100,99982,100,99622,100,99992,100,99570,100,100072,100,99567,100
2019-06-28 09:55:00.000000000,99840,256,99838,256,99861,256,99827,256,99907,100,99812,100,99909,100,99753,100,99927,100,99743,100,99966,100,99716,100,99981,100,99646,100,99982,100,99622,100,99992,100,99570,100,100072,100,99567,100
2019-06-28 09:55:10.000000000,99840,256,99838,256,99861,256,99827,256,99907,100,99812,100,99909,100,99753,100,99927,100,99743,100,99966,100,99716,100,99981,100,99646,100,99982,100,99622,100,99992,100,99570,100,100072,100,99567,100
2019-06-28 09:55:11.281961742,99840,256,99838,156,99861,256,99827,256,99907,100,99812,100,99909,100,99753,100,99927,100,99743,100,99966,100,99646,100,99981,100,99622,100,99982,100,99570,100,99992,100,99567,100,100072,100,99535,100
2019-06-28 09:55:20.000000000,99840,256,99827,256,99861,256,99812,256,99907,100,99753,100,99909,100,99743,100,99927,100,99646,100,99966,100,99622,100,99981,100,99570,100,99982,100,99567,100,99992,100,99535,100,100072,100,99509,100
2019-06-28 09:55:24.034875441,99839,100,99827,256,99840,256,99812,256,99861,256,99753,100,99907,100,99743,100,99909,100,99646,100,99927,100,99622,100,99966,100,99570,100,99981,100,99567,100,99982,100,99535,100,99992,100,99509,100
2019-06-28 09:55:26.888542497,99839,100,99827,156,99840,256,99812,256,99861,256,99753,100,99907,100,99743,100,99909,100,99646,100,99927,100,99622,100,99966,100,99570,100,99981,100,99535,100,99982,100,99509,100,99992,100,99488,100
2019-06-28 09:55:30.000000000,99839,412,99812,412,99840,100,99753,100,99861,100,99743,100,99907,100,99646,100,99909,100,99622,100,99927,100,99570,100,99966,100,99535,100,99981,100,99509,100,99982,100,99488,100,99992,100,99375,100
2019-06-28 09:55:34.650658349,99839,412,99812,412,99840,100,99753,100,99861,100,99743,100,99907,100,99646,100,99909,100,99622,100,99927,100,99570,100,99966,100,99535,100,99981,100,99509,100,99982,100,99488,100,99992,100,99375,100
2019-06-28 09:55:40.000000000,99839,162,99812,162,99840,162,99753,162,99861,162,99743,162,99907,162,99646,162,99909,162,99622,162,99927,100,99570,100,99966,100,99535,100,99981,100,99509,100,99982,100,99488,100,99992,100,99375,100
2019-06-28 09:55:50.000000000,99839,206,99812,206,99840,203,99753,203,99861,203,99743,203,99907,100,99646,100,99909,100,99622,100,99927,100,99570,100,99966,100,99535,100,99981,100,99509,100,99982,100,99488,100,99992,100,99375,100
2019-06-28 09:55:58.665399028,99839,206,99812,206,99840,203,99753,203,99861,203,99743,203,99907,100,99679,100,99909,100,99646,100,99927,100,99622,100,99966,100,99570,100,99981,100,99535,100,99982,100,99509,100,99992,100,99488,100
2019-06-28 09:56:00.000000000,99839,178,99812,178,99840,178,99753,178,99861,178,99743,178,99907,178,99679,178,99909,100,99646,100,99927,100,99622,100,99966,100,99570,100,99981,100,99535,100,99982,100,99509,100,99992,100,99488,100
2019-06-28 09:56:03.219455675,99838,100,99812,178,99839,178,99753,178,99840,178,99743,178,99861,178,99679,178,99907,178,99646,100,99909,100,99622,100,99927,100,99570,100,99966,100,99535,100,99981,100,99509,100,99982,100,99488,100
2019-06-28 09:56:10.000000000,99838,256,99812,256,99839,256,99753,256,99840,100,99743,100,99861,100,99679,100,99907,100,99646,100,99909,100,99622,100,99927,100,99570,100,99966,100,99535,100,99981,100,99509,100,99982,100,99488,100
2019-06-28 09:56:20.000000000,99838,412,99812,412,99839,100,99753,100,99840,100,99743,100,99861,100,99679,100,99907,100,99646,100,99909,100,99622,100,99927,100,99570,100,99966,100,99535,100,99981,100,99509,100,99982,100,99488,100
2019-06-28 09:56:29.023359290,99838,412,99812,312,99839,100,99753,100,99840,100,99743,100,99861,100,99679,100,99907,100,99646,100,99909,100,99622,100,99927,100,99570,100,99966,100,99535,100,99981,100,99509,100,99982,100,99488,100
2019-06-28 09:56:30.000000000,99838,162,99753,162,99839,162,99743,162,99840,162,99679,162,99861,162,99646,162,99907,162,99622,162,99909,100,99570,100,99927,100,99535,100,99966,100,99509,100,99981,100,99488,100,99982,100,99375,100
2019-06-28 09:56:35.257180319,99838,162,99753,162,99839,162,99743,162,99840,162,99679,162,99861,162,99664,100,99907,162,99646,162,99909,100,99622,162,99927,100,99570,100,99966,100,99535,100,99981,100,99509,100,99982,100,99488,100
2019-06-28 09:56:40.000000000,99838,206,99753,206,99839,203,99743,203,99840,203,99679,203,99861,100,99664,100,99907,100,99646,100,99909,100,99622,100,99927,100,99570,100,99966,100,99535,100,99981,100,99509,100,99982,100,99488,100
2019-06-28 09:56:50.000000000,99838,178,99753,178,99839,178,99743,178,99840,178,99679,178,99861,178,99664,178,99907,100,99646,100,99909,100,99622,100,99927,100,99570,100,99966,100,99535,100,99981,100,99509,100,99982,100,99488,100
2019-06-28 09:56:50.158262234,99776,100,99753,178,99838,178,99743,178,99839,178,99679,178,99840,178,99664,178,99861,178,99646,100,99907,100,99622,100,99909,100,99570,100,99927,100,99535,100,99966,100,99509,100,99981,100,99488,100
2019-06-28 09:57:00.000000000,99776,162,99753,162,99838,162,99743,162,99839,162,99679,162,99840,162,99664,162,99861,162,99646,162,99907,100,99622,100,99909,100,99570,100,99927,100,99535,100,99966,100,99509,100,99981,100,99488,100
2019-06-28 09:57:10.000000000,99776,206,99753,206,99838,203,99743,203,99839,203,99679,203,99840,100,99664,100,99861,100,99646,100,99907,100,99622,100,99909,100,99570,100,99927,100,99535,100,99966,100,99509,100,99981,100,99488,100
2019-06-28 09:57:20.000000000,99776,178,99753,178,99838,178,99743,178,99839,178,99679,178,99840,178,99664,178,99861,100,99646,100,99907,100,99622,100,99909,100,99570,100,99927,100,99535,100,99966,100,99509,100,99981,100,99488,100
2019-06-28 09:57:30.000000000,99776,206,99753,206,99838,203,99743,203,99839,203,99679,203,99840,100,99664,100,99861,100,99646,100,99907,100,99622,100,99909,100,99570,100,99927,100,99535,100,99966,100,99509,100,99981,100,99488,100
2019-06-28 09:57:32.166317207,99776,206,99753,206,99827,100,99743,203,99838,203,99679,203,99839,203,99664,100,99840,100,99646,100,99861,100,99622,100,99907,100,99570,100,99909,100,99535,100,99927,100,99509,100,99966,100,99488,100
2019-06-28 09:57:39.236918256,99776,206,99753,206,99793,100,99743,203,99827,100,99679,203,99838,203,99664,100,99839,203,99646,100,99840,100,99622,100,99861,100,99570,100,99907,100,99535,100,99909,100,99509,100,99927,100,99488,100
2019-06-28 09:57:40.000000000,99776,412,99753,412,99793,100,99743,100,99827,100,99679,100,99838,100,99664,100,99839,100,99646,100,99840,100,99622,100,99861,100,99570,100,99907,100,99535,100,99909,100,99509,100,99927,100,99488,100
2019-06-28 09:57:50.000000000,99776,178,99753,178,99793,178,99743,178,99827,178,99679,178,99838,178,99664,178,99839,100,99646,100,99840,100,99622,100,99861,100,99570,100,99907,100,99535,100,99909,100,99509,100,99927,100,99488,100
2019-06-28 09:58:00.000000000,99776,178,99753,178,99793,178,99743,178,99827,178,99679,178,99838,178,99664,178,99839,100,99646,100,99840,100,99622,100,99861,100,99570,100,99907,100,99535,100,99909,100,99509,100,99927,100,99488,100
2019-06-28 09:58:07.780128683,99776,178,99753,178,99793,178,99743,178,99827,278,99679,178,99838,178,99664,178,99839,100,99646,100,99840,100,99622,100,99861,100,99570,100,99907,100,99535,100,99909,100,99509,100,99927,100,99488,100
2019-06-28 09:58:10.000000000,99776,206,99753,206,99793,203,99743,203,99827,303,99679,203,99838,100,99664,100,99839,100,99646,100,99840,100,99622,100,99861,100,99570,100,99907,100,99535,100,99909,100,99509,100,99927,100,99488,100
2019-06-28 09:58:20.000000000,99776,256,99753,256,99793,256,99743,256,99827,200,99679,100,99838,100,99664,100,99839,100,99646,100,99840,100,99622,100,99861,100,99570,100,99907,100,99535,100,99909,100,99509,100,99927,100,99488,100
2019-06-28 09:58:30.000000000,99776,178,99753,178,99793,178,99743,178,99827,278,99679,178,99838,178,99664,178,99839,100,99646,100,99840,100,99622,100,99861,100,99570,100,99907,100,99535,100,99909,100,99509,100,99927,100,99488,100
2019-06-28 09:58:33.530464771,99776,178,99753,78,99793,178,99743,178,99827,278,99679,178,99838,178,99664,178,99839,100,99646,100,99840,100,99622,100,99861,100,99570,100,99907,100,99535,100,99909,100,99509,100,99927,100,99488,100
2019-06-28 09:58:40.000000000,99776,162,99743,162,99793,162,99679,162,99827,262,99664,162,99838,162,99646,162,99839,162,99622,162,99840,100,99570,100,99861,100,99535,100,99907,100,99509,100,99909,100,99488,100,99927,100,99375,100
2019-06-28 09:58:50.000000000,99776,162,99743,162,99793,162,99679,162,99827,262,99664,162,99838,162,99646,162,99839,162,99622,162,99840,100,99570,100,99861,100,99535,100,99907,100,99509,100,99909,100,99488,100,99927,100,99375,100
2019-06-28 09:59:00.000000000,99776,162,99743,162,99793,162,99679,162,99827,262,99664,162,99838,162,99646,162,99839,162,99622,162,99840,100,99570,100,99861,100,99535,100,99907,100,99509,100,99909,100,99488,100,99927,100,99375,100
2019-06-28 09:59:04.638272266,99776,262,99743,162,99793,162,99679,162,99827,262,99664,162,99838,162,99646,162,99839,162,99622,162,99840,100,99570,100,99861,100,99535,100,99907,100,99509,100,99909,100,99488,100,99927,100,99375,100
2019-06-28 09:59:10.000000000,99776,306,99743,206,99793,203,99679,203,99827,303,99664,203,99838,100,99646,100,99839,100,99622,100,99840,100,99570,100,99861,100,99535,100,99907,100,99509,100,99909,100,99488,100,99927,100,99375,100
2019-06-28 09:59:20.000000000,99776,306,99743,206,99793,203,99679,203,99827,303,99664,203,99838,100,99646,100,99839,100,99622,100,99840,100,99570,100,99861,100,99535,100,99907,100,99509,100,99909,100,99488,100,99927,100,99375,100
2019-06-28 09:59:30.000000000,99776,356,99743,256,99793,256,99679,256,99827,200,99664,100,99838,100,99646,100,99839,100,99622,100,99840,100,99570,100,99861,100,99535,100,99907,100,99509,100,99909,100,99488,100,99927,100,99375,100
2019-06-28 09:59:40.000000000,99776,278,99743,178,99793,178,99679,178,99827,278,99664,178,99838,178,99646,178,99839,100,99622,100,99840,100,99570,100,99861,100,99535,100,99907,100,99509,100,99909,100,99488,100,99927,100,99375,100
2019-06-28 09:59:50.000000000,99776,356,99743,256,99793,256,99679,256,99827,200,99664,100,99838,100,99646,100,99839,100,99622,100,99840,100,99570,100,99861,100,99535,100,99907,100,99509,100,99909,100,99488,100,99927,100,99375,100
2019-06-28 10:00:00.000000000,99776,356,99743,256,99793,256,99679,256,99827,200,99664,100,99838,100,99646,100,99839,100,99622,100,99840,100,99570,100,99861,100,99535,100,99907,100,99509,100,99909,100,99488,100,99927,100,99375,100
2019-06-28 10:00:10.000000000,99776,306,99743,206,99793,203,99679,203,99827,303,99664,203,99838,100,99646,100,99839,100,99622,100,99840,100,99570,100,99861,100,99535,100,99907,100,99509,100,99909,100,99488,100,99927,100,99375,100
2019-06-28 10:00:12.896767638,99776,206,99743,106,99793,203,99679,203,99827,303,99664,203,99838,100,99646,100,99839,100,99622,100,99840,100,99570,100,99861,100,99535,100,99907,100,99509,100,99909,100,99488,100,99927,100,99375,100
2019-06-28 10:00:20.000000000,99776,412,99679,412,99793,100,99664,100,99827,200,99646,100,99838,100,99622,100,99839,100,99570,100,99840,100,99535,100,99861,100,99509,100,99907,100,99488,100,99909,100,99375,100,99927,100,99173,100
2019-06-28 10:00:30.000000000,99776,162,99679,162,99793,162,99664,162,99827,262,99646,162,99838,162,99622,162,99839,162,99570,162,99840,100,99535,100,99861,100,99509,100,99907,100,99488,100,99909,100,99375,100,99927,100,99173,100
2019-06-28 10:00:40.000000000,99776,412,99679,412,99793,100,99664,100,99827,200,99646,100,99838,100,99622,100,99839,100,99570,100,99840,100,99535,100,99861,100,99509,100,99907,100,99488,100,99909,100,99375,100,99927,100,99173,100
2019-06-28 10:00:50.000000000,99776,178,99679,178,99793,178,99664,178,99827,278,99646,178,99838,178,99622,178,99839,100,99570,100,99840,100,99535,100,99861,100,99509,100,99907,100,99488,100,99909,100,99375,100,99927,100,99173,100
2019-06-28 10:01:00.000000000,99776,256,99679,256,99793,256,99664,256,99827,200,99646,100,99838,100,99622,100,99839,100,99570,100,99840,100,99535,100,99861,100,99509,100,99907,100,99488,100,99909,100,99375,100,99927,100,99173,100
2019-06-28 10:01:10.000000000,99776,178,99679,178,99793,178,99664,178,99827,278,99646,178,99838,178,99622,178,99839,100,99570,100,99840,100,99535,100,99861,100,99509,100,99907,100,99488,100,99909,100,99375,100,99927,100,99173,100
2019-06-28 10:01:20.000000000,99776,256,99679,256,99793,256,99664,256,99827,200,99646,100,99838,100,99622,100,99839,100,99570,100,99840,100,99535,100,99861,100,99509,100,99907,100,99488,100,99909,100,99375,100,99927,100,99173,100
2019-06-28 10:01:30.000000000,99776,206,99679,206,99793,203,99664,203,99827,303,99646,203,99838,100,99622,100,99839,100,99570,100,99840,100,99535,100,99861,100,99509,100,99907,100,99488,100,99909,100,99375,100,99927,100,99173,100
2019-06-28 10:01:34.534459209,99776,206,99679,206,99793,203,99664,203,99827,303,99646,203,99838,100,99622,100,99839,100,99570,100,99840,100,99535,100,99861,100,99509,100,99907,100,99488,100,99909,100,99375,100,99927,100,99173,100
2019-06-28 10:01:40.000000000,99776,162,99679,162,99793,162,99664,162,99827,262,99646,162,99838,162,99622,162,99839,162,99570,162,99840,100,99535,100,99861,100,99509,100,99907,100,99488,100,99909,100,99375,100,99927,100,99173,100
2019-06-28 10:01:43.550662040,99776,62,99679,162,99793,162,99664,162,99827,262,99646,162,99838,162,99622,162,99839,162,99570,162,99840,100,99535,100,99861,100,99509,100,99907,100,99488,100,99909,100,99375,100,99927,100,99173,100
2019-06-28 10:01:45.941912422,99793,162,99776,38,99827,262,99679,162,99838,162,99664,162,99839,162,99646,162,99840,100,99622,162,99861,100,99570,162,99907,100,99535,100,99909,100,99509,100,99927,100,99488,100,99966,100,99375,100
2019-06-28 10:01:48.640729176,99793,162,99776,38,99827,262,99679,162,99838,162,99664,162,99839,162,99646,162,99840,100,99622,162,99861,100,99570,162,99907,100,99535,100,99909,100,99509,100,99927,100,99375,100,99966,100,99173,100
2019-06-28 10:01:49.045095958,99793,162,99776,38,99827,262,99679,162,99838,162,99664,162,99839,162,99646,162,99840,100,99622,162,99861,100,99570,162,99907,100,99535,100,99909,100,99509,100,99927,100,99375,100,99966,100,99173,100
2019-06-28 10:01:50.000000000,99793,256,99776,194,99827,356,99679,256,99838,100,99664,100,99839,100,99646,100,99840,100,99622,100,99861,100,99570,100,99907,100,99535,100,99909,100,99509,100,99927,100,99375,100,99966,100,99173,100
2019-06-28 10:01:56.493077810,99793,256,99776,194,99827,356,99679,256,99838,100,99664,100,99839,100,99646,100,99840,100,99622,100,99861,100,99570,100,99907,100,99535,100,99909,100,99509,100,99927,100,99375,100,99966,100,99173,100
2019-06-28 10:02:00.000000000,99793,256,99776,194,99827,356,99679,256,99838,100,99664,100,99839,100,99646,100,99840,100,99622,100,99861,100,99570,100,99907,100,99535,100,99909,100,99509,100,99927,100,99375,100,99966,100,99173,100
2019-06-28 10:02:04.892106719,99793,256,99776,294,99827,356,99679,256,99838,100,99664,100,99839,100,99646,100,99840,100,99622,100,99861,100,99570,100,99907,100,99535,100,99909,100,99509,100,99927,100,99375,100,99966,100,99173,100
2019-06-28 10:02:10.000000000,99793,162,99776,200,99827,262,99679,162,99838,162,99664,162,99839,162,99646,162,99840,162,99622,162,99861,100,99570,100,99907,100,99535,100,99909,100,99509,100,99927,100,99375,100,99966,100,99173,100
2019-06-28 10:02:20.000000000,99793,178,99776,216,99827,278,99679,178,99838,178,99664,178,99839,178,99646,178,99840,100,99622,100,99861,100,99570,100,99907,100,99535,100,99909,100,99509,100,99927,100,99375,100,99966,100,99173,100
2019-06-28 10:02:30.000000000,99793,256,99776,294,99827,356,99679,256,99838,100,99664,100,99839,100,99646,100,99840,100,99622,100,99861,100,99570,100,99907,100,99535,100,99909,100,99509,100,99927,100,99375,100,99966,100,99173,100
2019-06-28 10:02:31.640046986,99793,156,99776,294,99827,356,99679,256,99838,100,99664,100,99839,100,99646,100,99840,100,99622,100,99861,100,99570,100,99907,100,99535,100,99909,100,99509,100,99927,100,99375,100,99966,100,99173,100
2019-06-28 10:02:40.000000000,99827,278,99776,216,99838,178,99679,178,99839,178,99664,178,99840,178,99646,178,99861,100,99622,100,99907,100,99570,100,99909,100,99535,100,99927,100,99509,100,99966,100,99375,100,99982,100,99173,100
2019-06-28 10:02:50.000000000,99827,306,99776,244,99838,203,99679,203,99839,203,99664,203,99840,100,99646,100,99861,100,99622,100,99907,100,99570,100,99909,100,99535,100,99927,100,99509,100,99966,100,99375,100,99982,100,99173,100
2019-06-28 10:02:56.907942464,99827,206,99776,244,99838,203,99679,203,99839,203,99664,203,99840,100,99646,100,99861,100,99622,100,99907,100,99570,100,99927,100,99535,100,99966,100,99509,100,99982,100,99375,100,99992,100,99173,100
2019-06-28 10:03:00.000000000,99827,412,99776,450,99838,100,99679,100,99839,100,99664,100,99840,100,99646,100,99861,100,99622,100,99907,100,99570,100,99927,100,99535,100,99966,100,99509,100,99982,100,99375,100,99992,100,99173,100
2019-06-28 10:03:10.000000000,99827,412,99776,450,99838,100,99679,100,99839,100,99664,100,99840,100,99646,100,99861,100,99622,100,99907,100,99570,100,99927,100,99535,100,99966,100,99509,100,99982,100,99375,100,99992,100,99173,100
2019-06-28 10:03:14.158918155,99827,412,99776,450,99838,100,99679,100,99839,100,99664,100,99840,100,99646,100,99861,100,99622,100,99907,100,99570,100,99966,100,99535,100,99982,100,99509,100,99992,100,99375,100,100072,100,99173,100
2019-06-28 10:03:18.110238913,99827,412,99776,450,99838,100,99679,100,99839,100,99664,100,99840,100,99622,100,99861,100,99570,100,99907,100,99535,100,99966,100,99509,100,99982,100,99375,100,99992,100,99173,100,100072,100,99085,100
2019-06-28 10:03:18.377157009,99827,412,99776,450,99838,100,99679,100,99839,100,99664,100,99840,100,99622,100,99861,100,99570,100,99907,100,99535,100,99966,100,99509,100,99982,100,99375,100,99992,100,99173,100,100072,100,99085,100
2019-06-28 10:03:20.000000000,99827,206,99776,244,99838,203,99679,203,99839,203,99664,203,99840,100,99622,100,99861,100,99570,100,99907,100,99535,100,99966,100,99509,100,99982,100,99375,100,99992,100,99173,100,100072,100,99085,100
2019-06-28 10:03:30.000000000,99827,256,99776,294,99838,256,99679,256,99839,100,99664,100,99840,100,99622,100,99861,100,99570,100,99907,100,99535,100,99966,100,99509,100,99982,100,99375,100,99992,100,99173,100,100072,100,99085,100
2019-06-28 10:03:40.000000000,99827,206,99776,244,99838,203,99679,203,99839,203,99664,203,99840,100,99622,100,99861,100,99570,100,99907,100,99535,100,99966,100,99509,100,99982,100,99375,100,99992,100,99173,100,100072,100,99085,100
2019-06-28 10:03:42.808408240,99827,106,99776,244,99838,203,99679,203,99839,203,99664,203,99840,100,99622,100,99861,100,99570,100,99907,100,99535,100,99966,100,99509,100,99982,100,99375,100,99992,100,99173,100,100072,100,99085,100
2019-06-28 10:03:50.000000000,99838,162,99776,200,99839,162,99679,162,99840,162,99664,162,99861,162,99622,162,99907,162,99570,162,99966,100,99535,100,99982,100,99509,100,99992,100,99375,100,100072,100,99173,100,100117,100,99085,100
2019-06-28 10:03:56.829141795,99838,162,99776,200,99839,162,99679,62,99840,162,99664,162,99861,162,99622,162,99907,162,99570,162,99966,100,99535,100,99982,100,99509,100,99992,100,99375,100,100072,100,99173,100,100117,100,99085,100
2019-06-28 10:04:00.000000000,99838,256,99776,294,99839,256,99664,256,99840,100,99622,100,99861,100,99570,100,99907,100,99535,100,99966,100,99509,100,99982,100,99375,100,99992,100,99173,100,100072,100,99085,100,100117,100,99008,100
2019-06-28 10:04:10.000000000,99838,256,99776,294,99839,256,99664,256,99840,100,99622,100,99861,100,99570,100,99907,100,99535,100,99966,100,99509,100,99982,100,99375,100,99992,100,99173,100,100072,100,99085,100,100117,100,99008,100
2019-06-28 10:04:20.000000000,99838,256,99776,294,99839,256,99664,256,99840,100,99622,100,99861,100,99570,100,99907,100,99535,100,99966,100,99509,100,99982,100,99375,100,99992,100,99173,100,100072,100,99085,100,100117,100,99008,100
2019-06-28 10:04:25.040147624,99838,256,99776,294,99839,256,99664,256,99840,100,99622,100,99861,100,99570,100,99907,100,99535,100,99966,100,99509,100,99982,100,99375,100,99992,100,99173,100,100072,100,99085,100,100117,100,99008,100
2019-06-28 10:04:30.000000000,99838,178,99776,216,99839,178,99664,178,99840,178,99622,178,99861,178,99570,178,99907,100,99535,100,99966,100,99509,100,99982,100,99375,100,99992,100,99173,100,100072,100,99085,100,100117,100,99008,100
2019-06-28 10:04:40.000000000,99838,206,99776,244,99839,203,99664,203,99840,203,99622,203,99861,100,99570,100,99907,100,99535,100,99966,100,99509,100,99982,100,99375,100,99992,100,99173,100,100072,100,99085,100,100117,100,99008,100
2019-06-28 10:04:50.000000000,99838,412,99776,450,99839,100,99664,100,99840,100,99622,100,99861,100,99570,100,99907,100,99535,100,99966,100,99509,100,99982,100,99375,100,99992,100,99173,100,100072,100,99085,100,100117,100,99008,100
2019-06-28 10:05:00.000000000,99838,412,99776,450,99839,100,99664,100,99840,100,99622,100,99861,100,99570,100,99907,100,99535,100,99966,100,99509,100,99982,100,99375,100,99992,100,99173,100,100072,100,99085,100,100117,100,99008,100
2019-06-28 10:05:10.000000000,99838,206,99776,244,99839,203,99664,203,99840,203,99622,203,99861,100,99570,100,99907,100,99535,100,99966,100,99509,100,99982,100,99375,100,99992,100,99173,100,100072,100,99085,100,100117,100,99008,100
2019-06-28 10:05:20.000000000,99838,162,99776,200,99839,162,99664,162,99840,162,99622,162,99861,162,99570,162,99907,162,99535,162,99966,100,99509,100,99982,100,99375,100,99992,100,99173,100,100072,100,99085,100,100117,100,99008,100
2019-06-28 10:05:22.294721630,99838,62,99776,200,99839,162,99664,162,99840,162,99622,162,99861,162,99570,162,99907,162,99535,162,99966,100,99509,100,99982,100,99375,100,99992,100,99173,100,100072,100,99085,100,100117,100,99008,100
2019-06-28 10:05:30.000000000,99839,162,99776,200,99840,162,99664,162,99861,162,99622,162,99907,162,99570,162,99966,162,99535,162,99982,100,99509,100,99992,100,99375,100,100072,100,99173,100,100117,100,99085,100,100139,100,99008,100
2019-06-28 10:05:36.842213301,99839,162,99827,100,99840,162,99776,200,99861,162,99664,162,99907,162,99622,162,99966,162,99570,162,99982,100,99535,162,99992,100,99509,100,100072,100,99375,100,100117,100,99173,100,100139,100,99085,100
2019-06-28 10:05:40.000000000,99839,256,99827,256,99840,256,99776,294,99861,100,99664,100,99907,100,99622,100,99966,100,99570,100,99982,100,99535,100,99992,100,99509,100,100072,100,99375,100,100117,100,99173,100,100139,100,99085,100
2019-06-28 10:05:44.680096962,99839,156,99827,256,99840,256,99776,294,99861,100,99664,100,99907,100,99622,100,99966,100,99570,100,99982,100,99535,100,99992,100,99509,100,100072,100,99375,100,100117,100,99085,100,100139,100,99008,100
2019-06-28 10:05:50.000000000,99840,162,99827,162,99861,162,99776,200,99907,162,99664,162,99966,162,99622,162,99982,162,99570,162,99992,100,99535,100,100072,100,99509,100,100117,100,99375,100,100139,100,99085,100,100498,100,99008,100
2019-06-28 10:05:59.654782327,99840,162,99827,162,99861,162,99776,200,99907,162,99664,162,99966,162,99622,162,99982,162,99570,162,99992,100,99535,100,100072,100,99509,100,100117,100,99375,100,100139,100,99085,100,100498,100,99008,100
2019-06-28 10:06:00.000000000,99840,162,99827,162,99861,162,99776,200,99907,162,99664,162,99966,162,99622,162,99982,162,99570,162,99992,100,99535,100,100072,100,99509,100,100117,100,99375,100,100139,100,99085,100,100498,100,99008,100
2019-06-28 10:06:06.230861922,99840,162,99827,162,99861,162,99776,200,99907,162,99664,162,99966,162,99622,162,99982,162,99570,162,99992,100,99535,100,100117,100,99509,100,100139,100,99375,100,100498,100,99085,100,100622,100,99008,100
2019-06-28 10:06:10.000000000,99840,162,99827,162,99861,162,99776,200,99907,162,99664,162,99966,162,99622,162,99982,162,99570,162,99992,100,99535,100,100117,100,99509,100,100139,100,99375,100,100498,100,99085,100,100622,100,99008,100
2019-06-28 10:06:10.256817184,99840,62,99827,162,99861,162,99776,200,99907,162,99664,162,99966,162,99622,162,99982,162,99570,162,99992,100,99535,100,100117,100,99509,100,100139,100,99375,100,100498,100,99085,100,100622,100,99008,100
2019-06-28 10:06:20.000000000,99861,412,99827,412,99907,100,99776,138,99966,100,99664,100,99982,100,99622,100,99992,100,99570,100,100117,100,99535,100,100139,100,99509,100,100498,100,99375,100,100622,100,99085,100,100667,100,99008,100
2019-06-28 10:06:30.000000000,99861,412,99827,412,99907,100,99776,138,99966,100,99664,100,99982,100,99622,100,99992,100,99570,100,100117,100,99535,100,100139,100,99509,100,100498,100,99375,100,100622,100,99085,100,100667,100,99008,100
2019-06-28 10:06:31.356422773,99861,412,99827,412,99907,100,99776,138,99966,100,99664,100,99982,100,99622,100,99992,100,99570,100,100117,100,99535,100,100139,100,99509,100,100143,100,99085,100,100498,100,99008,100,100622,100,98786,100
2019-06-28 10:06:33.566263343,99861,312,99827,412,99907,100,99776,138,99966,100,99664,100,99982,100,99622,100,99992,100,99570,100,100117,100,99535,100,100139,100,99509,100,100143,100,99085,100,100498,100,99008,100,100622,100,98786,100
2019-06-28 10:06:40.000000000,99907,162,99827,162,99966,162,99776,200,99982,162,99664,162,99992,162,99622,162,100117,162,99570,162,100139,100,99535,100,100143,100,99509,100,100498,100,99085,100,100622,100,99008,100,100667,100,98786,100
2019-06-28 10:06:50.000000000,99907,256,99827,256,99966,256,99776,294,99982,100,99664,100,99992,100,99622,100,100117,100,99570,100,100139,100,99535,100,100143,100,99509,100,100498,100,99085,100,100622,100,99008,100,100667,100,98786,100
2019-06-28 10:07:00.000000000,99907,162,99827,162,99966,162,99776,200,99982,162,99664,162,99992,162,99622,162,100117,162,99570,162,100139,100,99535,100,100143,100,99509,100,100498,100,99085,100,100622,100,99008,100,100667,100,98786,100
2019-06-28 10:07:06.544686906,99907,162,99890,100,99966,162,99827,162,99982,162,99776,200,99992,162,99664,162,100117,162,99622,162,100139,100,99570,162,100143,100,99535,100,100498,100,99509,100,100622,100,99085,100,100667,100,99008,100
2019-06-28 10:07:08.377641288,99907,162,99890,100,99966,162,99827,162,99982,162,99776,162,99992,162,99664,162,100117,162,99622,162,100139,100,99570,162,100143,100,99535,100,100498,100,99509,100,100622,100,99085,100,100667,100,99008,100
2019-06-28 10:07:10.000000000,99907,412,99890,412,99966,100,99827,100,99982,100,99776,100,99992,100,99664,100,100117,100,99622,100,100139,100,99570,100,100143,100,99535,100,100498,100,99509,100,100622,100,99085,100,100667,100,99008,100
2019-06-28 10:07:16.675795295,99907,412,99890,412,99966,100,99827,100,99982,100,99815,100,99992,100,99776,100,100139,100,99664,100,100143,100,99622,100,100498,100,99570,100,100622,100,99535,100,100667,100,99509,100,100718,100,99085,100
2019-06-28 10:07:20.000000000,99907,256,99890,256,99966,256,99827,256,99982,100,99815,100,99992,100,99776,100,100139,100,99664,100,100143,100,99622,100,100498,100,99570,100,100622,100,99535,100,100667,100,99509,100,100718,100,99085,100
2019-06-28 10:07:20.476485588,99907,256,99890,156,99966,256,99827,256,99982,100,99815,100,99992,100,99776,100,100139,100,99664,100,100143,100,99622,100,100498,100,99570,100,100622,100,99535,100,100667,100,99509,100,100718,100,99085,100
2019-06-28 10:07:30.000000000,99907,178,99827,178,99966,178,99815,178,99982,178,99776,178,99992,178,99664,178,100139,100,99622,100,100143,100,99570,100,100498,100,99535,100,100622,100,99509,100,100667,100,99085,100,100718,100,99008,100
2019-06-28 10:07:32.425665278,99907,178,99827,178,99966,178,99815,178,99982,178,99776,178,99992,178,99664,178,100139,100,99622,100,100203,100,99570,100,100498,100,99535,100,100622,100,99509,100,100667,100,99085,100,100718,100,99008,100
2019-06-28 10:07:40.000000000,99907,162,99827,162,99966,162,99815,162,99982,162,99776,162,99992,162,99664,162,100139,162,99622,162,100203,100,99570,100,100498,100,99535,100,100622,100,99509,100,100667,100,99085,100,100718,100,99008,100
2019-06-28 10:07:50.000000000,99907,178,99827,178,99966,178,99815,178,99982,178,99776,178,99992,178,99664,178,100139,100,99622,100,100203,100,99570,100,100498,100,99535,100,100622,100,99509,100,100667,100,99085,100,100718,100,99008,100
2019-06-28 10:07:52.978943942,99907,178,99827,178,99966,178,99815,178,99982,178,99776,178,99992,178,99664,178,100139,100,99622,100,100141,100,99570,100,100203,100,99535,100,100498,100,99509,100,100622,100,99085,100,100667,100,99008,100
2019-06-28 10:07:58.159847771,99907,178,99891,100,99966,178,99827,178,99982,178,99815,178,99992,178,99776,178,100139,100,99664,178,100141,100,99622,100,100203,100,99570,100,100498,100,99535,100,100622,100,99509,100,100667,100,99085,100
2019-06-28 10:08:00.000000000,99907,256,99891,256,99966,256,99827,256,99982,100,99815,100,99992,100,99776,100,100139,100,99664,100,100141,100,99622,100,100203,100,99570,100,100498,100,99535,100,100622,100,99509,100,100667,100,99085,100
2019-06-28 10:08:10.000000000,99907,162,99891,162,99966,162,99827,162,99982,162,99815,162,99992,162,99776,162,100139,162,99664,162,100141,100,99622,100,100203,100,99570,100,100498,100,99535,100,100622,100,99509,100,100667,100,99085,100
2019-06-28 10:08:20.000000000,99907,206,99891,206,99966,203,99827,203,99982,203,99815,203,99992,100,99776,100,100139,100,99664,100,100141,100,99622,100,100203,100,99570,100,100498,100,99535,100,100622,100,99509,100,100667,100,99085,100
2019-06-28 10:08:29.843706766,99907,206,99891,306,99966,203,99827,203,99982,203,99815,203,99992,100,99776,100,100139,100,99664,100,100141,100,99622,100,100203,100,99570,100,100498,100,99535,100,100622,100,99509,100,100667,100,99085,100
2019-06-28 10:08:30.000000000,99907,412,99891,512,99966,100,99827,100,99982,100,99815,100,99992,100,99776,100,100139,100,99664,100,100141,100,99622,100,100203,100,99570,100,100498,100,99535,100,100622,100,99509,100,100667,100,99085,100
2019-06-28 10:08:40.000000000,99907,162,99891,262,99966,162,99827,162,99982,162,99815,162,99992,162,99776,162,100139,162,99664,162,100141,100,99622,100,100203,100,99570,100,100498,100,99535,100,100622,100,99509,100,100667,100,99085,100
2019-06-28 10:08:50.000000000,99907,162,99891,262,99966,162,99827,162,99982,162,99815,162,99992,162,99776,162,100139,162,99664,162,100141,100,99622,100,100203,100,99570,100,100498,100,99535,100,100622,100,99509,100,100667,100,99085,100
2019-06-28 10:08:59.825247677,99907,162,99891,262,99966,162,99844,100,99982,162,99827,162,99992,162,99815,162,100139,162,99776,162,100141,100,99664,162,100203,100,99622,100,100498,100,99570,100,100622,100,99535,100,100667,100,99509,100
2019-06-28 10:09:00.000000000,99907,178,99891,278,99966,178,99844,178,99982,178,99827,178,99992,178,99815,178,100139,100,99776,100,100141,100,99664,100,100203,100,99622,100,100498,100,99570,100,100622,100,99535,100,100667,100,99509,100
2019-06-28 10:09:10.000000000,99907,206,99891,306,99966,203,99844,203,99982,203,99827,203,99992,100,99815,100,100139,100,99776,100,100141,100,99664,100,100203,100,99622,100,100498,100,99570,100,100622,100,99535,100,100667,100,99509,100
2019-06-28 10:09:18.586483597,99907,106,99891,306,99966,203,99844,203,99982,203,99827,203,99992,100,99815,100,100139,100,99776,100,100141,100,99664,100,100203,100,99622,100,100498,100,99570,100,100622,100,99535,100,100667,100,99509,100
2019-06-28 10:09:20.000000000,99966,178,99891,278,99982,178,99844,178,99992,178,99827,178,100139,178,99815,178,100141,100,99776,100,100203,100,99664,100,100498,100,99622,100,100622,100,99570,100,100667,100,99535,100,100718,100,99509,100
2019-06-28 10:09:20.008724900,99966,178,99891,278,99982,178,99844,178,99992,178,99827,178,100139,178,99815,178,100141,100,99788,100,100203,100,99776,100,100498,100,99664,100,100622,100,99622,100,100667,100,99570,100,100718,100,99535,100
2019-06-28 10:09:24.123668627,99966,178,99891,278,99982,178,99844,178,99992,178,99827,178,100100,100,99815,178,100139,178,99788,100,100141,100,99776,100,100203,100,99664,100,100498,100,99622,100,100622,100,99570,100,100667,100,99535,100
2019-06-28 10:09:25.040898246,99959,100,99891,278,99966,178,99844,178,99982,178,99827,178,99992,178,99815,178,100100,100,99788,100,100139,178,99776,100,100141,100,99664,100,100203,100,99622,100,100498,100,99570,100,100622,100,99535,100
2019-06-28 10:09:30.000000000,99959,162,99891,262,99966,162,99844,162,99982,162,99827,162,99992,162,99815,162,100100,162,99788,162,100139,100,99776,100,100141,100,99664,100,100203,100,99622,100,100498,100,99570,100,100622,100,99535,100
2019-06-28 10:09:32.142591677,99959,162,99891,262,99966,162,99844,162,99982,162,99827,162,99992,162,99815,162,100100,162,99788,162,100139,100,99776,100,100141,100,99682,100,100203,100,99664,100,100498,100,99622,100,100622,100,99570,100
2019-06-28 10:09:40.000000000,99959,178,99891,278,99966,178,99844,178,99982,178,99827,178,99992,178,99815,178,100100,100,99788,100,100139,100,99776,100,100141,100,99682,100,100203,100,99664,100,100498,100,99622,100,100622,100,99570,100
2019-06-28 10:09:50.000000000,99959,412,99891,512,99966,100,99844,100,99982,100,99827,100,99992,100,99815,100,100100,100,99788,100,100139,100,99776,100,100141,100,99682,100,100203,100,99664,100,100498,100,99622,100,100622,100,99570,100
