,ask_price_1,ask_size_1,bid_price_1,bid_size_1,ask_price_2,ask_size_2,bid_price_2,bid_size_2,ask_price_3,ask_size_3,bid_price_3,bid_size_3,ask_price_4,ask_size_4,bid_price_4,bid_size_4,ask_price_5,ask_size_5,bid_price_5,bid_size_5,ask_price_6,ask_size_6,bid_price_6,bid_size_6,ask_price_7,ask_size_7,bid_price_7,bid_size_7,ask_price_8,ask_size_8,bid_price_8,bid_size_8,ask_price_9,ask_size_9,bid_price_9,bid_size_9,ask_price_10,ask_size_10,bid_price_10,bid_size_10
2019-06-28 09:30:00.000000000,,,99958,100,,,,,,,,,,,,,,,,,,,,,,,,,,,,,,,,,,,,
2019-06-28 09:30:00.000000001,,,99958,100,,,99848,100,,,,,,,,,,,,,,,,,,,,,,,,,,,,,,,,
2019-06-28 09:30:00.000000002,,,99958,100,,,99909,100,,,99848,100,,,,,,,,,,,,,,,,,,,,,,,,,,,,
2019-06-28 09:30:00.000000003,100077,100,99958,100,,,99909,100,,,99848,100,,,,,,,,,,,,,,,,,,,,,,,,,,,,
2019-06-28 09:30:00.000000005,100016,100,99958,100,100077,100,99909,100,,,99848,100,,,,,,,,,,,,,,,,,,,,,,,,,,,,
2019-06-28 09:30:00.000000006,99976,100,99958,100,100016,100,99909,100,100077,100,99848,100,,,,,,,,,,,,,,,,,,,,,,,,,,,,
2019-06-28 09:30:00.000000007,99976,100,99958,100,100016,100,99909,100,100077,100,99848,100,100101,100,,,,,,,,,,,,,,,,,,,,,,,,,,
2019-06-28 09:30:00.000000009,100016,100,99966,100,100077,100,99958,100,100101,100,99909,100,,,99848,100,,,,,,,,,,,,,,,,,,,,,,,,
2019-06-28 09:30:00.000000010,100016,100,99966,100,100077,100,99958,100,100101,100,99909,100,100150,100,99848,100,,,,,,,,,,,,,,,,,,,,,,,,
2019-06-28 09:30:00.000000013,100016,100,99966,100,100077,100,99958,100,100101,100,99909,100,100126,100,99848,100,100150,100,,,,,,,,,,,,,,,,,,,,,,
2019-06-28 09:30:00.000000014,100016,100,99966,100,100061,100,99958,100,100077,100,99909,100,100101,100,99848,100,100126,100,,,100150,100,,,,,,,,,,,,,,,,,,
2019-06-28 09:30:00.000000017,100016,100,99966,100,100038,100,99958,100,100061,100,99909,100,100077,100,99848,100,100101,100,,,100126,100,,,100150,100,,,,,,,,,,,,,,
2019-06-28 09:30:00.000000019,100016,100,99966,100,100038,100,99958,100,100061,100,99909,100,100077,100,99848,100,100101,100,,,100126,100,,,100132,100,,,100150,100,,,,,,,,,,
2019-06-28 09:30:00.000000020,100016,100,99966,100,100038,100,99958,100,100061,100,99909,100,100077,100,99848,100,100101,100,99836,100,100126,100,,,100132,100,,,100150,100,,,,,,,,,,
2019-06-28 09:30:00.000000027,100016,100,99958,100,100038,100,99909,100,100061,100,99848,100,100077,100,99836,100,100101,100,,,100126,100,,,100132,100,,,100150,100,,,,,,,,,,
2019-06-28 09:30:00.000000028,100004,100,99958,100,100016,100,99909,100,100038,100,99848,100,100061,100,99836,100,100077,100,,,100101,100,,,100126,100,,,100132,100,,,100150,100,,,,,,
2019-06-28 09:30:00.000000029,100004,100,99958,100,100016,100,99909,100,100038,100,99848,100,100061,100,99836,100,100077,100,,,100101,100,,,100102,100,,,100126,100,,,100132,100,,,100150,100,,
2019-06-28 09:30:00.000000030,99976,100,99958,100,100004,100,99909,100,100016,100,99848,100,100038,100,99836,100,100061,100,,,100077,100,,,100101,200,,,100102,100,,,100126,100,,,100132,100,,
2019-06-28 09:30:00.000000035,99976,100,99958,100,100004,100,99909,100,100016,100,99848,100,100038,100,99836,100,100061,100,,,100068,100,,,100077,100,,,100101,200,,,100102,100,,,100126,100,,
2019-06-28 09:30:00.000000037,99976,100,99958,100,100004,100,99909,100,100016,100,99848,100,100038,100,99836,100,100061,100,,,100068,100,,,100071,100,,,100077,100,,,100101,200,,,100102,100,,
2019-06-28 09:30:00.000000038,99976,100,99958,100,100004,100,99909,100,100016,100,99848,100,100038,100,99836,100,100061,100,,,100068,100,,,100071,100,,,100077,100,,,100101,200,,,100102,100,,
2019-06-28 09:30:00.000000040,99976,100,99966,100,100004,100,99958,100,100016,100,99909,100,100021,100,99848,100,100038,100,99836,100,100061,100,,,100068,100,,,100071,100,,,100077,100,,,100101,200,,
2019-06-28 09:30:00.000000041,99976,100,99966,200,100004,100,99958,100,100016,100,99909,100,100021,100,99848,100,100038,100,99836,100,100061,100,,,100068,100,,,100071,100,,,100077,100,,,100101,200,,
2019-06-28 09:30:00.000000042,99976,100,99966,200,100004,100,99958,100,100016,100,99927,100,100021,100,99909,100,100038,100,99848,100,100061,100,99836,100,100068,100,,,100071,100,,,100077,100,,,100101,200,,
2019-06-28 09:30:00.000000043,100004,100,99966,200,100016,100,99958,100,100021,100,99927,100,100038,100,99909,100,100061,100,99848,100,100068,100,99836,100,100071,100,,,100077,100,,,100101,200,,,100102,100,,
2019-06-28 09:30:00.000000044,100016,100,99966,200,100021,100,99958,100,100038,100,99927,100,100061,100,99909,100,100068,100,99848,100,100071,100,99836,100,100077,100,,,100101,200,,,100102,100,,,100103,100,,
2019-06-28 09:30:00.000000045,100021,100,100004,100,100038,100,99966,200,100061,100,99958,100,100068,100,99927,100,100071,100,99909,100,100077,100,99848,100,100101,200,99836,100,100102,100,,,100103,100,,,100126,100,,
2019-06-28 09:30:00.000000051,100021,100,100004,100,100024,100,99966,200,100036,100,99958,100,100038,100,99927,100,100061,100,99909,100,100068,100,99848,100,100071,100,99836,100,100077,100,,,100101,200,,,100102,100,,
2019-06-28 09:30:00.000000052,100021,100,100004,100,100024,100,99969,100,100036,100,99966,200,100038,100,99958,100,100061,100,99927,100,100068,100,99909,100,100071,100,99848,100,100077,100,99836,100,100101,200,,,100102,100,,
2019-06-28 09:30:00.000000055,100024,100,100004,100,100036,100,99969,100,100038,100,99966,200,100042,100,99958,100,100061,100,99927,100,100068,100,99909,100,100071,100,99848,100,100077,100,99836,100,100101,200,,,100102,100,,
2019-06-28 09:30:00.000000064,100024,100,100016,100,100036,100,100004,100,100038,100,99969,100,100042,100,99966,200,100061,100,99958,100,100068,100,99927,100,100071,100,99909,100,100077,100,99848,100,100101,200,99836,100,100102,100,,
2019-06-28 09:30:00.000000065,100024,100,100016,100,100036,100,100004,100,100038,100,99969,100,100042,100,99966,200,100056,100,99958,100,100061,200,99927,100,100068,100,99909,100,100071,100,99848,100,100077,100,99836,100,100101,200,,
2019-06-28 09:30:00.000000066,100024,100,100016,100,100036,100,100004,100,100038,100,99969,100,100042,100,99966,200,100056,100,99958,100,100061,200,99927,100,100068,100,99909,100,100071,100,99848,100,100077,100,99836,100,100101,200,99823,100
2019-06-28 09:30:00.000000067,100036,100,100016,100,100038,100,100004,100,100042,100,99969,100,100056,100,99966,200,100061,200,99958,100,100068,100,99927,100,100071,100,99909,100,100077,100,99848,100,100101,200,99836,100,100102,100,99823,100
2019-06-28 09:30:00.000000068,100036,100,100016,100,100038,100,100004,100,100042,100,99969,100,100056,100,99966,200,100061,200,99958,100,100068,100,99927,100,100071,100,99909,100,100077,100,99848,100,100101,200,99844,100,100102,100,99836,100
2019-06-28 09:30:00.000000070,100024,100,100021,100,100036,100,100016,100,100038,100,100004,100,100042,100,99969,100,100056,100,99966,200,100061,200,99958,100,100068,100,99927,100,100071,100,99909,100,100077,100,99904,100,100101,200,99848,100
2019-06-28 09:30:00.000000073,100024,100,100021,100,100036,100,100016,100,100038,100,100004,100,100042,100,99969,100,100056,100,99966,200,100061,200,99958,100,100068,100,99944,100,100071,100,99927,100,100077,100,99909,100,100101,200,99904,100
2019-06-28 09:30:00.000000074,100024,100,100021,100,100036,100,100016,100,100038,100,100004,100,100042,100,99969,100,100056,100,99966,200,100061,200,99958,100,100068,100,99944,100,100071,100,99927,100,100077,100,99909,100,100101,200,99904,100
2019-06-28 09:30:00.000000077,100024,100,100021,100,100036,100,100016,100,100038,100,100004,100,100042,100,99969,100,100056,100,99966,200,100061,200,99958,100,100068,100,99944,200,100071,100,99927,100,100077,100,99909,100,100101,200,99904,100
2019-06-28 09:30:00.000000078,100024,100,100021,100,100036,100,100016,100,100038,100,100004,100,100042,100,99969,100,100056,100,99966,200,100061,200,99958,100,100068,100,99944,200,100071,100,99927,100,100077,100,99909,100,100101,200,99904,100
2019-06-28 09:30:00.000000079,100024,100,100021,100,100036,100,100016,100,100038,100,100004,100,100042,100,99969,100,100056,100,99966,200,100061,200,99958,100,100068,100,99944,200,100071,100,99928,100,100077,100,99927,100,100082,100,99909,100
2019-06-28 09:30:00.000000080,100024,100,100016,100,100036,100,100004,100,100038,100,99969,100,100042,100,99966,200,100056,100,99958,100,100061,200,99944,200,100068,100,99928,100,100071,100,99927,100,100077,100,99909,100,100082,100,99904,100
2019-06-28 09:30:00.000000081,100024,100,100023,100,100036,100,100004,100,100038,100,99974,100,100042,100,99969,100,100056,100,99966,200,100061,200,99958,100,100068,100,99944,200,100071,100,99928,100,100077,100,99927,100,100082,100,99909,100
2019-06-28 09:30:00.000000082,100024,100,100023,100,100036,100,100004,100,100038,100,99974,100,100042,100,99969,100,100056,100,99966,200,100061,200,99958,100,100068,100,99944,200,100071,100,99928,100,100077,100,99927,100,100082,100,99909,100
2019-06-28 09:30:00.000000083,100024,100,100023,100,100036,100,100016,100,100038,100,100004,100,100042,100,99974,100,100056,100,99969,100,100061,200,99966,200,100068,100,99958,100,100071,100,99944,200,100077,100,99928,100,100082,100,99927,100
2019-06-28 09:30:00.000000085,100036,100,100023,100,100038,100,100016,100,100042,100,100004,100,100056,100,99974,100,100061,200,99969,100,100068,100,99966,200,100071,100,99958,100,100077,100,99944,200,100082,100,99928,100,100101,200,99927,100
2019-06-28 09:30:00.000000086,100036,100,100023,100,100038,100,100016,100,100042,100,100004,100,100056,100,99974,100,100061,200,99969,100,100068,100,99966,200,100071,100,99958,100,100077,100,99944,200,100082,100,99928,100,100101,200,99927,100
2019-06-28 09:30:00.000000087,100036,100,100024,100,100038,100,100023,100,100042,100,100016,100,100056,100,100004,100,100061,200,99989,100,100068,100,99974,100,100071,100,99969,100,100077,100,99966,200,100082,100,99958,100,100101,200,99944,200
2019-06-28 09:30:00.000000088,100036,100,100024,100,100038,100,100023,100,100042,100,100016,100,100056,100,100004,100,100061,200,99989,100,100068,100,99974,100,100071,100,99969,100,100072,100,99966,200,100077,100,99958,100,100082,100,99944,200
2019-06-28 09:30:00.000000089,100036,100,100023,100,100038,100,100016,100,100042,100,100004,100,100056,100,99989,100,100061,200,99974,100,100068,100,99969,100,100071,100,99966,200,100072,100,99958,100,100077,100,99944,200,100082,100,99928,100
2019-06-28 09:30:00.000000091,100036,100,100016,100,100038,100,100004,100,100042,100,99989,100,100056,100,99974,100,100061,200,99969,100,100068,200,99966,200,100071,100,99958,100,100072,100,99944,200,100077,100,99928,100,100082,100,99927,100
2019-06-28 09:30:00.000000094,100038,100,100016,100,100042,100,100004,100,100056,100,99989,100,100061,200,99974,100,100068,200,99969,100,100071,100,99966,200,100072,100,99958,100,100077,100,99944,200,100082,100,99928,100,100101,200,99927,100
2019-06-28 09:30:00.000000099,100038,100,100016,100,100042,100,100015,100,100056,100,100004,100,100061,200,99989,100,100068,200,99974,100,100071,100,99969,100,100072,100,99966,200,100077,100,99958,100,100082,100,99944,200,100101,200,99928,100
2019-06-28 09:30:10.000000000,100038,343,100016,343,100042,343,100015,343,100056,100,100004,100,100061,200,99989,100,100068,200,99974,100,100071,100,99969,100,100072,100,99966,200,100077,100,99958,100,100082,100,99944,200,100101,200,99928,100
2019-06-28 09:30:20.000000000,100038,343,100016,343,100042,343,100015,343,100056,100,100004,100,100061,200,99989,100,100068,200,99974,100,100071,100,99969,100,100072,100,99966,200,100077,100,99958,100,100082,100,99944,200,100101,200,99928,100
2019-06-28 09:30:20.416137563,100038,343,100016,243,100042,343,100015,343,100056,100,100004,100,100061,200,99989,100,100068,200,99974,100,100071,100,99969,100,100072,100,99966,200,100077,100,99958,100,100082,100,99944,200,100101,100,99928,100
2019-06-28 09:30:30.000000000,100038,343,100015,343,100042,343,100004,343,100056,100,99989,100,100061,200,99974,100,100068,200,99969,100,100071,100,99966,200,100072,100,99958,100,100077,100,99944,200,100082,100,99928,100,100101,100,99927,100
2019-06-28 09:30:31.088528721,100038,343,100015,343,100042,343,100004,343,100056,100,99989,100,100061,200,99974,100,100068,200,99969,100,100071,100,99966,200,100072,100,99958,100,100077,100,99944,200,100082,100,99928,100,100101,100,99927,100
2019-06-28 09:30:40.000000000,100038,586,100015,586,100042,100,100004,100,100056,100,99989,100,100061,200,99974,100,100068,200,99969,100,100071,100,99966,200,100072,100,99958,100,100077,100,99944,200,100082,100,99928,100,100101,100,99927,100
2019-06-28 09:30:50.000000000,100038,222,100015,222,100042,222,100004,222,100056,222,99989,222,100061,322,99974,222,100068,200,99969,100,100071,100,99966,200,100072,100,99958,100,100077,100,99944,200,100082,100,99928,100,100101,100,99927,100
2019-06-28 09:31:00.000000000,100038,586,100015,586,100042,100,100004,100,100056,100,99989,100,100061,200,99974,100,100068,200,99969,100,100071,100,99966,200,100072,100,99958,100,100077,100,99944,200,100082,100,99928,100,100101,100,99927,100
2019-06-28 09:31:00.562043565,100038,586,100015,486,100056,100,100004,100,100061,200,99989,100,100068,200,99974,100,100071,100,99969,100,100072,100,99966,200,100077,100,99958,100,100082,100,99944,200,100101,100,99928,100,100102,100,99927,100
2019-06-28 09:31:10.000000000,100038,586,100004,586,100056,100,99989,100,100061,200,99974,100,100068,200,99969,100,100071,100,99966,200,100072,100,99958,100,100077,100,99944,200,100082,100,99928,100,100101,100,99927,100,100102,100,99909,100
2019-06-28 09:31:20.000000000,100038,222,100004,222,100056,222,99989,222,100061,322,99974,222,100068,322,99969,222,100071,100,99966,200,100072,100,99958,100,100077,100,99944,200,100082,100,99928,100,100101,100,99927,100,100102,100,99909,100
2019-06-28 09:31:30.000000000,100038,197,100004,197,100056,197,99989,197,100061,297,99974,197,100068,297,99969,197,100071,197,99966,297,100072,100,99958,100,100077,100,99944,200,100082,100,99928,100,100101,100,99927,100,100102,100,99909,100
2019-06-28 09:31:40.000000000,100038,222,100004,222,100056,222,99989,222,100061,322,99974,222,100068,322,99969,222,100071,100,99966,200,100072,100,99958,100,100077,100,99944,200,100082,100,99928,100,100101,100,99927,100,100102,100,99909,100
2019-06-28 09:31:50.000000000,100038,343,100004,343,100056,343,99989,343,100061,200,99974,100,100068,200,99969,100,100071,100,99966,200,100072,100,99958,100,100077,100,99944,200,100082,100,99928,100,100101,100,99927,100,100102,100,99909,100
2019-06-28 09:31:51.886950572,100038,343,100004,343,100056,343,99989,343,100061,200,99974,100,100068,200,99969,100,100071,100,99966,200,100072,100,99958,100,100077,100,99944,200,100082,100,99928,100,100101,100,99927,100,100102,100,99909,100
2019-06-28 09:31:53.684345238,100038,343,100004,243,100056,343,99989,343,100061,200,99974,100,100068,200,99969,100,100071,100,99966,200,100072,100,99958,100,100077,100,99944,200,100082,100,99928,100,100101,100,99927,100,100102,100,99909,100
2019-06-28 09:31:54.216307816,100015,100,100004,243,100038,343,99989,343,100056,343,99974,100,100061,200,99969,100,100068,200,99966,200,100071,100,99958,100,100072,100,99944,200,100077,100,99928,100,100082,100,99927,100,100101,100,99909,100
2019-06-28 09:32:00.000000000,100015,586,99989,586,100038,100,99974,100,100056,100,99969,100,100061,200,99966,200,100068,200,99958,100,100071,100,99944,200,100072,100,99928,100,100077,100,99927,100,100082,100,99909,100,100101,100,99904,100
2019-06-28 09:32:10.000000000,100015,265,99989,265,100038,260,99974,260,100056,260,99969,260,100061,200,99966,200,100068,200,99958,100,100071,100,99944,200,100072,100,99928,100,100077,100,99927,100,100082,100,99909,100,100101,100,99904,100
2019-06-28 09:32:13.086505722,100015,365,99989,265,100038,260,99974,260,100056,260,99969,260,100061,200,99966,200,100068,200,99958,100,100071,100,99944,200,100072,100,99928,100,100077,100,99927,100,100082,100,99909,100,100101,100,99904,100
2019-06-28 09:32:20.000000000,100015,297,99989,197,100038,197,99974,197,100056,197,99969,197,100061,297,99966,297,100068,297,99958,197,100071,100,99944,200,100072,100,99928,100,100077,100,99927,100,100082,100,99909,100,100101,100,99904,100
2019-06-28 09:32:22.478514634,100015,397,99989,197,100038,197,99974,197,100056,197,99969,197,100061,297,99966,297,100068,297,99958,197,100071,100,99944,200,100072,100,99928,100,100077,100,99927,100,100082,100,99909,100,100101,100,99904,100
2019-06-28 09:32:30.000000000,100015,786,99989,586,100038,100,99974,100,100056,100,99969,100,100061,200,99966,200,100068,200,99958,100,100071,100,99944,200,100072,100,99928,100,100077,100,99927,100,100082,100,99909,100,100101,100,99904,100
2019-06-28 09:32:40.000000000,100015,543,99989,343,100038,343,99974,343,100056,100,99969,100,100061,200,99966,200,100068,200,99958,100,100071,100,99944,200,100072,100,99928,100,100077,100,99927,100,100082,100,99909,100,100101,100,99904,100
2019-06-28 09:32:50.000000000,100015,397,99989,197,100038,197,99974,197,100056,197,99969,197,100061,297,99966,297,100068,297,99958,197,100071,100,99944,200,100072,100,99928,100,100077,100,99927,100,100082,100,99909,100,100101,100,99904,100
2019-06-28 09:32:56.246368345,100015,397,99989,197,100038,197,99974,197,100056,197,99969,197,100061,297,99966,197,100068,297,99958,197,100071,100,99944,200,100072,100,99928,100,100077,100,99927,100,100082,100,99909,100,100101,100,99904,100
2019-06-28 09:33:00.000000000,100015,543,99989,343,100038,343,99974,343,100056,100,99969,100,100061,200,99966,100,100068,200,99958,100,100071,100,99944,200,100072,100,99928,100,100077,100,99927,100,100082,100,99909,100,100101,100,99904,100
2019-06-28 09:33:01.406418827,100015,543,99989,243,100038,343,99974,343,100056,100,99969,100,100061,100,99966,100,100068,200,99958,100,100071,100,99944,200,100072,100,99928,100,100077,100,99927,100,100082,100,99909,100,100101,100,99904,100
2019-06-28 09:33:10.000000000,100015,397,99974,197,100038,197,99969,197,100056,197,99966,197,100061,197,99958,197,100068,297,99944,297,100071,100,99928,100,100072,100,99927,100,100077,100,99909,100,100082,100,99904,100,100101,100,99898,100
2019-06-28 09:33:16.800238250,100015,397,99974,197,100038,197,99969,197,100056,197,99966,197,100061,197,99958,197,100068,297,99944,297,100071,100,99928,100,100072,100,99927,100,100077,100,99909,100,100082,100,99904,100,100101,100,99894,100
2019-06-28 09:33:20.000000000,100015,397,99974,197,100038,197,99969,197,100056,197,99966,197,100061,197,99958,197,100068,297,99944,297,100071,100,99928,100,100072,100,99927,100,100077,100,99909,100,100082,100,99904,100,100101,100,99894,100
2019-06-28 09:33:20.083490725,100004,100,99974,197,100015,397,99969,197,100038,197,99966,197,100056,197,99958,197,100061,197,99944,297,100068,297,99928,100,100071,100,99927,100,100072,100,99909,100,100077,100,99904,100,100082,100,99894,100
2019-06-28 09:33:30.000000000,100004,265,99974,265,100015,460,99969,260,100038,260,99966,260,100056,100,99958,100,100061,100,99944,200,100068,200,99928,100,100071,100,99927,100,100072,100,99909,100,100077,100,99904,100,100082,100,99894,100
2019-06-28 09:33:40.000000000,100004,197,99974,197,100015,397,99969,197,100038,197,99966,197,100056,197,99958,197,100061,197,99944,297,100068,200,99928,100,100071,100,99927,100,100072,100,99909,100,100077,100,99904,100,100082,100,99894,100
2019-06-28 09:33:50.000000000,100004,222,99974,222,100015,422,99969,222,100038,222,99966,222,100056,222,99958,222,100061,100,99944,200,100068,200,99928,100,100071,100,99927,100,100072,100,99909,100,100077,100,99904,100,100082,100,99894,100
2019-06-28 09:33:52.168087356,100004,222,99974,222,100015,422,99969,222,100038,222,99966,222,100056,222,99958,222,100061,100,99944,200,100068,200,99928,100,100071,100,99927,100,100072,100,99909,100,100077,100,99904,100,100082,100,99894,100
2019-06-28 09:33:57.373937853,100004,322,99974,222,100015,422,99969,222,100038,222,99966,222,100056,222,99958,222,100061,100,99944,200,100068,200,99928,100,100071,100,99927,100,100072,100,99909,100,100077,100,99904,100,100082,100,99894,100
2019-06-28 09:33:58.557646312,100004,422,99974,222,100015,422,99969,222,100038,222,99966,222,100056,222,99958,222,100061,100,99944,200,100068,200,99928,100,100071,100,99927,100,100072,100,99909,100,100077,100,99904,100,100082,100,99894,100
2019-06-28 09:34:00.000000000,100004,543,99974,343,100015,543,99969,343,100038,100,99966,100,100056,100,99958,100,100061,100,99944,200,100068,200,99928,100,100071,100,99927,100,100072,100,99909,100,100077,100,99904,100,100082,100,99894,100
2019-06-28 09:34:09.301970621,100004,643,99974,343,100015,543,99969,343,100038,100,99958,100,100056,100,99944,200,100061,100,99928,100,100068,200,99927,100,100071,100,99909,100,100072,100,99904,100,100077,100,99894,100,100082,100,99848,100
2019-06-28 09:34:10.000000000,100004,565,99974,265,100015,460,99969,260,100038,260,99958,260,100056,100,99944,200,100061,100,99928,100,100068,200,99927,100,100071,100,99909,100,100072,100,99904,100,100077,100,99894,100,100082,100,99848,100
2019-06-28 09:34:20.000000000,100004,643,99974,343,100015,543,99969,343,100038,100,99958,100,100056,100,99944,200,100061,100,99928,100,100068,200,99927,100,100071,100,99909,100,100072,100,99904,100,100077,100,99894,100,100082,100,99848,100
2019-06-28 09:34:21.290485785,100004,643,99974,243,100015,543,99969,343,100038,100,99958,100,100056,100,99944,200,100061,100,99928,100,100068,100,99927,100,100071,100,99909,100,100072,100,99904,100,100077,100,99894,100,100082,100,99848,100
2019-06-28 09:34:30.000000000,100004,497,99969,197,100015,397,99958,197,100038,197,99944,297,100056,197,99928,197,100061,197,99927,197,100068,100,99909,100,100071,100,99904,100,100072,100,99894,100,100077,100,99848,100,100082,100,99844,100
2019-06-28 09:34:35.315638688,100004,497,99969,97,100015,397,99958,197,100038,197,99944,197,100056,197,99928,197,100061,197,99927,197,100068,100,99909,100,100071,100,99904,100,100072,100,99894,100,100077,100,99848,100,100082,100,99844,100
2019-06-28 09:34:40.000000000,100004,643,99958,343,100015,543,99944,343,100038,100,99928,100,100056,100,99927,100,100061,100,99909,100,100068,100,99904,100,100071,100,99894,100,100072,100,99848,100,100077,100,99844,100,100082,100,99836,100
2019-06-28 09:34:45.019716611,100004,643,99958,243,100015,543,99944,343,100038,100,99928,100,100056,100,99927,100,100061,100,99909,100,100068,100,99904,100,100071,100,99848,100,100072,100,99844,100,100077,100,99836,100,100082,100,99823,100
2019-06-28 09:34:50.000000000,100004,643,99944,343,100015,543,99928,343,100038,100,99927,100,100056,100,99909,100,100061,100,99904,100,100068,100,99848,100,100071,100,99844,100,100072,100,99836,100,100077,100,99823,100,100082,100,99077,100
2019-06-28 09:34:58.664165550,99969,100,99944,343,100004,643,99928,343,100015,543,99927,100,100038,100,99909,100,100056,100,99904,100,100061,100,99848,100,100068,100,99844,100,100071,100,99836,100,100072,100,99823,100,100077,100,99077,100
2019-06-28 09:35:00.000000000,99969,343,99944,343,100004,643,99928,343,100015,300,99927,100,100038,100,99909,100,100056,100,99904,100,100061,100,99848,100,100068,100,99844,100,100071,100,99836,100,100072,100,99823,100,100077,100,99077,100
2019-06-28 09:35:06.569838909,99969,343,99944,243,100004,643,99928,343,100015,300,99927,100,100038,100,99909,100,100056,100,99848,100,100061,100,99844,100,100068,100,99836,100,100071,100,99823,100,100072,100,99077,100,100077,100,99018,100
2019-06-28 09:35:08.732785387,99969,343,99944,243,100004,643,99928,343,100015,300,99927,100,100038,100,99909,100,100056,100,99848,100,100061,100,99844,100,100068,100,99836,100,100071,100,99823,100,100072,100,99077,100,100077,100,99018,100
2019-06-28 09:35:10.000000000,99969,343,99928,343,100004,643,99927,343,100015,300,99909,100,100038,100,99848,100,100056,100,99844,100,100061,100,99836,100,100068,100,99823,100,100071,100,99077,100,100072,100,99018,100,100077,100,99016,100
2019-06-28 09:35:20.000000000,99969,265,99928,265,100004,560,99927,260,100015,460,99909,260,100038,100,99848,100,100056,100,99844,100,100061,100,99836,100,100068,100,99823,100,100071,100,99077,100,100072,100,99018,100,100077,100,99016,100
2019-06-28 09:35:30.000000000,99969,343,99928,343,100004,643,99927,343,100015,300,99909,100,100038,100,99848,100,100056,100,99844,100,100061,100,99836,100,100068,100,99823,100,100071,100,99077,100,100072,100,99018,100,100077,100,99016,100
2019-06-28 09:35:31.177687492,99969,343,99928,243,100004,643,99927,343,100015,300,99909,100,100038,100,99848,100,100056,100,99844,100,100061,100,99836,100,100068,100,99823,100,100071,100,99077,100,100072,100,99018,100,100077,100,99016,100
2019-06-28 09:35:39.646800280,99969,343,99928,243,100004,643,99927,343,100015,300,99909,100,100038,100,99848,100,100056,100,99844,100,100061,100,99836,100,100068,100,99823,100,100071,100,99116,100,100072,100,99077,100,100077,100,99018,100
2019-06-28 09:35:40.000000000,99969,586,99927,586,100004,400,99909,100,100015,300,99848,100,100038,100,99844,100,100056,100,99836,100,100061,100,99823,100,100068,100,99116,100,100071,100,99077,100,100072,100,99018,100,100077,100,99016,100
2019-06-28 09:35:42.098374615,99944,100,99927,586,99969,586,99909,100,100004,400,99848,100,100015,300,99844,100,100038,100,99836,100,100056,100,99823,100,100061,100,99116,100,100068,100,99077,100,100071,100,99018,100,100072,100,99016,100
2019-06-28 09:35:44.781459613,99944,100,99927,486,99969,586,99909,100,100004,400,99848,100,100015,300,99844,100,100038,100,99836,100,100056,100,99823,100,100061,100,99116,100,100068,100,99077,100,100071,100,99018,100,100072,100,99016,100
2019-06-28 09:35:50.000000000,99944,586,99909,586,99969,100,99848,100,100004,400,99844,100,100015,300,99836,100,100038,100,99823,100,100056,100,99116,100,100061,100,99077,100,100068,100,99018,100,100071,100,99016,100,100072,100,98859,100
2019-06-28 09:36:00.000000000,99944,343,99909,343,99969,343,99848,343,100004,400,99844,100,100015,300,99836,100,100038,100,99823,100,100056,100,99116,100,100061,100,99077,100,100068,100,99018,100,100071,100,99016,100,100072,100,98859,100
2019-06-28 09:36:00.409290830,99944,343,99909,243,99969,343,99848,343,100004,400,99844,100,100015,300,99836,100,100038,100,99823,100,100056,100,99116,100,100061,100,99077,100,100068,100,99018,100,100071,100,99016,100,100072,100,98859,100
2019-06-28 09:36:10.000000000,99944,197,99848,197,99969,197,99844,197,100004,497,99836,197,100015,397,99823,197,100038,197,99116,197,100056,100,99077,100,100061,100,99018,100,100068,100,99016,100,100071,100,98859,100,100072,100,,
2019-06-28 09:36:16.654607067,99944,197,99848,197,99969,197,99844,197,100004,497,99836,197,100015,297,99823,197,100038,197,99116,197,100056,100,99077,100,100061,100,99018,100,100068,100,99016,100,100071,100,98859,100,100072,100,,
2019-06-28 09:36:20.000000000,99944,222,99848,222,99969,222,99844,222,100004,522,99836,222,100015,322,99823,222,100038,100,99116,100,100056,100,99077,100,100061,100,99018,100,100068,100,99016,100,100071,100,98859,100,100072,100,,
2019-06-28 09:36:30.000000000,99944,265,99848,265,99969,260,99844,260,100004,560,99836,260,100015,200,99823,100,100038,100,99116,100,100056,100,99077,100,100061,100,99018,100,100068,100,99016,100,100071,100,98859,100,100072,100,,
2019-06-28 09:36:32.457613175,99944,265,99848,165,99969,260,99844,260,100004,560,99836,260,100015,200,99823,100,100038,100,99116,100,100056,100,99077,100,100061,100,99018,100,100068,100,99016,100,100071,100,98859,100,100072,100,,
2019-06-28 09:36:34.815128854,99944,265,99848,65,99969,260,99844,260,100004,560,99836,260,100015,200,99823,100,100038,100,99116,100,100056,100,99077,100,100061,100,99018,100,100068,100,99016,100,100071,100,98859,100,100072,100,,
2019-06-28 09:36:40.000000000,99944,197,99844,197,99969,197,99836,197,100004,497,99823,197,100015,297,99116,197,100038,197,99077,197,100056,100,99018,100,100061,100,99016,100,100068,100,98859,100,100071,100,,,100072,100,,
2019-06-28 09:36:50.000000000,99944,265,99844,265,99969,260,99836,260,100004,560,99823,260,100015,200,99116,100,100038,100,99077,100,100056,100,99018,100,100061,100,99016,100,100068,100,98859,100,100071,100,,,100072,100,,
2019-06-28 09:36:56.914994371,99944,265,99844,165,99969,260,99836,260,100004,560,99823,260,100015,200,99116,100,100038,100,99077,100,100056,100,99018,100,100061,100,99016,100,100068,100,98859,100,100071,100,,,100072,100,,
2019-06-28 09:37:00.000000000,99944,197,99836,197,99969,197,99823,197,100004,497,99116,197,100015,297,99077,197,100038,197,99018,197,100056,100,99016,100,100061,100,98859,100,100068,100,,,100071,100,,,100072,100,,
2019-06-28 09:37:00.864322515,99944,197,99836,197,99969,197,99823,197,100004,497,99510,100,100015,297,99116,197,100038,197,99077,197,100056,100,99018,197,100061,100,99016,100,100068,100,98859,100,100071,100,,,100072,100,,
2019-06-28 09:37:10.000000000,99944,265,99836,265,99969,260,99823,260,100004,560,99510,260,100015,200,99116,100,100038,100,99077,100,100056,100,99018,100,100061,100,99016,100,100068,100,98859,100,100071,100,,,100072,100,,
2019-06-28 09:37:17.859846586,99901,100,99836,265,99944,265,99823,260,99969,260,99510,260,100004,560,99116,100,100015,200,99077,100,100038,100,99018,100,100056,100,99016,100,100061,100,98859,100,100068,100,,,100071,100,,
2019-06-28 09:37:20.000000000,99901,586,99836,586,99944,100,99823,100,99969,100,99510,100,100004,400,99116,100,100015,200,99077,100,100038,100,99018,100,100056,100,99016,100,100061,100,98859,100,100068,100,,,100071,100,,
2019-06-28 09:37:30.000000000,99901,222,99836,222,99944,222,99823,222,99969,222,99510,222,100004,522,99116,222,100015,200,99077,100,100038,100,99018,100,100056,100,99016,100,100061,100,98859,100,100068,100,,,100071,100,,
2019-06-28 09:37:40.000000000,99901,222,99836,222,99944,222,99823,222,99969,222,99510,222,100004,522,99116,222,100015,200,99077,100,100038,100,99018,100,100056,100,99016,100,100061,100,98859,100,100068,100,,,100071,100,,
2019-06-28 09:37:50.000000000,99901,343,99836,343,99944,343,99823,343,99969,100,99510,100,100004,400,99116,100,100015,200,99077,100,100038,100,99018,100,100056,100,99016,100,100061,100,98859,100,100068,100,,,100071,100,,
2019-06-28 09:37:55.451075229,99901,343,99836,343,99944,243,99823,343,99969,100,99510,100,100004,400,99116,100,100015,200,99077,100,100038,100,99018,100,100056,100,99016,100,100061,100,98859,100,100068,100,,,100071,100,,
2019-06-28 09:38:00.000000000,99901,343,99836,343,99969,343,99823,343,100004,400,99510,100,100015,200,99116,100,100038,100,99077,100,100056,100,99018,100,100061,100,99016,100,100068,100,98859,100,100071,100,,,100072,100,,
2019-06-28 09:38:10.000000000,99901,343,99836,343,99969,343,99823,343,100004,400,99510,100,100015,200,99116,100,100038,100,99077,100,100056,100,99018,100,100061,100,99016,100,100068,100,98859,100,100071,100,,,100072,100,,
2019-06-28 09:38:19.269542621,99901,243,99836,343,99969,343,99823,343,100004,400,99510,100,100015,200,99116,100,100038,100,99077,100,100056,100,99018,100,100061,100,99016,100,100068,100,98859,100,100071,100,,,100072,100,,
2019-06-28 09:38:19.457272875,99901,243,99836,343,99969,343,99823,343,100004,400,99510,100,100015,200,99116,100,100038,100,99077,100,100056,100,99018,100,100061,100,99016,100,100071,100,98859,100,100072,100,,,100077,100,,
2019-06-28 09:38:20.000000000,99969,265,99836,265,100004,560,99823,260,100015,360,99510,260,100038,100,99116,100,100056,100,99077,100,100061,100,99018,100,100071,100,99016,100,100072,100,98859,100,100077,100,,,100101,100,,
2019-06-28 09:38:26.497707082,99969,165,99836,265,100004,560,99823,260,100015,360,99510,260,100038,100,99116,100,100061,100,99077,100,100071,100,99018,100,100072,100,99016,100,100077,100,98859,100,100101,100,,,100102,100,,
2019-06-28 09:38:29.061878000,99969,165,99836,265,100004,560,99823,260,100015,360,99510,160,100038,100,99116,100,100061,100,99077,100,100071,100,99018,100,100072,100,99016,100,100077,100,98859,100,100101,100,,,100102,100,,
2019-06-28 09:38:30.000000000,100004,565,99836,265,100015,360,99823,260,100038,260,99116,260,100061,100,99077,100,100071,100,99018,100,100072,100,99016,100,100077,100,98859,100,100101,100,,,100102,100,,,100103,100,,
2019-06-28 09:38:32.983654063,100004,565,99836,265,100015,360,99823,260,100038,260,99116,260,100061,100,99077,100,100071,100,99018,100,100072,100,99016,100,100077,100,98859,100,100101,100,,,100102,100,,,100103,100,,
2019-06-28 09:38:40.000000000,100004,522,99836,222,100015,322,99823,222,100038,222,99116,222,100061,222,99077,222,100071,100,99018,100,100072,100,99016,100,100077,100,98859,100,100101,100,,,100102,100,,,100103,100,,
2019-06-28 09:38:50.000000000,100004,886,99836,586,100015,200,99823,100,100038,100,99116,100,100061,100,99077,100,100071,100,99018,100,100072,100,99016,100,100077,100,98859,100,100101,100,,,100102,100,,,100103,100,,
2019-06-28 09:39:00.000000000,100004,643,99836,343,100015,443,99823,343,100038,100,99116,100,100061,100,99077,100,100071,100,99018,100,100072,100,99016,100,100077,100,98859,100,100101,100,,,100102,100,,,100103,100,,
2019-06-28 09:39:08.891100771,100004,643,99836,243,100015,443,99823,343,100038,100,99116,100,100061,100,99077,100,100071,100,99018,100,100072,100,99016,100,100077,100,98859,100,100101,100,,,100102,100,,,100103,100,,
2019-06-28 09:39:10.000000000,100004,522,99823,222,100015,322,99116,222,100038,222,99077,222,100061,222,99018,222,100071,100,99016,100,100072,100,98859,100,100077,100,,,100101,100,,,100102,100,,,100103,100,,
2019-06-28 09:39:13.067900920,99968,100,99823,222,100004,522,99116,222,100015,322,99077,222,100038,122,99018,222,100061,222,99016,100,100071,100,98859,100,100072,100,,,100077,100,,,100101,100,,,100102,100,,
2019-06-28 09:39:20.000000000,99968,197,99823,197,100004,497,99116,197,100015,297,99077,197,100061,197,99018,197,100071,197,99016,197,100072,100,98859,100,100077,100,,,100101,100,,,100102,100,,,100103,100,,
2019-06-28 09:39:20.017712839,99968,197,99823,197,100004,497,99666,100,100015,297,99116,197,100061,197,99077,197,100071,197,99018,197,100072,100,99016,197,100077,100,98859,100,100101,100,,,100102,100,,,100103,100,,
2019-06-28 09:39:24.056689538,99968,197,99823,97,100004,497,99666,100,100015,297,99116,197,100061,197,99077,197,100071,197,99018,197,100072,100,99016,197,100077,100,98859,100,100101,100,,,100102,100,,,100103,100,,
2019-06-28 09:39:30.000000000,99968,265,99666,265,100004,560,99116,260,100015,360,99077,260,100061,100,99018,100,100071,100,99016,100,100072,100,98859,100,100077,100,,,100101,100,,,100102,100,,,100103,100,,
2019-06-28 09:39:40.000000000,99968,586,99666,586,100004,400,99116,100,100015,200,99077,100,100061,100,99018,100,100071,100,99016,100,100072,100,98859,100,100077,100,,,100101,100,,,100102,100,,,100103,100,,
2019-06-28 09:39:43.638223642,99704,100,99666,586,99968,586,99116,100,100004,400,99077,100,100015,200,99018,100,100061,100,99016,100,100071,100,98859,100,100072,100,,,100077,100,,,100101,100,,,100102,100,,
2019-06-28 09:39:47.886472801,99704,100,99666,586,99968,586,99116,100,100004,300,99077,100,100015,200,99018,100,100061,100,99016,100,100071,100,98859,100,100072,100,,,100077,100,,,100101,100,,,100102,100,,
2019-06-28 09:39:48.005843299,99704,100,99666,486,99968,586,99116,100,100004,300,99077,100,100015,200,99018,100,100061,100,99016,100,100071,100,98859,100,100072,100,,,100077,100,,,100101,100,,,100102,100,,
2019-06-28 09:39:50.000000000,99704,197,99116,197,99968,197,99077,197,100004,397,99018,197,100015,297,99016,197,100061,197,98859,197,100071,100,,,100072,100,,,100077,100,,,100101,100,,,100102,100,,
2019-06-28 09:39:52.654236310,99704,197,99116,197,99823,100,99077,197,99968,197,99018,197,100004,297,99016,197,100015,297,98859,197,100061,197,,,100071,100,,,100072,100,,,100077,100,,,100101,100,,
2019-06-28 09:39:55.930432868,99535,100,99116,197,99704,197,99077,197,99823,100,99018,197,99968,197,99016,197,100004,297,98859,197,100015,297,,,100061,197,,,100071,100,,,100072,100,,,100077,100,,
2019-06-28 09:40:00.000000000,99535,265,99116,265,99704,260,99077,260,99823,260,99018,260,99968,100,99016,100,100004,200,98859,100,100015,200,,,100061,100,,,100071,100,,,100072,100,,,100077,100,,
2019-06-28 09:40:10.000000000,99535,343,99116,343,99704,343,99077,343,99823,100,99018,100,99968,100,99016,100,100004,200,98859,100,100015,200,,,100061,100,,,100071,100,,,100072,100,,,100077,100,,
2019-06-28 09:40:20.000000000,99535,265,99116,265,99704,260,99077,260,99823,260,99018,260,99968,100,99016,100,100004,200,98859,100,100015,200,,,100061,100,,,100071,100,,,100072,100,,,100077,100,,
2019-06-28 09:40:26.817668685,99535,265,99116,265,99704,260,99077,260,99737,100,99018,260,99823,260,99016,100,99968,100,98859,100,100004,200,,,100015,200,,,100061,100,,,100071,100,,,100072,100,,
2019-06-28 09:40:28.626272096,99535,265,99457,100,99704,260,99116,265,99737,100,99077,260,99823,260,99018,260,99968,100,99016,100,100004,200,98859,100,100015,200,,,100061,100,,,100071,100,,,100072,100,,
2019-06-28 09:40:30.000000000,99535,265,99457,265,99704,260,99116,260,99737,260,99077,260,99823,100,99018,100,99968,100,99016,100,100004,200,98859,100,100015,200,,,100061,100,,,100071,100,,,100072,100,,
2019-06-28 09:40:30.140910873,99535,265,99457,265,99704,260,99116,260,99737,260,99077,260,99823,200,99018,100,99968,100,99016,100,100004,200,98859,100,100015,200,,,100061,100,,,100071,100,,,100072,100,,
2019-06-28 09:40:39.739906617,99535,265,99457,265,99704,260,99407,100,99737,260,99116,260,99823,200,99077,260,99968,100,99018,100,100004,200,99016,100,100015,200,98859,100,100061,100,,,100071,100,,,100072,100,,
2019-06-28 09:40:40.000000000,99535,197,99457,197,99704,197,99407,197,99737,197,99116,197,99823,297,99077,197,99968,197,99018,197,100004,200,99016,100,100015,200,98859,100,100061,100,,,100071,100,,,100072,100,,
2019-06-28 09:40:50.000000000,99535,343,99457,343,99704,343,99407,343,99737,100,99116,100,99823,200,99077,100,99968,100,99018,100,100004,200,99016,100,100015,200,98859,100,100061,100,,,100071,100,,,100072,100,,
2019-06-28 09:41:00.000000000,99535,586,99457,586,99704,100,99407,100,99737,100,99116,100,99823,200,99077,100,99968,100,99018,100,100004,200,99016,100,100015,200,98859,100,100061,100,,,100071,100,,,100072,100,,
2019-06-28 09:41:10.000000000,99535,265,99457,265,99704,260,99407,260,99737,260,99116,260,99823,200,99077,100,99968,100,99018,100,100004,200,99016,100,100015,200,98859,100,100061,100,,,100071,100,,,100072,100,,
2019-06-28 09:41:20.000000000,99535,265,99457,265,99704,260,99407,260,99737,260,99116,260,99823,200,99077,100,99968,100,99018,100,100004,200,99016,100,100015,200,98859,100,100061,100,,,100071,100,,,100072,100,,
2019-06-28 09:41:24.328896107,99535,265,99457,265,99704,260,99407,260,99737,260,99276,100,99823,200,99116,260,99968,100,99077,100,100004,200,99018,100,100015,200,99016,100,100061,100,98859,100,100071,100,,,100072,100,,
2019-06-28 09:41:30.000000000,99535,586,99457,586,99704,100,99407,100,99737,100,99276,100,99823,200,99116,100,99968,100,99077,100,100004,200,99018,100,100015,200,99016,100,100061,100,98859,100,100071,100,,,100072,100,,
2019-06-28 09:41:40.000000000,99535,197,99457,197,99704,197,99407,197,99737,197,99276,197,99823,297,99116,197,99968,197,99077,197,100004,200,99018,100,100015,200,99016,100,100061,100,98859,100,100071,100,,,100072,100,,
2019-06-28 09:41:50.000000000,99535,222,99457,222,99704,222,99407,222,99737,222,99276,222,99823,322,99116,222,99968,100,99077,100,100004,200,99018,100,100015,200,99016,100,100061,100,98859,100,100071,100,,,100072,100,,
2019-06-28 09:42:00.000000000,99535,222,99457,222,99704,222,99407,222,99737,222,99276,222,99823,322,99116,222,99968,100,99077,100,100004,200,99018,100,100015,200,99016,100,100061,100,98859,100,100071,100,,,100072,100,,
2019-06-28 09:42:10.000000000,99535,343,99457,343,99704,343,99407,343,99737,100,99276,100,99823,200,99116,100,99968,100,99077,100,100004,200,99018,100,100015,200,99016,100,100061,100,98859,100,100071,100,,,100072,100,,
2019-06-28 09:42:20.000000000,99535,197,99457,197,99704,197,99407,197,99737,197,99276,197,99823,297,99116,197,99968,197,99077,197,100004,200,99018,100,100015,200,99016,100,100061,100,98859,100,100071,100,,,100072,100,,
2019-06-28 09:42:30.000000000,99535,197,99457,197,99704,197,99407,197,99737,197,99276,197,99823,297,99116,197,99968,197,99077,197,100004,200,99018,100,100015,200,99016,100,100061,100,98859,100,100071,100,,,100072,100,,
2019-06-28 09:42:30.772491702,99535,197,99457,197,99703,100,99407,197,99704,197,99276,197,99737,197,99116,197,99823,297,99077,197,99968,197,99018,100,100004,200,99016,100,100015,200,98859,100,100061,100,,,100071,100,,
2019-06-28 09:42:40.000000000,99535,222,99457,222,99703,222,99407,222,99704,222,99276,222,99737,222,99116,222,99823,200,99077,100,99968,100,99018,100,100004,200,99016,100,100015,200,98859,100,100061,100,,,100071,100,,
2019-06-28 09:42:50.000000000,99535,586,99457,586,99703,100,99407,100,99704,100,99276,100,99737,100,99116,100,99823,200,99077,100,99968,100,99018,100,100004,200,99016,100,100015,200,98859,100,100061,100,,,100071,100,,
2019-06-28 09:42:54.853995297,99535,586,99457,586,99543,100,99407,100,99703,100,99276,100,99704,100,99116,100,99737,100,99077,100,99823,200,99018,100,99968,100,99016,100,100004,200,98859,100,100015,200,,,100061,100,,
2019-06-28 09:43:00.000000000,99535,222,99457,222,99543,222,99407,222,99703,222,99276,222,99704,222,99116,222,99737,100,99077,100,99823,200,99018,100,99968,100,99016,100,100004,200,98859,100,100015,200,,,100061,100,,
2019-06-28 09:43:06.127998653,99535,222,99457,222,99543,222,99407,222,99703,222,99276,222,99704,222,99116,222,99737,100,99077,100,99823,300,99018,100,99968,100,99016,100,100004,200,98859,100,100015,200,,,100061,100,,
2019-06-28 09:43:10.000000000,99535,222,99457,222,99543,222,99407,222,99703,222,99276,222,99704,222,99116,222,99737,100,99077,100,99823,300,99018,100,99968,100,99016,100,100004,200,98859,100,100015,200,,,100061,100,,
2019-06-28 09:43:17.677342562,99535,222,99457,222,99543,222,99407,222,99703,222,99276,222,99704,222,99116,222,99737,100,99077,100,99823,400,99018,100,99968,100,99016,100,100004,200,98859,100,100015,200,,,100061,100,,
2019-06-28 09:43:20.000000000,99535,222,99457,222,99543,222,99407,222,99703,222,99276,222,99704,222,99116,222,99737,100,99077,100,99823,400,99018,100,99968,100,99016,100,100004,200,98859,100,100015,200,,,100061,100,,
2019-06-28 09:43:30.000000000,99535,343,99457,343,99543,343,99407,343,99703,100,99276,100,99704,100,99116,100,99737,100,99077,100,99823,400,99018,100,99968,100,99016,100,100004,200,98859,100,100015,200,,,100061,100,,
2019-06-28 09:43:33.188589507,99535,343,99457,343,99543,343,99407,343,99703,100,99276,100,99704,100,99116,100,99735,100,99077,100,99737,100,99018,100,99823,400,99016,100,99968,100,98859,100,100004,200,,,100015,200,,
2019-06-28 09:43:36.423999583,99535,243,99457,343,99543,343,99407,343,99703,100,99276,100,99704,100,99116,100,99735,100,99077,100,99737,100,99018,100,99823,400,99016,100,99968,100,98859,100,100004,200,,,100015,200,,
2019-06-28 09:43:40.000000000,99543,265,99457,265,99703,260,99407,260,99704,260,99276,260,99735,100,99116,100,99737,100,99077,100,99823,400,99018,100,99968,100,99016,100,100004,200,98859,100,100015,200,,,100061,100,,
2019-06-28 09:43:50.000000000,99543,197,99457,197,99703,197,99407,197,99704,197,99276,197,99735,197,99116,197,99737,197,99077,197,99823,400,99018,100,99968,100,99016,100,100004,200,98859,100,100015,200,,,100061,100,,
2019-06-28 09:44:00.000000000,99543,222,99457,222,99703,222,99407,222,99704,222,99276,222,99735,222,99116,222,99737,100,99077,100,99823,400,99018,100,99968,100,99016,100,100004,200,98859,100,100015,200,,,100061,100,,
2019-06-28 09:44:07.072569591,99543,222,99457,222,99703,222,99407,222,99704,222,99276,222,99735,222,99116,222,99737,100,99077,100,99823,400,99018,100,99826,100,99016,100,99968,100,98859,100,100004,200,,,100015,200,,
2019-06-28 09:44:10.000000000,99543,343,99457,343,99703,343,99407,343,99704,100,99276,100,99735,100,99116,100,99737,100,99077,100,99823,400,99018,100,99826,100,99016,100,99968,100,98859,100,100004,200,,,100015,200,,
2019-06-28 09:44:13.500689462,99543,243,99457,343,99703,343,99407,243,99704,100,99276,100,99735,100,99116,100,99737,100,99077,100,99823,400,99018,100,99826,100,99016,100,99968,100,98859,100,100004,200,,,100015,200,,
2019-06-28 09:44:20.000000000,99703,265,99457,265,99704,260,99276,260,99735,260,99116,260,99737,100,99077,100,99823,400,99018,100,99826,100,99016,100,99968,100,98859,100,100004,200,,,100015,200,,,100061,100,,
2019-06-28 09:44:20.764242590,99703,265,99631,100,99704,260,99457,265,99735,260,99276,260,99737,100,99116,260,99823,400,99077,100,99826,100,99018,100,99968,100,99016,100,100004,200,98859,100,100015,200,,,100061,100,,
2019-06-28 09:44:30.000000000,99703,586,99631,586,99704,100,99457,100,99735,100,99276,100,99737,100,99116,100,99823,400,99077,100,99826,100,99018,100,99968,100,99016,100,100004,200,98859,100,100015,200,,,100061,100,,
2019-06-28 09:44:40.000000000,99703,197,99631,197,99704,197,99457,197,99735,197,99276,197,99737,197,99116,197,99823,497,99077,197,99826,100,99018,100,99968,100,99016,100,100004,200,98859,100,100015,200,,,100061,100,,
2019-06-28 09:44:50.000000000,99703,265,99631,265,99704,260,99457,260,99735,260,99276,260,99737,100,99116,100,99823,400,99077,100,99826,100,99018,100,99968,100,99016,100,100004,200,98859,100,100015,200,,,100061,100,,
2019-06-28 09:44:59.599118928,99703,165,99631,265,99704,260,99457,260,99735,260,99276,260,99737,100,99116,100,99823,400,99077,100,99826,100,99018,100,99968,100,99016,100,100004,200,98859,100,100015,200,,,100061,100,,
2019-06-28 09:45:00.000000000,99704,222,99631,222,99735,222,99457,222,99737,222,99276,222,99823,522,99116,222,99826,100,99077,100,99968,100,99018,100,100004,200,99016,100,100015,200,98859,100,100061,100,,,100071,100,,
2019-06-28 09:45:05.380831472,99704,222,99631,222,99735,222,99535,100,99737,222,99457,222,99823,522,99276,222,99826,100,99116,222,99968,100,99077,100,100004,200,99018,100,100015,200,99016,100,100061,100,98859,100,100071,100,,
2019-06-28 09:45:10.000000000,99704,197,99631,197,99735,197,99535,197,99737,197,99457,197,99823,497,99276,197,99826,197,99116,197,99968,100,99077,100,100004,200,99018,100,100015,200,99016,100,100061,100,98859,100,100071,100,,
2019-06-28 09:45:20.000000000,99704,222,99631,222,99735,222,99535,222,99737,222,99457,222,99823,522,99276,222,99826,100,99116,100,99968,100,99077,100,100004,200,99018,100,100015,200,99016,100,100061,100,98859,100,100071,100,,
2019-06-28 09:45:30.000000000,99704,265,99631,265,99735,260,99535,260,99737,260,99457,260,99823,400,99276,100,99826,100,99116,100,99968,100,99077,100,100004,200,99018,100,100015,200,99016,100,100061,100,98859,100,100071,100,,
2019-06-28 09:45:40.000000000,99704,343,99631,343,99735,343,99535,343,99737,100,99457,100,99823,400,99276,100,99826,100,99116,100,99968,100,99077,100,100004,200,99018,100,100015,200,99016,100,100061,100,98859,100,100071,100,,
2019-06-28 09:45:44.522163938,99704,243,99631,343,99735,343,99535,343,99737,100,99457,100,99823,400,99276,100,99826,100,99116,100,99968,100,99077,100,100004,200,99018,100,100015,200,99016,100,100061,100,98859,100,100071,100,,
2019-06-28 09:45:50.000000000,99735,265,99631,265,99737,260,99535,260,99823,560,99457,260,99826,100,99276,100,99968,100,99116,100,100004,200,99077,100,100015,200,99018,100,100061,100,99016,100,100071,100,98859,100,100072,100,,
2019-06-28 09:46:00.000000000,99735,222,99631,222,99737,222,99535,222,99823,522,99457,222,99826,222,99276,222,99968,100,99116,100,100004,200,99077,100,100015,200,99018,100,100061,100,99016,100,100071,100,98859,100,100072,100,,
2019-06-28 09:46:01.589590381,99735,222,99631,222,99737,222,99535,222,99823,522,99457,222,99826,222,99276,222,99968,100,99116,100,100004,200,99077,100,100015,200,99018,100,100061,100,99016,100,100071,100,98859,100,100072,100,,
2019-06-28 09:46:10.000000000,99735,222,99631,222,99737,222,99535,222,99823,522,99457,222,99826,222,99276,222,99968,100,99116,100,100004,200,99077,100,100015,200,99018,100,100061,100,99016,100,100071,100,98859,100,100072,100,,
2019-06-28 09:46:10.720088547,99735,222,99632,100,99737,222,99631,222,99823,522,99535,222,99826,222,99457,222,99968,100,99276,222,100004,200,99116,100,100015,200,99077,100,100061,100,99018,100,100071,100,99016,100,100072,100,98859,100
2019-06-28 09:46:20.000000000,99735,586,99632,586,99737,100,99631,100,99823,400,99535,100,99826,100,99457,100,99968,100,99276,100,100004,200,99116,100,100015,200,99077,100,100061,100,99018,100,100071,100,99016,100,100072,100,98859,100
2019-06-28 09:46:30.000000000,99735,265,99632,265,99737,260,99631,260,99823,560,99535,260,99826,100,99457,100,99968,100,99276,100,100004,200,99116,100,100015,200,99077,100,100061,100,99018,100,100071,100,99016,100,100072,100,98859,100
2019-06-28 09:46:40.000000000,99735,586,99632,586,99737,100,99631,100,99823,400,99535,100,99826,100,99457,100,99968,100,99276,100,100004,200,99116,100,100015,200,99077,100,100061,100,99018,100,100071,100,99016,100,100072,100,98859,100
2019-06-28 09:46:50.000000000,99735,343,99632,343,99737,343,99631,343,99823,400,99535,100,99826,100,99457,100,99968,100,99276,100,100004,200,99116,100,100015,200,99077,100,100061,100,99018,100,100071,100,99016,100,100072,100,98859,100
2019-06-28 09:47:00.000000000,99735,586,99632,586,99737,100,99631,100,99823,400,99535,100,99826,100,99457,100,99968,100,99276,100,100004,200,99116,100,100015,200,99077,100,100061,100,99018,100,100071,100,99016,100,100072,100,98859,100
2019-06-28 09:47:10.000000000,99735,586,99632,586,99737,100,99631,100,99823,400,99535,100,99826,100,99457,100,99968,100,99276,100,100004,200,99116,100,100015,200,99077,100,100061,100,99018,100,100071,100,99016,100,100072,100,98859,100
2019-06-28 09:47:20.000000000,99735,343,99632,343,99737,343,99631,343,99823,400,99535,100,99826,100,99457,100,99968,100,99276,100,100004,200,99116,100,100015,200,99077,100,100061,100,99018,100,100071,100,99016,100,100072,100,98859,100
2019-06-28 09:47:30.000000000,99735,586,99632,586,99737,100,99631,100,99823,400,99535,100,99826,100,99457,100,99968,100,99276,100,100004,200,99116,100,100015,200,99077,100,100061,100,99018,100,100071,100,99016,100,100072,100,98859,100
2019-06-28 09:47:40.000000000,99735,265,99632,265,99737,260,99631,260,99823,560,99535,260,99826,100,99457,100,99968,100,99276,100,100004,200,99116,100,100015,200,99077,100,100061,100,99018,100,100071,100,99016,100,100072,100,98859,100
2019-06-28 09:47:50.000000000,99735,586,99632,586,99737,100,99631,100,99823,400,99535,100,99826,100,99457,100,99968,100,99276,100,100004,200,99116,100,100015,200,99077,100,100061,100,99018,100,100071,100,99016,100,100072,100,98859,100
2019-06-28 09:48:00.000000000,99735,222,99632,222,99737,222,99631,222,99823,522,99535,222,99826,222,99457,222,99968,100,99276,100,100004,200,99116,100,100015,200,99077,100,100061,100,99018,100,100071,100,99016,100,100072,100,98859,100
2019-06-28 09:48:10.000000000,99735,343,99632,343,99737,343,99631,343,99823,400,99535,100,99826,100,99457,100,99968,100,99276,100,100004,200,99116,100,100015,200,99077,100,100061,100,99018,100,100071,100,99016,100,100072,100,98859,100
2019-06-28 09:48:10.445676771,99735,343,99632,343,99737,343,99631,343,99823,400,99535,100,99826,100,99457,100,99968,100,99276,100,100004,100,99116,100,100015,200,99077,100,100061,100,99018,100,100071,100,99016,100,100072,100,98859,100
2019-06-28 09:48:20.000000000,99735,343,99632,343,99737,343,99631,343,99823,400,99535,100,99826,100,99457,100,99968,100,99276,100,100004,100,99116,100,100015,200,99077,100,100061,100,99018,100,100071,100,99016,100,100072,100,98859,100
2019-06-28 09:48:30.000000000,99735,586,99632,586,99737,100,99631,100,99823,400,99535,100,99826,100,99457,100,99968,100,99276,100,100004,100,99116,100,100015,200,99077,100,100061,100,99018,100,100071,100,99016,100,100072,100,98859,100
2019-06-28 09:48:40.000000000,99735,343,99632,343,99737,343,99631,343,99823,400,99535,100,99826,100,99457,100,99968,100,99276,100,100004,100,99116,100,100015,200,99077,100,100061,100,99018,100,100071,100,99016,100,100072,100,98859,100
2019-06-28 09:48:42.168593279,99735,243,99632,343,99737,343,99631,343,99823,400,99535,100,99826,100,99457,100,99968,100,99276,100,100004,100,99116,100,100015,200,99077,100,100061,100,99016,100,100071,100,98859,100,100072,100,,
2019-06-28 09:48:50.000000000,99737,586,99632,586,99823,400,99631,100,99826,100,99535,100,99968,100,99457,100,100004,100,99276,100,100015,200,99116,100,100061,100,99077,100,100071,100,99016,100,100072,100,98859,100,100077,100,,
2019-06-28 09:48:50.258695305,99737,486,99632,586,99823,400,99631,100,99826,100,99535,100,99968,100,99457,100,100004,100,99276,100,100015,200,99116,100,100061,100,99077,100,100071,100,99016,100,100072,100,98859,100,100077,100,,
2019-06-28 09:49:00.000000000,99823,643,99632,343,99826,343,99631,343,99968,100,99535,100,100004,100,99457,100,100015,200,99276,100,100061,100,99116,100,100071,100,99077,100,100072,100,99016,100,100077,100,98859,100,100101,100,,
2019-06-28 09:49:07.437000981,99823,543,99632,343,99826,343,99631,343,99968,100,99535,100,100004,100,99457,100,100015,200,99276,100,100061,100,99116,100,100071,100,99077,100,100072,100,99016,100,100077,100,98859,100,100101,100,,
2019-06-28 09:49:10.000000000,99823,422,99632,222,99826,222,99631,222,99968,222,99535,222,100004,222,99457,222,100015,200,99276,100,100061,100,99116,100,100071,100,99077,100,100072,100,99016,100,100077,100,98859,100,100101,100,,
2019-06-28 09:49:20.000000000,99823,786,99632,586,99826,100,99631,100,99968,100,99535,100,100004,100,99457,100,100015,200,99276,100,100061,100,99116,100,100071,100,99077,100,100072,100,99016,100,100077,100,98859,100,100101,100,,
2019-06-28 09:49:30.000000000,99823,786,99632,586,99826,100,99631,100,99968,100,99535,100,100004,100,99457,100,100015,200,99276,100,100061,100,99116,100,100071,100,99077,100,100072,100,99016,100,100077,100,98859,100,100101,100,,
2019-06-28 09:49:34.285326567,99823,786,99632,586,99826,100,99631,100,99968,100,99535,100,100004,100,99457,100,100015,200,99276,100,100061,100,99116,100,100071,100,99077,100,100072,100,99016,100,100077,100,98859,100,100101,100,,
2019-06-28 09:49:40.000000000,99823,543,99632,343,99826,343,99631,343,99968,100,99535,100,100004,100,99457,100,100015,200,99276,100,100061,100,99116,100,100071,100,99077,100,100072,100,99016,100,100077,100,98859,100,100101,100,,
2019-06-28 09:49:40.018585844,99823,543,99737,100,99826,343,99632,343,99968,100,99631,343,100004,100,99535,100,100015,200,99457,100,100061,100,99276,100,100071,100,99116,100,100072,100,99077,100,100077,100,99016,100,100101,100,98859,100
2019-06-28 09:49:44.883185027,99823,543,99737,200,99826,343,99632,343,99968,100,99631,343,100004,100,99535,100,100015,200,99457,100,100061,100,99276,100,100071,100,99116,100,100072,100,99077,100,100077,100,99016,100,100101,100,98859,100
2019-06-28 09:49:50.000000000,99823,786,99737,686,99826,100,99632,100,99968,100,99631,100,100004,100,99535,100,100015,200,99457,100,100061,100,99276,100,100071,100,99116,100,100072,100,99077,100,100077,100,99016,100,100101,100,98859,100
2019-06-28 09:50:00.000000000,99823,465,99737,365,99826,260,99632,260,99968,260,99631,260,100004,100,99535,100,100015,200,99457,100,100061,100,99276,100,100071,100,99116,100,100072,100,99077,100,100077,100,99016,100,100101,100,98859,100
2019-06-28 09:50:00.789504750,99823,465,99737,365,99826,260,99632,260,99968,260,99631,260,100004,100,99535,100,100015,200,99457,100,100061,100,99276,100,100071,100,99116,100,100072,100,99077,100,100077,100,98859,100,100101,100,,
2019-06-28 09:50:07.771097430,99823,365,99737,365,99826,260,99632,260,99968,260,99631,260,100004,100,99535,100,100015,200,99457,100,100061,100,99276,100,100071,100,99077,100,100072,100,98859,100,100077,100,,,100101,100,,
2019-06-28 09:50:10.000000000,99823,443,99737,443,99826,343,99632,343,99968,100,99631,100,100004,100,99535,100,100015,200,99457,100,100061,100,99276,100,100071,100,99077,100,100072,100,98859,100,100077,100,,,100101,100,,
2019-06-28 09:50:10.105022303,99823,343,99737,443,99826,343,99632,343,99968,100,99631,100,100004,100,99535,100,100015,200,99457,100,100061,100,99276,100,100071,100,99077,100,100072,100,98859,100,100077,100,,,100101,100,,
2019-06-28 09:50:20.000000000,99823,197,99737,297,99826,197,99632,197,99968,197,99631,197,100004,197,99535,197,100015,297,99457,197,100061,100,99276,100,100071,100,99077,100,100072,100,98859,100,100077,100,,,100101,100,,
2019-06-28 09:50:23.225150913,99823,97,99737,297,99826,197,99632,197,99968,197,99631,197,100004,197,99535,197,100015,297,99457,197,100061,100,99276,100,100071,100,99077,100,100072,100,98859,100,100077,100,,,100101,100,,
2019-06-28 09:50:30.000000000,99826,343,99737,443,99968,343,99632,343,100004,100,99631,100,100015,200,99535,100,100061,100,99457,100,100071,100,99276,100,100072,100,99077,100,100077,100,98859,100,100101,100,,,100102,100,,
2019-06-28 09:50:37.787455684,99826,343,99737,443,99968,343,99632,343,100004,100,99631,100,100015,200,99535,100,100061,100,99457,100,100071,100,99276,100,100072,100,99077,100,100077,100,98859,100,100101,100,,,100102,100,,
2019-06-28 09:50:40.000000000,99826,197,99737,297,99968,197,99632,197,100004,197,99631,197,100015,297,99535,197,100061,197,99457,197,100071,100,99276,100,100072,100,99077,100,100077,100,98859,100,100101,100,,,100102,100,,
2019-06-28 09:50:45.412726392,99826,97,99737,297,99968,197,99632,197,100004,197,99631,197,100015,297,99535,197,100061,197,99457,197,100071,100,99276,100,100072,100,99077,100,100077,100,98859,100,100101,100,,,100102,100,,
2019-06-28 09:50:47.715265192,99968,197,99826,3,100004,197,99737,297,100015,297,99632,197,100061,197,99631,197,100071,100,99535,197,100072,100,99457,197,100077,100,99276,100,100101,100,99077,100,100102,100,98859,100,100123,100,,
2019-06-28 09:50:50.000000000,99968,265,99826,168,100004,260,99737,360,100015,360,99632,260,100061,100,99631,100,100071,100,99535,100,100072,100,99457,100,100077,100,99276,100,100101,100,99077,100,100102,100,98859,100,100123,100,,
2019-06-28 09:51:00.000000000,99968,586,99826,489,100004,100,99737,200,100015,200,99632,100,100061,100,99631,100,100071,100,99535,100,100072,100,99457,100,100077,100,99276,100,100101,100,99077,100,100102,100,98859,100,100123,100,,
2019-06-28 09:51:10.000000000,99968,197,99826,100,100004,197,99737,297,100015,297,99632,197,100061,197,99631,197,100071,197,99535,197,100072,100,99457,100,100077,100,99276,100,100101,100,99077,100,100102,100,98859,100,100123,100,,
2019-06-28 09:51:20.000000000,99968,343,99826,246,100004,343,99737,443,100015,200,99632,100,100061,100,99631,100,100071,100,99535,100,100072,100,99457,100,100077,100,99276,100,100101,100,99077,100,100102,100,98859,100,100123,100,,
2019-06-28 09:51:27.339220920,99968,343,99826,246,100004,343,99737,443,100015,200,99632,100,100061,100,99631,100,100071,100,99535,100,100072,100,99457,100,100077,100,99276,100,100101,100,99077,100,100102,100,98859,100,100123,100,,
2019-06-28 09:51:30.000000000,99968,586,99826,489,100004,100,99737,200,100015,200,99632,100,100061,100,99631,100,100071,100,99535,100,100072,100,99457,100,100077,100,99276,100,100101,100,99077,100,100102,100,98859,100,100123,100,,
2019-06-28 09:51:40.000000000,99968,222,99826,125,100004,222,99737,322,100015,322,99632,222,100061,222,99631,222,100071,100,99535,100,100072,100,99457,100,100077,100,99276,100,100101,100,99077,100,100102,100,98859,100,100123,100,,
2019-06-28 09:51:43.547470833,99968,122,99826,122,100004,222,99737,322,100015,322,99632,222,100061,222,99631,222,100071,100,99535,100,100072,100,99457,100,100077,100,99276,100,100101,100,99077,100,100102,100,98859,100,100123,100,,
2019-06-28 09:51:50.000000000,100004,197,99737,297,100015,297,99632,197,100061,197,99631,197,100071,197,99535,197,100072,197,99457,197,100077,100,99276,100,100101,100,99077,100,100102,100,98859,100,100123,100,,,100428,100,,
2019-06-28 09:52:00.000000000,100004,197,99737,297,100015,297,99632,197,100061,197,99631,197,100071,197,99535,197,100072,197,99457,197,100077,100,99276,100,100101,100,99077,100,100102,100,98859,100,100123,100,,,100428,100,,
2019-06-28 09:52:10.000000000,100004,265,99737,365,100015,360,99632,260,100061,260,99631,260,100071,100,99535,100,100072,100,99457,100,100077,100,99276,100,100101,100,99077,100,100102,100,98859,100,100123,100,,,100428,100,,
2019-06-28 09:52:20.000000000,100004,343,99737,443,100015,443,99632,343,100061,100,99631,100,100071,100,99535,100,100072,100,99457,100,100077,100,99276,100,100101,100,99077,100,100102,100,98859,100,100123,100,,,100428,100,,
2019-06-28 09:52:30.000000000,100004,197,99737,297,100015,297,99632,197,100061,197,99631,197,100071,197,99535,197,100072,197,99457,197,100077,100,99276,100,100101,100,99077,100,100102,100,98859,100,100123,100,,,100428,100,,
2019-06-28 09:52:40.000000000,100004,222,99737,322,100015,322,99632,222,100061,222,99631,222,100071,222,99535,222,100072,100,99457,100,100077,100,99276,100,100101,100,99077,100,100102,100,98859,100,100123,100,,,100428,100,,
2019-06-28 09:52:48.875055932,100004,222,99737,322,100015,322,99632,222,100061,222,99631,222,100071,222,99535,222,100072,100,99457,100,100077,100,99276,100,100101,100,99077,100,100102,100,98859,100,100123,100,,,100428,100,,
2019-06-28 09:52:50.000000000,100004,343,99737,443,100015,443,99632,343,100061,100,99631,100,100071,100,99535,100,100072,100,99457,100,100077,100,99276,100,100101,100,99077,100,100102,100,98859,100,100123,100,,,100428,100,,
2019-06-28 09:53:00.000000000,100004,343,99737,443,100015,443,99632,343,100061,100,99631,100,100071,100,99535,100,100072,100,99457,100,100077,100,99276,100,100101,100,99077,100,100102,100,98859,100,100123,100,,,100428,100,,
2019-06-28 09:53:10.000000000,100004,197,99737,297,100015,297,99632,197,100061,197,99631,197,100071,197,99535,197,100072,197,99457,197,100077,100,99276,100,100101,100,99077,100,100102,100,98859,100,100123,100,,,100428,100,,
2019-06-28 09:53:13.226725604,100004,97,99737,297,100015,297,99632,197,100061,197,99631,197,100071,197,99535,197,100072,197,99457,197,100077,100,99276,100,100101,100,99077,100,100102,100,98859,100,100123,100,,,100446,100,,
2019-06-28 09:53:20.000000000,100015,686,99737,686,100061,100,99632,100,100071,100,99631,100,100072,100,99535,100,100077,100,99457,100,100101,100,99276,100,100102,100,99077,100,100123,100,98859,100,100446,100,,,100681,100,,
2019-06-28 09:53:30.000000000,100015,443,99737,443,100061,343,99632,343,100071,100,99631,100,100072,100,99535,100,100077,100,99457,100,100101,100,99276,100,100102,100,99077,100,100123,100,98859,100,100446,100,,,100681,100,,
2019-06-28 09:53:31.118161724,100015,443,99737,443,100061,343,99632,343,100071,100,99631,100,100072,100,99535,100,100077,100,99457,100,100101,100,99276,100,100102,100,99077,100,100123,100,98859,100,100446,100,,,100681,100,,
2019-06-28 09:53:37.056648290,100015,343,99737,443,100061,343,99632,343,100071,100,99631,100,100072,100,99535,100,100077,100,99457,100,100101,100,99276,100,100102,100,99077,100,100446,100,98859,100,100681,100,,,101419,100,,
2019-06-28 09:53:40.000000000,100015,265,99737,365,100061,260,99632,260,100071,260,99631,260,100072,100,99535,100,100077,100,99457,100,100101,100,99276,100,100102,100,99077,100,100446,100,98859,100,100681,100,,,101419,100,,
2019-06-28 09:53:45.250954330,100015,265,99737,365,100061,260,99632,260,100071,260,99631,260,100072,100,99535,100,100077,100,99457,100,100101,100,99276,100,100102,100,99077,100,100446,100,98859,100,101419,100,,,101432,100,,
2019-06-28 09:53:50.000000000,100015,197,99737,297,100061,197,99632,197,100071,197,99631,197,100072,197,99535,197,100077,197,99457,197,100101,100,99276,100,100102,100,99077,100,100446,100,98859,100,101419,100,,,101432,100,,
2019-06-28 09:54:00.000000000,100015,222,99737,322,100061,222,99632,222,100071,222,99631,222,100072,222,99535,222,100077,100,99457,100,100101,100,99276,100,100102,100,99077,100,100446,100,98859,100,101419,100,,,101432,100,,
2019-06-28 09:54:10.000000000,100015,343,99737,443,100061,343,99632,343,100071,100,99631,100,100072,100,99535,100,100077,100,99457,100,100101,100,99276,100,100102,100,99077,100,100446,100,98859,100,101419,100,,,101432,100,,
2019-06-28 09:54:20.000000000,100015,222,99737,322,100061,222,99632,222,100071,222,99631,222,100072,222,99535,222,100077,100,99457,100,100101,100,99276,100,100102,100,99077,100,100446,100,98859,100,101419,100,,,101432,100,,
2019-06-28 09:54:30.000000000,100015,343,99737,443,100061,343,99632,343,100071,100,99631,100,100072,100,99535,100,100077,100,99457,100,100101,100,99276,100,100102,100,99077,100,100446,100,98859,100,101419,100,,,101432,100,,
2019-06-28 09:54:33.101093294,100015,243,99737,443,100061,343,99632,343,100071,100,99631,100,100072,100,99535,100,100077,100,99457,100,100101,100,99276,100,100102,100,99077,100,100446,100,98859,100,101419,100,,,101432,100,,
2019-06-28 09:54:40.000000000,100061,343,99737,443,100071,343,99632,343,100072,100,99631,100,100077,100,99535,100,100101,100,99457,100,100102,100,99276,100,100446,100,99077,100,101419,100,98859,100,101432,100,,,101466,100,,
2019-06-28 09:54:50.000000000,100061,343,99737,443,100071,343,99632,343,100072,100,99631,100,100077,100,99535,100,100101,100,99457,100,100102,100,99276,100,100446,100,99077,100,101419,100,98859,100,101432,100,,,101466,100,,
2019-06-28 09:54:51.864060272,100061,343,99737,343,100071,343,99632,343,100072,100,99631,100,100077,100,99535,100,100101,100,99457,100,100102,100,99276,100,100446,100,99077,100,101419,100,98859,100,101432,100,,,101466,100,,
2019-06-28 09:55:00.000000000,100061,197,99737,197,100071,197,99632,197,100072,197,99631,197,100077,197,99535,197,100101,197,99457,197,100102,100,99276,100,100446,100,99077,100,101419,100,98859,100,101432,100,,,101466,100,,
2019-06-28 09:55:06.191207325,100061,197,99737,197,100071,197,99632,197,100072,197,99631,197,100077,197,99535,197,100101,197,99457,197,100102,100,99276,100,100446,100,99077,100,101234,100,98859,100,101419,100,,,101432,100,,
2019-06-28 09:55:08.701428895,100061,197,100015,100,100071,197,99737,197,100072,197,99632,197,100077,197,99631,197,100101,197,99535,197,100102,100,99457,197,100446,100,99276,100,101234,100,99077,100,101419,100,98859,100,101432,100,,
2019-06-28 09:55:10.000000000,100061,343,100015,343,100071,343,99737,343,100072,100,99632,100,100077,100,99631,100,100101,100,99535,100,100102,100,99457,100,100446,100,99276,100,101234,100,99077,100,101419,100,98859,100,101432,100,,
2019-06-28 09:55:15.578429456,100061,243,100015,343,100071,343,99737,343,100072,100,99632,100,100077,100,99631,100,100101,100,99535,100,100102,100,99457,100,100446,100,99276,100,101234,100,99077,100,101419,100,98859,100,101432,100,,
2019-06-28 09:55:20.000000000,100071,197,100015,197,100072,197,99737,197,100077,197,99632,197,100101,197,99631,197,100102,197,99535,197,100446,100,99457,100,101234,100,99276,100,101419,100,99077,100,101432,100,98859,100,101466,100,,
2019-06-28 09:55:25.368688126,100071,197,100015,197,100072,197,99737,197,100077,197,99632,197,100101,197,99631,197,100102,197,99535,197,100446,100,99457,100,101234,100,99276,100,101252,100,99077,100,101419,100,98859,100,101432,100,,
2019-06-28 09:55:30.000000000,100071,265,100015,265,100072,260,99737,260,100077,260,99632,260,100101,100,99631,100,100102,100,99535,100,100446,100,99457,100,101234,100,99276,100,101252,100,99077,100,101419,100,98859,100,101432,100,,
2019-06-28 09:55:40.000000000,100071,222,100015,222,100072,222,99737,222,100077,222,99632,222,100101,222,99631,222,100102,100,99535,100,100446,100,99457,100,101234,100,99276,100,101252,100,99077,100,101419,100,98859,100,101432,100,,
2019-06-28 09:55:50.000000000,100071,222,100015,222,100072,222,99737,222,100077,222,99632,222,100101,222,99631,222,100102,100,99535,100,100446,100,99457,100,101234,100,99276,100,101252,100,99077,100,101419,100,98859,100,101432,100,,
2019-06-28 09:56:00.000000000,100071,586,100015,586,100072,100,99737,100,100077,100,99632,100,100101,100,99631,100,100102,100,99535,100,100446,100,99457,100,101234,100,99276,100,101252,100,99077,100,101419,100,98859,100,101432,100,,
2019-06-28 09:56:10.000000000,100071,586,100015,586,100072,100,99737,100,100077,100,99632,100,100101,100,99631,100,100102,100,99535,100,100446,100,99457,100,101234,100,99276,100,101252,100,99077,100,101419,100,98859,100,101432,100,,
2019-06-28 09:56:20.000000000,100071,343,100015,343,100072,343,99737,343,100077,100,99632,100,100101,100,99631,100,100102,100,99535,100,100446,100,99457,100,101234,100,99276,100,101252,100,99077,100,101419,100,98859,100,101432,100,,
2019-06-28 09:56:30.000000000,100071,343,100015,343,100072,343,99737,343,100077,100,99632,100,100101,100,99631,100,100102,100,99535,100,100446,100,99457,100,101234,100,99276,100,101252,100,99077,100,101419,100,98859,100,101432,100,,
2019-06-28 09:56:40.000000000,100071,586,100015,586,100072,100,99737,100,100077,100,99632,100,100101,100,99631,100,100102,100,99535,100,100446,100,99457,100,101234,100,99276,100,101252,100,99077,100,101419,100,98859,100,101432,100,,
2019-06-28 09:56:50.000000000,100071,265,100015,265,100072,260,99737,260,100077,260,99632,260,100101,100,99631,100,100102,100,99535,100,100446,100,99457,100,101234,100,99276,100,101252,100,99077,100,101419,100,98859,100,101432,100,,
2019-06-28 09:57:00.000000000,100071,343,100015,343,100072,343,99737,343,100077,100,99632,100,100101,100,99631,100,100102,100,99535,100,100446,100,99457,100,101234,100,99276,100,101252,100,99077,100,101419,100,98859,100,101432,100,,
2019-06-28 09:57:10.000000000,100071,586,100015,586,100072,100,99737,100,100077,100,99632,100,100101,100,99631,100,100102,100,99535,100,100446,100,99457,100,101234,100,99276,100,101252,100,99077,100,101419,100,98859,100,101432,100,,
2019-06-28 09:57:15.823711999,100071,586,100015,586,100072,100,99737,100,100077,100,99697,100,100101,100,99632,100,100102,100,99631,100,100446,100,99535,100,101234,100,99457,100,101252,100,99276,100,101419,100,99077,100,101432,100,98859,100
2019-06-28 09:57:20.000000000,100071,586,100015,586,100072,100,99737,100,100077,100,99697,100,100101,100,99632,100,100102,100,99631,100,100446,100,99535,100,101234,100,99457,100,101252,100,99276,100,101419,100,99077,100,101432,100,98859,100
2019-06-28 09:57:23.380946165,100071,586,100015,486,100072,100,99737,100,100077,100,99697,100,100101,100,99632,100,100102,100,99631,100,100446,100,99535,100,101234,100,99457,100,101252,100,99276,100,101419,100,99077,100,101432,100,98859,100
2019-06-28 09:57:30.000000000,100071,197,99737,197,100072,197,99697,197,100077,197,99632,197,100101,197,99631,197,100102,197,99535,197,100446,100,99457,100,101234,100,99276,100,101252,100,99077,100,101419,100,98859,100,101432,100,,
2019-06-28 09:57:40.000000000,100071,586,99737,586,100072,100,99697,100,100077,100,99632,100,100101,100,99631,100,100102,100,99535,100,100446,100,99457,100,101234,100,99276,100,101252,100,99077,100,101419,100,98859,100,101432,100,,
2019-06-28 09:57:50.000000000,100071,586,99737,586,100072,100,99697,100,100077,100,99632,100,100101,100,99631,100,100102,100,99535,100,100446,100,99457,100,101234,100,99276,100,101252,100,99077,100,101419,100,98859,100,101432,100,,
2019-06-28 09:57:58.840185546,100071,486,99737,586,100072,100,99697,100,100077,100,99632,100,100101,100,99631,100,100102,100,99535,100,100446,100,99457,100,101234,100,99276,100,101252,100,99077,100,101419,100,98859,100,101432,100,,
2019-06-28 09:58:00.000000000,100072,222,99737,222,100077,222,99697,222,100101,222,99632,222,100102,222,99631,222,100446,100,99535,100,101234,100,99457,100,101252,100,99276,100,101419,100,99077,100,101432,100,98859,100,101466,100,,
2019-06-28 09:58:05.997038990,100072,122,99737,222,100077,222,99697,222,100101,222,99632,222,100102,222,99631,222,100446,100,99535,100,101234,100,99457,100,101252,100,99276,100,101419,100,99077,100,101432,100,98859,100,101466,100,,
2019-06-28 09:58:10.000000000,100077,222,99737,222,100101,222,99697,222,100102,222,99632,222,100446,222,99631,222,101234,100,99535,100,101252,100,99457,100,101419,100,99276,100,101432,100,99077,100,101466,100,98859,100,101501,100,,
2019-06-28 09:58:20.000000000,100077,265,99737,265,100101,260,99697,260,100102,260,99632,260,100446,100,99631,100,101234,100,99535,100,101252,100,99457,100,101419,100,99276,100,101432,100,99077,100,101466,100,98859,100,101501,100,,
2019-06-28 09:58:22.370199845,100077,265,99737,265,100101,260,99697,260,100102,260,99632,260,100446,100,99631,100,100474,100,99535,100,101234,100,99457,100,101252,100,99276,100,101419,100,99077,100,101432,100,98859,100,101466,100,,
2019-06-28 09:58:30.000000000,100077,343,99737,343,100101,343,99697,343,100102,100,99632,100,100446,100,99631,100,100474,100,99535,100,101234,100,99457,100,101252,100,99276,100,101419,100,99077,100,101432,100,98859,100,101466,100,,
2019-06-28 09:58:40.000000000,100077,222,99737,222,100101,222,99697,222,100102,222,99632,222,100446,222,99631,222,100474,100,99535,100,101234,100,99457,100,101252,100,99276,100,101419,100,99077,100,101432,100,98859,100,101466,100,,
2019-06-28 09:58:50.000000000,100077,197,99737,197,100101,197,99697,197,100102,197,99632,197,100446,197,99631,197,100474,197,99535,197,101234,100,99457,100,101252,100,99276,100,101419,100,99077,100,101432,100,98859,100,101466,100,,
2019-06-28 09:59:00.000000000,100077,343,99737,343,100101,343,99697,343,100102,100,99632,100,100446,100,99631,100,100474,100,99535,100,101234,100,99457,100,101252,100,99276,100,101419,100,99077,100,101432,100,98859,100,101466,100,,
2019-06-28 09:59:10.000000000,100077,265,99737,265,100101,260,99697,260,100102,260,99632,260,100446,100,99631,100,100474,100,99535,100,101234,100,99457,100,101252,100,99276,100,101419,100,99077,100,101432,100,98859,100,101466,100,,
2019-06-28 09:59:15.292789447,100077,265,100071,100,100101,260,99737,265,100102,260,99697,260,100446,100,99632,160,100474,100,99631,100,101234,100,99535,100,101252,100,99457,100,101419,100,99276,100,101432,100,99077,100,101466,100,98859,100
2019-06-28 09:59:20.000000000,100077,222,100071,222,100101,222,99737,222,100102,222,99697,222,100446,222,99631,222,100474,100,99535,100,101234,100,99457,100,101252,100,99276,100,101419,100,99077,100,101432,100,98859,100,101466,100,,
2019-06-28 09:59:27.948940324,100077,222,100071,222,100099,100,99737,222,100101,222,99697,222,100102,222,99631,222,100446,222,99535,100,100474,100,99457,100,101234,100,99276,100,101252,100,99077,100,101419,100,98859,100,101432,100,,
2019-06-28 09:59:30.000000000,100077,222,100071,222,100099,222,99737,222,100101,222,99697,222,100102,222,99631,222,100446,100,99535,100,100474,100,99457,100,101234,100,99276,100,101252,100,99077,100,101419,100,98859,100,101432,100,,
2019-06-28 09:59:38.945861695,100077,222,100071,222,100099,222,99737,222,100101,222,99697,222,100102,222,99631,222,100149,100,99535,100,100446,100,99457,100,100474,100,99276,100,101234,100,99077,100,101252,100,98859,100,101419,100,,
2019-06-28 09:59:40.000000000,100077,265,100071,265,100099,260,99737,260,100101,260,99697,260,100102,100,99631,100,100149,100,99535,100,100446,100,99457,100,100474,100,99276,100,101234,100,99077,100,101252,100,98859,100,101419,100,,
2019-06-28 09:59:50.000000000,100077,343,100071,343,100099,343,99737,343,100101,100,99697,100,100102,100,99631,100,100149,100,99535,100,100446,100,99457,100,100474,100,99276,100,101234,100,99077,100,101252,100,98859,100,101419,100,,
2019-06-28 09:59:59.170474043,100077,343,100071,243,100099,343,99737,343,100101,100,99697,100,100102,100,99631,100,100149,100,99535,100,100446,100,99457,100,100474,100,99276,100,101234,100,99077,100,101252,100,98859,100,101419,100,,
2019-06-28 10:00:00.000000000,100077,197,99737,197,100099,197,99697,197,100101,197,99631,197,100102,197,99535,197,100149,197,99457,197,100446,100,99276,100,100474,100,99077,100,101234,100,98859,100,101252,100,,,101419,100,,
2019-06-28 10:00:00.601008851,100077,197,99760,100,100099,197,99737,197,100101,197,99697,197,100102,197,99631,197,100149,197,99535,197,100446,100,99457,197,100474,100,99276,100,101234,100,99077,100,101252,100,98859,100,101419,100,,
2019-06-28 10:00:10.000000000,100077,197,99760,197,100099,197,99737,197,100101,197,99697,197,100102,197,99631,197,100149,197,99535,197,100446,100,99457,100,100474,100,99276,100,101234,100,99077,100,101252,100,98859,100,101419,100,,
2019-06-28 10:00:14.209114075,99879,100,99760,197,100077,197,99737,197,100099,197,99697,197,100101,197,99631,197,100102,197,99535,197,100149,197,99457,100,100446,100,99276,100,100474,100,99077,100,101234,100,98859,100,101419,100,,
2019-06-28 10:00:17.924442225,99879,100,99760,197,99982,100,99737,197,100077,197,99697,197,100099,197,99631,197,100101,197,99535,197,100102,197,99457,100,100149,197,99276,100,100446,100,99077,100,100474,100,98859,100,101234,100,,
2019-06-28 10:00:20.000000000,99879,197,99760,197,99982,197,99737,197,100077,197,99697,197,100099,197,99631,197,100101,197,99535,197,100102,100,99457,100,100149,100,99276,100,100446,100,99077,100,100474,100,98859,100,101234,100,,
2019-06-28 10:00:30.000000000,99879,222,99760,222,99982,222,99737,222,100077,222,99697,222,100099,222,99631,222,100101,100,99535,100,100102,100,99457,100,100149,100,99276,100,100446,100,99077,100,100474,100,98859,100,101234,100,,
2019-06-28 10:00:39.732942031,99879,222,99760,222,99982,222,99737,222,100077,222,99697,222,100099,222,99631,222,100101,100,99535,100,100102,100,99457,100,100135,100,99276,100,100149,100,99077,100,100446,100,98859,100,100474,100,,
2019-06-28 10:00:40.000000000,99879,265,99760,265,99982,260,99737,260,100077,260,99697,260,100099,100,99631,100,100101,100,99535,100,100102,100,99457,100,100135,100,99276,100,100149,100,99077,100,100446,100,98859,100,100474,100,,
2019-06-28 10:00:50.000000000,99879,265,99760,265,99982,260,99737,260,100077,260,99697,260,100099,100,99631,100,100101,100,99535,100,100102,100,99457,100,100135,100,99276,100,100149,100,99077,100,100446,100,98859,100,100474,100,,
2019-06-28 10:01:00.000000000,99879,343,99760,343,99982,343,99737,343,100077,100,99697,100,100099,100,99631,100,100101,100,99535,100,100102,100,99457,100,100135,100,99276,100,100149,100,99077,100,100446,100,98859,100,100474,100,,
2019-06-28 10:01:10.000000000,99879,586,99760,586,99982,100,99737,100,100077,100,99697,100,100099,100,99631,100,100101,100,99535,100,100102,100,99457,100,100135,100,99276,100,100149,100,99077,100,100446,100,98859,100,100474,100,,
2019-06-28 10:01:14.012439618,99879,486,99760,586,99982,100,99737,100,100077,100,99697,100,100099,100,99631,100,100101,100,99535,100,100102,100,99457,100,100135,100,99276,100,100149,100,99077,100,100446,100,98859,100,100474,100,,
2019-06-28 10:01:18.537260955,99879,486,99760,586,100077,100,99737,100,100099,100,99697,100,100101,100,99631,100,100102,100,99535,100,100135,100,99457,100,100149,100,99276,100,100272,100,99077,100,100446,100,98859,100,100474,100,,
2019-06-28 10:01:20.000000000,100077,343,99760,343,100099,343,99737,343,100101,100,99697,100,100102,100,99631,100,100135,100,99535,100,100149,100,99457,100,100272,100,99276,100,100446,100,99077,100,100474,100,98859,100,101234,100,,
2019-06-28 10:01:26.724136419,100077,343,100072,100,100099,343,99760,343,100101,100,99737,343,100102,100,99697,100,100135,100,99631,100,100149,100,99535,100,100272,100,99457,100,100446,100,99276,100,100474,100,99077,100,101234,100,98859,100
2019-06-28 10:01:30.000000000,100077,222,100072,222,100099,222,99760,222,100101,222,99737,222,100102,222,99697,222,100135,100,99631,100,100149,100,99535,100,100272,100,99457,100,100446,100,99276,100,100474,100,99077,100,101234,100,98859,100
2019-06-28 10:01:40.000000000,100077,586,100072,586,100099,100,99760,100,100101,100,99737,100,100102,100,99697,100,100135,100,99631,100,100149,100,99535,100,100272,100,99457,100,100446,100,99276,100,100474,100,99077,100,101234,100,98859,100
2019-06-28 10:01:50.000000000,100077,222,100072,222,100099,222,99760,222,100101,222,99737,222,100102,222,99697,222,100135,100,99631,100,100149,100,99535,100,100272,100,99457,100,100446,100,99276,100,100474,100,99077,100,101234,100,98859,100
2019-06-28 10:02:00.000000000,100077,222,100072,222,100099,222,99760,222,100101,222,99737,222,100102,222,99697,222,100135,100,99631,100,100149,100,99535,100,100272,100,99457,100,100446,100,99276,100,100474,100,99077,100,101234,100,98859,100
2019-06-28 10:02:00.461902729,100077,222,100072,222,100099,222,99760,222,100101,222,99737,222,100102,222,99697,222,100135,100,99631,100,100149,100,99535,100,100272,100,99457,100,100446,100,99276,100,100474,100,99077,100,100539,100,98859,100
2019-06-28 10:02:10.000000000,100077,586,100072,586,100099,100,99760,100,100101,100,99737,100,100102,100,99697,100,100135,100,99631,100,100149,100,99535,100,100272,100,99457,100,100446,100,99276,100,100474,100,99077,100,100539,100,98859,100
2019-06-28 10:02:20.000000000,100077,343,100072,343,100099,343,99760,343,100101,100,99737,100,100102,100,99697,100,100135,100,99631,100,100149,100,99535,100,100272,100,99457,100,100446,100,99276,100,100474,100,99077,100,100539,100,98859,100
2019-06-28 10:02:27.041836356,100077,243,100072,343,100099,343,99760,343,100101,100,99737,100,100102,100,99697,100,100135,100,99631,100,100149,100,99535,100,100272,100,99457,100,100446,100,99276,100,100474,100,99077,100,100539,100,98859,100
2019-06-28 10:02:30.000000000,100099,586,100072,586,100101,100,99760,100,100102,100,99737,100,100135,100,99697,100,100149,100,99631,100,100272,100,99535,100,100446,100,99457,100,100474,100,99276,100,100539,100,99077,100,101234,100,98859,100
2019-06-28 10:02:40.000000000,100099,222,100072,222,100101,222,99760,222,100102,222,99737,222,100135,222,99697,222,100149,100,99631,100,100272,100,99535,100,100446,100,99457,100,100474,100,99276,100,100539,100,99077,100,101234,100,98859,100
2019-06-28 10:02:50.000000000,100099,343,100072,343,100101,343,99760,343,100102,100,99737,100,100135,100,99697,100,100149,100,99631,100,100272,100,99535,100,100446,100,99457,100,100474,100,99276,100,100539,100,99077,100,101234,100,98859,100
2019-06-28 10:03:00.000000000,100099,197,100072,197,100101,197,99760,197,100102,197,99737,197,100135,197,99697,197,100149,197,99631,197,100272,100,99535,100,100446,100,99457,100,100474,100,99276,100,100539,100,99077,100,101234,100,98859,100
2019-06-28 10:03:07.949576392,100099,197,100072,197,100101,197,99760,197,100102,197,99737,197,100135,197,99697,197,100149,197,99631,197,100208,100,99535,100,100272,100,99457,100,100446,100,99276,100,100474,100,99077,100,100539,100,98859,100
2019-06-28 10:03:10.000000000,100099,222,100072,222,100101,222,99760,222,100102,222,99737,222,100135,222,99697,222,100149,100,99631,100,100208,100,99535,100,100272,100,99457,100,100446,100,99276,100,100474,100,99077,100,100539,100,98859,100
2019-06-28 10:03:20.000000000,100099,222,100072,222,100101,222,99760,222,100102,222,99737,222,100135,222,99697,222,100149,100,99631,100,100208,100,99535,100,100272,100,99457,100,100446,100,99276,100,100474,100,99077,100,100539,100,98859,100
2019-06-28 10:03:23.630879281,100099,222,100072,222,100101,222,99954,100,100102,222,99760,222,100135,222,99737,222,100149,100,99697,222,100208,100,99631,100,100272,100,99535,100,100446,100,99457,100,100474,100,99276,100,100539,100,99077,100
2019-06-28 10:03:30.000000000,100099,265,100072,265,100101,260,99954,260,100102,260,99760,260,100135,100,99737,100,100149,100,99697,100,100208,100,99631,100,100272,100,99535,100,100446,100,99457,100,100474,100,99276,100,100539,100,99077,100
2019-06-28 10:03:40.000000000,100099,586,100072,586,100101,100,99954,100,100102,100,99760,100,100135,100,99737,100,100149,100,99697,100,100208,100,99631,100,100272,100,99535,100,100446,100,99457,100,100474,100,99276,100,100539,100,99077,100
2019-06-28 10:03:48.716024381,100099,486,100072,586,100101,100,99954,100,100102,100,99760,100,100135,100,99737,100,100149,100,99697,100,100208,100,99631,100,100272,100,99535,100,100446,100,99457,100,100474,100,99276,100,100539,100,99077,100
2019-06-28 10:03:50.000000000,100101,586,100072,586,100102,100,99954,100,100135,100,99760,100,100149,100,99737,100,100208,100,99697,100,100272,100,99631,100,100446,100,99535,100,100474,100,99457,100,100539,100,99276,100,101234,100,99077,100
2019-06-28 10:03:57.732122641,100101,486,100072,586,100102,100,99954,100,100135,100,99760,100,100149,100,99737,100,100208,100,99697,100,100272,100,99631,100,100446,100,99535,100,100474,100,99457,100,100539,100,99276,100,101234,100,99077,100
2019-06-28 10:04:00.000000000,100102,197,100072,197,100135,197,99954,197,100149,197,99760,197,100208,197,99737,197,100272,197,99697,197,100446,100,99631,100,100474,100,99535,100,100539,100,99457,100,101234,100,99276,100,101419,100,99077,100
2019-06-28 10:04:10.000000000,100102,265,100072,265,100135,260,99954,260,100149,260,99760,260,100208,100,99737,100,100272,100,99697,100,100446,100,99631,100,100474,100,99535,100,100539,100,99457,100,101234,100,99276,100,101419,100,99077,100
2019-06-28 10:04:15.583105515,100102,265,100072,265,100135,260,99954,260,100149,260,99760,260,100208,100,99737,100,100272,100,99697,100,100426,100,99631,100,100446,100,99535,100,100474,100,99457,100,100539,100,99276,100,101234,100,99077,100
2019-06-28 10:04:20.000000000,100102,343,100072,343,100135,343,99954,343,100149,100,99760,100,100208,100,99737,100,100272,100,99697,100,100426,100,99631,100,100446,100,99535,100,100474,100,99457,100,100539,100,99276,100,101234,100,99077,100
2019-06-28 10:04:23.840891066,100102,343,100072,343,100135,343,99954,343,100149,100,99760,100,100208,100,99737,100,100272,100,99697,100,100426,100,99631,100,100446,100,99535,100,100474,100,99457,100,100539,100,99276,100,100572,100,99077,100
2019-06-28 10:04:30.000000000,100102,265,100072,265,100135,260,99954,260,100149,260,99760,260,100208,100,99737,100,100272,100,99697,100,100426,100,99631,100,100446,100,99535,100,100474,100,99457,100,100539,100,99276,100,100572,100,99077,100
2019-06-28 10:04:38.049651599,100102,165,100072,265,100135,260,99954,260,100149,260,99760,260,100208,100,99737,100,100272,100,99697,100,100426,100,99631,100,100446,100,99535,100,100474,100,99457,100,100539,100,99276,100,100572,100,99077,100
2019-06-28 10:04:40.000000000,100135,197,100072,197,100149,197,99954,197,100208,197,99760,197,100272,197,99737,197,100426,197,99697,197,100446,100,99631,100,100474,100,99535,100,100539,100,99457,100,100572,100,99276,100,101234,100,99077,100
2019-06-28 10:04:42.856175026,100135,197,100072,197,100149,197,99954,197,100208,197,99760,197,100272,197,99737,197,100426,197,99697,197,100446,100,99631,100,100474,100,99535,100,100539,100,99457,100,100572,100,99276,100,100883,100,99077,100
2019-06-28 10:04:50.000000000,100135,222,100072,222,100149,222,99954,222,100208,222,99760,222,100272,222,99737,222,100426,100,99697,100,100446,100,99631,100,100474,100,99535,100,100539,100,99457,100,100572,100,99276,100,100883,100,99077,100
2019-06-28 10:04:54.285899220,100135,122,100072,222,100149,222,99954,222,100208,222,99760,222,100272,222,99737,222,100426,100,99697,100,100446,100,99631,100,100474,100,99535,100,100539,100,99457,100,100572,100,99276,100,100883,100,99077,100
2019-06-28 10:04:58.638393574,100135,22,100072,222,100149,222,99954,222,100208,222,99760,222,100272,222,99737,222,100426,100,99697,100,100446,100,99631,100,100474,100,99535,100,100539,100,99457,100,100572,100,99276,100,100883,100,99077,100
2019-06-28 10:05:00.000000000,100149,343,100072,343,100208,343,99954,343,100272,100,99760,100,100426,100,99737,100,100446,100,99697,100,100474,100,99631,100,100539,100,99535,100,100572,100,99457,100,100883,100,99276,100,101234,100,99077,100
2019-06-28 10:05:01.805694736,100149,243,100072,343,100208,343,99954,343,100272,100,99760,100,100426,100,99737,100,100446,100,99697,100,100474,100,99631,100,100539,100,99535,100,100572,100,99457,100,100883,100,99276,100,101234,100,99077,100
2019-06-28 10:05:08.629572874,100149,143,100072,343,100208,343,99954,343,100426,100,99760,100,100446,100,99737,100,100474,100,99697,100,100539,100,99631,100,100572,100,99535,100,100883,100,99457,100,101234,100,99276,100,101419,100,99077,100
2019-06-28 10:05:10.000000000,100208,343,100072,343,100426,343,99954,343,100446,100,99760,100,100474,100,99737,100,100539,100,99697,100,100572,100,99631,100,100883,100,99535,100,101234,100,99457,100,101419,100,99276,100,101432,100,99077,100
2019-06-28 10:05:11.892756516,100208,343,100072,343,100426,343,99954,343,100446,100,99760,100,100474,100,99737,100,100539,100,99697,100,100572,100,99631,100,100878,100,99535,100,100883,100,99457,100,101234,100,99276,100,101419,100,99077,100
2019-06-28 10:05:20.000000000,100208,265,100072,265,100426,260,99954,260,100446,260,99760,260,100474,100,99737,100,100539,100,99697,100,100572,100,99631,100,100878,100,99535,100,100883,100,99457,100,101234,100,99276,100,101419,100,99077,100
2019-06-28 10:05:29.904978810,100208,265,100149,100,100426,260,100072,265,100446,260,99954,260,100474,100,99760,260,100539,100,99737,100,100572,100,99697,100,100878,100,99631,100,100883,100,99535,100,101234,100,99457,100,101419,100,99276,100
2019-06-28 10:05:30.000000000,100208,222,100149,222,100426,222,100072,222,100446,222,99954,222,100474,222,99760,222,100539,100,99737,100,100572,100,99697,100,100878,100,99631,100,100883,100,99535,100,101234,100,99457,100,101419,100,99276,100
2019-06-28 10:05:40.000000000,100208,343,100149,343,100426,343,100072,343,100446,100,99954,100,100474,100,99760,100,100539,100,99737,100,100572,100,99697,100,100878,100,99631,100,100883,100,99535,100,101234,100,99457,100,101419,100,99276,100
2019-06-28 10:05:50.000000000,100208,586,100149,586,100426,100,100072,100,100446,100,99954,100,100474,100,99760,100,100539,100,99737,100,100572,100,99697,100,100878,100,99631,100,100883,100,99535,100,101234,100,99457,100,101419,100,99276,100
2019-06-28 10:06:00.000000000,100208,343,100149,343,100426,343,100072,343,100446,100,99954,100,100474,100,99760,100,100539,100,99737,100,100572,100,99697,100,100878,100,99631,100,100883,100,99535,100,101234,100,99457,100,101419,100,99276,100
2019-06-28 10:06:08.904276919,100208,243,100149,343,100426,343,100072,343,100446,100,99954,100,100474,100,99760,100,100539,100,99737,100,100572,100,99697,100,100878,100,99631,100,100883,100,99535,100,101234,100,99457,100,101419,100,99077,100
2019-06-28 10:06:10.000000000,100426,343,100149,343,100446,343,100072,343,100474,100,99954,100,100539,100,99760,100,100572,100,99737,100,100878,100,99697,100,100883,100,99631,100,101234,100,99535,100,101419,100,99457,100,101432,100,99077,100
2019-06-28 10:06:15.524950695,100426,243,100149,343,100446,343,100072,343,100474,100,99954,100,100539,100,99760,100,100572,100,99737,100,100878,100,99697,100,100883,100,99631,100,101234,100,99535,100,101419,100,99457,100,101432,100,,
2019-06-28 10:06:20.000000000,100446,265,100149,265,100474,260,100072,260,100539,260,99954,260,100572,100,99760,100,100878,100,99737,100,100883,100,99697,100,101234,100,99631,100,101419,100,99535,100,101432,100,99457,100,101501,100,,
2019-06-28 10:06:30.000000000,100446,343,100149,343,100474,343,100072,343,100539,100,99954,100,100572,100,99760,100,100878,100,99737,100,100883,100,99697,100,101234,100,99631,100,101419,100,99535,100,101432,100,99457,100,101501,100,,
2019-06-28 10:06:39.235873606,100446,343,100208,100,100474,343,100149,343,100539,100,100072,343,100572,100,99954,100,100878,100,99760,100,100883,100,99737,100,101234,100,99697,100,101419,100,99631,100,101432,100,99535,100,101501,100,99457,100
2019-06-28 10:06:40.000000000,100446,197,100208,197,100474,197,100149,197,100539,197,100072,197,100572,197,99954,197,100878,197,99760,197,100883,100,99737,100,101234,100,99697,100,101419,100,99631,100,101432,100,99535,100,101501,100,99457,100
2019-06-28 10:06:43.857243551,100446,97,100208,197,100474,197,100149,197,100539,197,100072,197,100572,197,99954,197,100878,197,99760,197,100883,100,99737,100,101234,100,99631,100,101419,100,99535,100,101432,100,99457,100,101501,100,,
2019-06-28 10:06:50.000000000,100474,197,100208,197,100539,197,100149,197,100572,197,100072,197,100878,197,99954,197,100883,197,99760,197,101234,100,99737,100,101419,100,99631,100,101432,100,99535,100,101501,100,99457,100,,,,
2019-06-28 10:06:52.939157807,100474,197,100208,197,100539,197,100149,197,100572,197,100072,197,100878,197,99954,197,100883,197,99760,197,101234,100,99737,100,101251,100,99631,100,101419,100,99535,100,101432,100,99457,100,101501,100,,
2019-06-28 10:06:58.129603099,100425,100,100208,197,100474,197,100149,197,100539,197,100072,197,100572,197,99954,197,100878,197,99760,197,100883,197,99737,100,101234,100,99631,100,101251,100,99535,100,101419,100,99457,100,101432,100,,
2019-06-28 10:06:59.334648717,100425,100,100208,97,100474,197,100149,197,100539,197,100072,197,100572,197,99954,197,100878,197,99760,197,100883,197,99737,100,101234,100,99631,100,101251,100,99535,100,101419,100,99457,100,101432,100,,
2019-06-28 10:07:00.000000000,100425,265,100149,265,100474,260,100072,260,100539,260,99954,260,100572,100,99760,100,100878,100,99737,100,100883,100,99631,100,101234,100,99535,100,101251,100,99457,100,101419,100,,,101432,100,,
2019-06-28 10:07:03.212986061,100425,265,100149,165,100474,260,100072,260,100539,260,99954,260,100572,100,99760,100,100878,100,99737,100,100883,100,99631,100,101234,100,99535,100,101251,100,99457,100,101419,100,,,101432,100,,
2019-06-28 10:07:10.000000000,100425,197,100072,197,100474,197,99954,197,100539,197,99760,197,100572,197,99737,197,100878,197,99631,197,100883,100,99535,100,101234,100,99457,100,101251,100,,,101419,100,,,101432,100,,
2019-06-28 10:07:11.214259792,100334,100,100072,197,100425,197,99954,197,100474,197,99760,197,100539,197,99737,197,100572,197,99631,197,100878,197,99535,100,100883,100,99457,100,101234,100,,,101251,100,,,101419,100,,
2019-06-28 10:07:20.000000000,100334,222,100072,222,100425,222,99954,222,100474,222,99760,222,100539,222,99737,222,100572,100,99631,100,100878,100,99535,100,100883,100,99457,100,101234,100,,,101251,100,,,101419,100,,
2019-06-28 10:07:30.000000000,100334,197,100072,197,100425,197,99954,197,100474,197,99760,197,100539,197,99737,197,100572,197,99631,197,100878,100,99535,100,100883,100,99457,100,101234,100,,,101251,100,,,101419,100,,
2019-06-28 10:07:38.947637076,100334,197,100132,100,100425,197,100072,197,100474,197,99954,197,100539,197,99760,197,100572,197,99737,197,100878,100,99631,197,100883,100,99535,100,101234,100,99457,100,101251,100,,,101419,100,,
2019-06-28 10:07:40.000000000,100334,197,100132,197,100425,197,100072,197,100474,197,99954,197,100539,197,99760,197,100572,197,99737,197,100878,100,99631,100,100883,100,99535,100,101234,100,99457,100,101251,100,,,101419,100,,
2019-06-28 10:07:48.147819376,100334,197,100230,100,100425,197,100132,97,100474,197,100072,197,100539,197,99954,197,100572,197,99760,197,100878,100,99737,197,100883,100,99631,100,101234,100,99535,100,101251,100,99457,100,101419,100,,
2019-06-28 10:07:50.000000000,100334,586,100230,586,100425,100,100072,100,100474,100,99954,100,100539,100,99760,100,100572,100,99737,100,100878,100,99631,100,100883,100,99535,100,101234,100,99457,100,101251,100,,,101419,100,,
2019-06-28 10:08:00.000000000,100334,222,100230,222,100425,222,100072,222,100474,222,99954,222,100539,222,99760,222,100572,100,99737,100,100878,100,99631,100,100883,100,99535,100,101234,100,99457,100,101251,100,,,101419,100,,
2019-06-28 10:08:05.685542159,100334,222,100230,222,100425,222,100072,122,100474,222,99954,222,100539,222,99760,222,100572,100,99737,100,100878,100,99631,100,100883,100,99535,100,101234,100,99457,100,101251,100,,,101419,100,,
2019-06-28 10:08:10.000000000,100334,197,100230,197,100425,197,99954,197,100474,197,99760,197,100539,197,99737,197,100572,197,99631,197,100878,100,99535,100,100883,100,99457,100,101234,100,,,101251,100,,,101419,100,,
2019-06-28 10:08:20.000000000,100334,265,100230,265,100425,260,99954,260,100474,260,99760,260,100539,100,99737,100,100572,100,99631,100,100878,100,99535,100,100883,100,99457,100,101234,100,,,101251,100,,,101419,100,,
2019-06-28 10:08:28.756775189,100334,265,100230,265,100425,260,100209,100,100474,260,99954,260,100539,100,99760,260,100572,100,99737,100,100878,100,99631,100,100883,100,99535,100,101234,100,99457,100,101251,100,,,101419,100,,
2019-06-28 10:08:30.000000000,100334,222,100230,222,100425,222,100209,222,100474,222,99954,222,100539,222,99760,222,100572,100,99737,100,100878,100,99631,100,100883,100,99535,100,101234,100,99457,100,101251,100,,,101419,100,,
2019-06-28 10:08:32.376921448,100334,222,100230,222,100425,222,100209,222,100474,222,99954,222,100493,100,99760,222,100539,222,99737,100,100572,100,99631,100,100878,100,99535,100,100883,100,99457,100,101234,100,,,101251,100,,
2019-06-28 10:08:40.000000000,100334,222,100230,222,100425,222,100209,222,100474,222,99954,222,100493,222,99760,222,100539,100,99737,100,100572,100,99631,100,100878,100,99535,100,100883,100,99457,100,101234,100,,,101251,100,,
2019-06-28 10:08:46.658181328,100334,222,100230,122,100425,222,100209,222,100474,222,99954,222,100493,222,99760,222,100539,100,99737,100,100572,100,99631,100,100878,100,99535,100,100883,100,99457,100,101234,100,,,101251,100,,
2019-06-28 10:08:50.000000000,100334,197,100209,197,100425,197,99954,197,100474,197,99760,197,100493,197,99737,197,100539,197,99631,197,100572,100,99535,100,100878,100,99457,100,100883,100,,,101234,100,,,101251,100,,
2019-06-28 10:09:00.000000000,100334,197,100209,197,100425,197,99954,197,100474,197,99760,197,100493,197,99737,197,100539,197,99631,197,100572,100,99535,100,100878,100,99457,100,100883,100,,,101234,100,,,101251,100,,
2019-06-28 10:09:08.536137051,100274,100,100209,197,100334,197,99954,197,100425,197,99760,197,100474,197,99737,197,100493,197,99631,197,100539,197,99535,100,100572,100,99457,100,100878,100,,,100883,100,,,101234,100,,
2019-06-28 10:09:10.000000000,100274,586,100209,586,100334,100,99954,100,100425,100,99760,100,100474,100,99737,100,100493,100,99631,100,100539,100,99535,100,100572,100,99457,100,100878,100,,,100883,100,,,101234,100,,
2019-06-28 10:09:20.000000000,100274,586,100209,586,100334,100,99954,100,100425,100,99760,100,100474,100,99737,100,100493,100,99631,100,100539,100,99535,100,100572,100,99457,100,100878,100,,,100883,100,,,101234,100,,
2019-06-28 10:09:30.000000000,100274,343,100209,343,100334,343,99954,343,100425,100,99760,100,100474,100,99737,100,100493,100,99631,100,100539,100,99535,100,100572,100,99457,100,100878,100,,,100883,100,,,101234,100,,
2019-06-28 10:09:40.000000000,100274,265,100209,265,100334,260,99954,260,100425,260,99760,260,100474,100,99737,100,100493,100,99631,100,100539,100,99535,100,100572,100,99457,100,100878,100,,,100883,100,,,101234,100,,
2019-06-28 10:09:50.000000000,100274,222,100209,222,100334,222,99954,222,100425,222,99760,222,100474,222,99737,222,100493,100,99631,100,100539,100,99535,100,100572,100,99457,100,100878,100,,,100883,100,,,101234,100,,
2019-06-28 10:10:00.000000000,100274,343,100209,343,100334,343,99954,343,100425,100,99760,100,100474,100,99737,100,100493,100,99631,100,100539,100,99535,100,100572,100,99457,100,100878,100,,,100883,100,,,101234,100,,
2019-06-28 10:10:10.000000000,100274,586,100209,586,100334,100,99954,100,100425,100,99760,100,100474,100,99737,100,100493,100,99631,100,100539,100,99535,100,100572,100,99457,100,100878,100,,,100883,100,,,101234,100,,
2019-06-28 10:10:13.860499996,100274,486,100209,586,100334,100,99954,100,100425,100,99737,100,100474,100,99631,100,100493,100,99535,100,100539,100,99457,100,100572,100,,,100878,100,,,100883,100,,,101234,100,,
2019-06-28 10:10:20.000000000,100334,197,100209,197,100425,197,99954,197,100474,197,99737,197,100493,197,99631,197,100539,197,99535,197,100572,100,99457,100,100878,100,,,100883,100,,,101234,100,,,101251,100,,
2019-06-28 10:10:30.000000000,100334,586,100209,586,100425,100,99954,100,100474,100,99737,100,100493,100,99631,100,100539,100,99535,100,100572,100,99457,100,100878,100,,,100883,100,,,101234,100,,,101251,100,,
2019-06-28 10:10:30.231465791,100334,486,100209,586,100425,100,99954,100,100474,100,99737,100,100493,100,99631,100,100539,100,99535,100,100572,100,99457,100,100883,100,,,101234,100,,,101251,100,,,101419,100,,
2019-06-28 10:10:40.000000000,100425,586,100209,586,100474,100,99954,100,100493,100,99737,100,100539,100,99631,100,100572,100,99535,100,100883,100,99457,100,101234,100,,,101251,100,,,101419,100,,,101432,100,,
