,ask_price_1,ask_size_1,bid_price_1,bid_size_1,ask_price_2,ask_size_2,bid_price_2,bid_size_2,ask_price_3,ask_size_3,bid_price_3,bid_size_3,ask_price_4,ask_size_4,bid_price_4,bid_size_4,ask_price_5,ask_size_5,bid_price_5,bid_size_5,ask_price_6,ask_size_6,bid_price_6,bid_size_6,ask_price_7,ask_size_7,bid_price_7,bid_size_7,ask_price_8,ask_size_8,bid_price_8,bid_size_8,ask_price_9,ask_size_9,bid_price_9,bid_size_9,ask_price_10,ask_size_10,bid_price_10,bid_size_10
2019-06-28 09:30:00.000000002,,,99994,100,,,,,,,,,,,,,,,,,,,,,,,,,,,,,,,,,,,,
2019-06-28 09:30:00.000000004,,,99981,100,,,,,,,,,,,,,,,,,,,,,,,,,,,,,,,,,,,,
2019-06-28 09:30:00.000000008,100110,100,99981,100,100144,100,,,,,,,,,,,,,,,,,,,,,,,,,,,,,,,,,,
2019-06-28 09:30:00.000000009,100108,100,,,100110,100,,,100144,100,,,,,,,,,,,,,,,,,,,,,,,,,,,,,,
2019-06-28 09:30:00.000000010,100108,100,99981,100,100110,100,,,100144,100,,,,,,,,,,,,,,,,,,,,,,,,,,,,,,
2019-06-28 09:30:00.000000011,100108,100,99981,100,100110,100,99851,100,100144,100,,,,,,,,,,,,,,,,,,,,,,,,,,,,,,
2019-06-28 09:30:00.000000013,100108,100,100021,100,100110,100,99981,200,100144,100,99851,100,,,,,,,,,,,,,,,,,,,,,,,,,,,,
2019-06-28 09:30:00.000000014,100108,100,99981,200,100110,100,99851,100,100144,100,,,,,,,,,,,,,,,,,,,,,,,,,,,,,,
2019-06-28 09:30:00.000000017,100021,100,99981,200,100108,100,99851,100,100110,100,,,100144,100,,,,,,,,,,,,,,,,,,,,,,,,,,
2019-06-28 09:30:00.000000020,100021,100,99981,200,100077,100,99851,100,100108,100,,,100110,100,,,100144,100,,,,,,,,,,,,,,,,,,,,,,
2019-06-28 09:30:00.000000021,100021,100,100005,100,100075,100,99981,200,100077,100,99851,100,100108,100,,,100110,100,,,100144,100,,,,,,,,,,,,,,,,,,
2019-06-28 09:30:00.000000023,100021,100,100005,100,100075,100,99982,100,100077,100,99981,200,100108,100,99851,100,100110,100,,,100144,100,,,,,,,,,,,,,,,,,,
2019-06-28 09:30:00.000000032,100021,100,100005,100,100075,100,99982,200,100077,100,99981,200,100108,100,99851,100,100110,100,,,100144,100,,,,,,,,,,,,,,,,,,
2019-06-28 09:30:00.000000033,100021,200,100005,100,100055,100,99982,200,100075,100,99981,200,100077,100,99851,100,100108,100,,,100110,100,,,100144,100,,,,,,,,,,,,,,
2019-06-28 09:30:00.000000034,100021,200,100005,100,100055,100,99982,200,100075,100,99981,200,100077,100,99917,100,100108,100,99851,100,100110,100,,,100144,100,,,,,,,,,,,,,,
2019-06-28 09:30:00.000000038,100021,200,100005,100,100055,100,99982,200,100075,100,99981,200,100077,100,99917,100,100108,100,99851,100,100110,100,,,100144,100,,,,,,,,,,,,,,
2019-06-28 09:30:00.000000039,100021,200,100005,100,100055,100,99982,200,100075,100,99981,200,100077,100,99917,100,100108,100,99851,100,100110,100,,,100144,100,,,100265,100,,,,,,,,,,
2019-06-28 09:30:00.000000040,100020,100,100005,100,100021,200,99982,200,100055,100,99981,200,100075,100,99917,100,100077,100,99851,100,100108,100,,,100110,100,,,100144,100,,,100265,100,,,,,,
2019-06-28 09:30:00.000000043,100021,200,100005,100,100055,100,99982,200,100075,100,99981,200,100077,100,99917,100,100108,100,99851,100,100110,100,,,100144,100,,,100265,100,,,,,,,,,,
2019-06-28 09:30:00.000000046,100021,200,100005,100,100055,100,99982,200,100075,100,99981,200,100077,100,99970,100,100108,100,99917,100,100110,100,99851,100,100144,100,,,100265,100,,,,,,,,,,
2019-06-28 09:30:00.000000047,100021,200,100005,100,100055,100,99982,200,100075,100,99981,200,100077,100,99970,100,100088,100,99917,100,100108,100,99851,100,100110,100,,,100144,100,,,100265,100,,,,,,
2019-06-28 09:30:00.000000049,100021,300,99982,200,100055,100,99981,200,100075,100,99970,100,100077,100,99917,100,100088,100,99851,100,100108,100,,,100110,100,,,100144,100,,,100265,100,,,,,,
2019-06-28 09:30:00.000000050,100021,300,100004,100,100055,100,99982,200,100075,100,99981,200,100077,100,99970,100,100088,100,99917,100,100108,100,99851,100,100110,100,,,100144,100,,,100265,100,,,,,,
2019-06-28 09:30:00.000000051,100021,300,100005,100,100055,100,100004,100,100075,100,99982,200,100077,100,99981,200,100088,100,99970,100,100108,100,99917,100,100110,100,99851,100,100144,100,,,100265,100,,,,,,
2019-06-28 09:30:00.000000057,100021,300,100005,100,100055,100,100004,100,100075,100,99982,300,100077,100,99981,200,100088,100,99970,100,100108,100,99917,100,100110,100,99851,100,100144,100,,,100265,100,,,,,,
2019-06-28 09:30:00.000000061,100020,100,100005,100,100021,200,100004,100,100055,100,99982,300,100075,100,99981,200,100077,100,99970,100,100088,100,99917,100,100108,100,99851,100,100110,100,,,100144,100,,,100265,100,,
2019-06-28 09:30:00.000000062,100020,100,100005,100,100021,200,100004,100,100055,100,99982,300,100075,100,99981,200,100077,100,99970,100,100088,100,99934,100,100108,100,99917,100,100110,100,99851,100,100144,100,,,100265,100,,
2019-06-28 09:30:00.000000063,100020,100,100005,100,100021,200,100004,100,100055,100,99982,300,100075,100,99981,200,100077,100,99970,100,100088,100,99934,100,100108,100,99919,100,100110,100,99917,100,100144,100,99851,100,100265,100,,
2019-06-28 09:30:00.000000064,100020,100,100005,100,100021,200,100004,100,100055,100,99982,300,100075,100,99981,200,100077,100,99970,100,100088,100,99934,100,100108,100,99931,100,100110,100,99919,100,100144,100,99917,100,100265,100,99851,100
2019-06-28 09:30:00.000000065,100020,100,100005,100,100021,200,100004,100,100055,100,99982,300,100075,100,99981,200,100077,100,99970,100,100088,100,99934,100,100108,100,99931,100,100110,100,99919,100,100144,100,99917,100,100211,100,99851,100
2019-06-28 09:30:00.000000067,100020,100,100005,100,100021,200,100004,100,100052,100,99982,300,100055,100,99981,200,100075,100,99970,100,100077,100,99934,100,100088,100,99931,100,100108,100,99919,100,100110,100,99917,100,100144,100,99851,100
2019-06-28 09:30:00.000000069,100007,100,100005,100,100020,100,100004,100,100021,200,99982,300,100052,100,99981,200,100055,100,99970,100,100075,100,99934,100,100077,100,99931,100,100088,100,99919,100,100108,100,99917,100,100110,100,99851,100
2019-06-28 09:30:00.000000071,100007,100,100005,100,100020,100,100004,100,100021,200,99982,300,100052,100,99981,200,100055,100,99970,100,100075,100,99939,100,100077,100,99934,100,100087,100,99931,100,100088,100,99919,100,100108,100,99917,100
2019-06-28 09:30:00.000000072,100007,100,100005,100,100020,100,100004,100,100021,200,99982,300,100052,100,99981,200,100055,100,99970,100,100075,100,99939,100,100077,100,99934,100,100087,100,99931,100,100088,100,99919,100,100108,100,99917,100
2019-06-28 09:30:00.000000073,100007,100,100004,100,100020,100,99982,300,100021,200,99981,200,100052,100,99970,100,100055,100,99939,100,100075,100,99934,100,100077,100,99931,100,100087,100,99919,100,100088,100,99917,100,100108,100,99860,100
2019-06-28 09:30:00.000000074,100007,100,100004,100,100020,100,99982,300,100021,200,99981,200,100052,100,99970,100,100055,100,99939,100,100075,100,99934,100,100077,100,99931,100,100087,100,99919,100,100088,100,99917,100,100108,100,99860,100
2019-06-28 09:30:00.000000075,100007,100,100004,100,100020,100,99982,300,100021,200,99981,200,100052,100,99970,100,100055,100,99939,100,100075,100,99934,100,100077,100,99931,100,100087,100,99919,100,100088,100,99917,100,100108,100,99912,100
2019-06-28 09:30:00.000000076,100007,100,100004,100,100020,100,99982,300,100021,200,99981,200,100052,100,99970,100,100055,100,99939,100,100075,100,99934,100,100077,100,99931,100,100087,100,99919,100,100088,100,99917,100,100108,100,99912,100
2019-06-28 09:30:00.000000077,100007,100,100004,100,100020,100,99982,300,100021,200,99981,200,100052,100,99970,100,100055,100,99939,100,100075,100,99934,100,100077,100,99931,100,100087,100,99919,100,100088,100,99917,100,100108,100,99912,100
2019-06-28 09:30:00.000000080,100007,100,100004,100,100020,100,99982,300,100021,200,99981,200,100052,100,99970,100,100055,100,99939,100,100075,100,99934,100,100077,100,99931,100,100087,100,99919,100,100088,100,99917,100,100100,100,99912,100
2019-06-28 09:30:00.000000082,100007,100,100004,100,100019,100,99982,300,100020,100,99981,200,100021,200,99970,100,100052,100,99939,100,100055,100,99934,100,100075,100,99931,100,100077,100,99919,100,100087,100,99917,100,100088,100,99912,100
2019-06-28 09:30:00.000000084,100007,100,100004,100,100019,100,99982,300,100020,100,99981,200,100021,200,99970,100,100052,100,99939,100,100055,100,99934,100,100075,100,99931,100,100077,100,99919,100,100087,100,99917,100,100088,100,99912,100
2019-06-28 09:30:00.000000085,100007,100,100004,100,100019,100,99982,300,100020,100,99981,200,100021,200,99970,100,100052,100,99939,100,100055,100,99934,100,100075,100,99931,100,100077,100,99919,100,100087,100,99917,200,100088,100,99912,100
2019-06-28 09:30:00.000000089,100007,100,100004,100,100019,100,99982,300,100020,100,99981,200,100021,200,99970,100,100052,100,99939,100,100055,100,99934,100,100075,100,99931,100,100077,100,99922,100,100087,100,99919,100,100088,100,99917,200
2019-06-28 09:30:00.000000095,100007,100,100003,100,100019,100,99982,300,100020,100,99981,200,100021,200,99970,100,100052,100,99939,100,100055,100,99934,100,100075,100,99931,100,100077,100,99922,100,100081,100,99919,100,100087,100,99917,200
2019-06-28 09:30:00.000000099,100007,100,99982,300,100019,100,99981,200,100020,100,99970,100,100021,200,99939,100,100052,100,99934,100,100055,100,99931,100,100075,100,99922,100,100077,100,99919,100,100081,100,99917,200,100087,100,99912,200
2019-06-28 09:30:00.962876869,100007,100,99982,300,100019,100,99981,200,100020,100,99970,100,100021,200,99939,100,100052,100,99934,100,100055,100,99931,100,100075,100,99922,100,100077,100,99919,100,100081,100,99917,200,100087,100,99912,200
2019-06-28 09:30:10.000000000,100007,176,99982,376,100019,176,99981,276,100020,176,99970,176,100021,276,99939,176,100052,176,99934,176,100055,100,99931,100,100075,100,99922,100,100077,100,99919,100,100081,100,99917,200,100087,100,99912,200
2019-06-28 09:30:20.000000000,100007,176,99982,376,100019,176,99981,276,100020,176,99970,176,100021,276,99939,176,100052,176,99934,176,100055,100,99931,100,100075,100,99922,100,100077,100,99919,100,100081,100,99917,200,100087,100,99912,200
2019-06-28 09:30:30.000000000,100007,176,99982,376,100019,176,99981,276,100020,176,99970,176,100021,276,99939,176,100052,176,99934,176,100055,100,99931,100,100075,100,99922,100,100077,100,99919,100,100081,100,99917,200,100087,100,99912,200
2019-06-28 09:30:30.970589626,100007,176,99982,276,100019,176,99981,276,100020,176,99970,176,100021,276,99939,176,100052,176,99934,176,100055,100,99931,100,100075,100,99922,100,100077,100,99917,200,100081,100,99912,200,100087,100,99904,100
2019-06-28 09:30:40.000000000,100007,480,99982,580,100019,100,99981,200,100020,100,99970,100,100021,200,99939,100,100052,100,99934,100,100055,100,99931,100,100075,100,99922,100,100077,100,99917,200,100081,100,99912,200,100087,100,99904,100
2019-06-28 09:30:50.000000000,100007,290,99982,390,100019,290,99981,390,100020,100,99970,100,100021,200,99939,100,100052,100,99934,100,100055,100,99931,100,100075,100,99922,100,100077,100,99917,200,100081,100,99912,200,100087,100,99904,100
2019-06-28 09:30:52.898838674,100007,290,99983,100,100019,290,99982,390,100020,100,99981,290,100021,200,99970,100,100052,100,99939,100,100055,100,99934,100,100075,100,99931,100,100077,100,99922,100,100081,100,99917,200,100087,100,99912,200
2019-06-28 09:31:00.000000000,100007,195,99983,195,100019,195,99982,295,100020,195,99981,195,100021,295,99970,195,100052,100,99939,100,100055,100,99934,100,100075,100,99931,100,100077,100,99922,100,100081,100,99917,200,100087,100,99912,200
2019-06-28 09:31:02.094694674,100007,195,99983,195,100019,195,99982,295,100020,195,99981,195,100021,295,99970,195,100052,100,99939,100,100055,100,99934,100,100075,100,99931,100,100077,100,99922,100,100081,100,99917,200,100087,100,99912,200
2019-06-28 09:31:10.000000000,100007,290,99983,290,100019,290,99982,390,100020,100,99981,100,100021,200,99970,100,100052,100,99939,100,100055,100,99934,100,100075,100,99931,100,100077,100,99922,100,100081,100,99917,200,100087,100,99912,200
2019-06-28 09:31:20.000000000,100007,195,99983,195,100019,195,99982,295,100020,195,99981,195,100021,295,99970,195,100052,100,99939,100,100055,100,99934,100,100075,100,99931,100,100077,100,99922,100,100081,100,99917,200,100087,100,99912,200
2019-06-28 09:31:26.391019963,100007,195,99983,195,100019,195,99982,295,100020,195,99981,195,100021,295,99970,195,100052,100,99939,100,100055,100,99934,100,100075,100,99931,100,100077,100,99922,100,100081,100,99917,200,100087,100,99912,200
2019-06-28 09:31:30.000000000,100007,229,99983,229,100019,225,99982,325,100020,225,99981,225,100021,200,99970,100,100052,100,99939,100,100055,100,99934,100,100075,100,99931,100,100077,100,99922,100,100081,100,99917,200,100087,100,99912,200
2019-06-28 09:31:40.000000000,100007,290,99983,290,100019,290,99982,390,100020,100,99981,100,100021,200,99970,100,100052,100,99939,100,100055,100,99934,100,100075,100,99931,100,100077,100,99922,100,100081,100,99917,200,100087,100,99912,200
2019-06-28 09:31:50.000000000,100007,290,99983,290,100019,290,99982,390,100020,100,99981,100,100021,200,99970,100,100052,100,99939,100,100055,100,99934,100,100075,100,99931,100,100077,100,99922,100,100081,100,99917,200,100087,100,99912,200
2019-06-28 09:32:00.000000000,100007,176,99983,176,100019,176,99982,276,100020,176,99981,176,100021,276,99970,176,100052,176,99939,176,100055,100,99934,100,100075,100,99931,100,100077,100,99922,100,100081,100,99917,200,100087,100,99912,200
2019-06-28 09:32:00.185735402,100007,76,99983,176,100019,176,99982,276,100020,176,99981,176,100021,276,99970,176,100052,176,99939,176,100055,100,99934,100,100075,100,99931,100,100077,100,99922,100,100081,100,99917,200,100087,100,99912,200
2019-06-28 09:32:07.503611270,100007,76,99983,176,100019,176,99982,276,100020,176,99981,176,100021,276,99970,176,100052,176,99939,176,100055,100,99934,100,100075,100,99931,100,100077,100,99922,100,100081,100,99917,200,100087,100,99912,200
2019-06-28 09:32:10.000000000,100019,290,99983,290,100020,290,99982,390,100021,200,99981,100,100052,100,99970,100,100055,100,99939,100,100075,100,99934,100,100077,100,99931,100,100081,100,99922,100,100087,100,99917,200,100088,100,99912,200
2019-06-28 09:32:20.000000000,100019,480,99983,480,100020,100,99982,200,100021,200,99981,100,100052,100,99970,100,100055,100,99939,100,100075,100,99934,100,100077,100,99931,100,100081,100,99922,100,100087,100,99917,200,100088,100,99912,200
2019-06-28 09:32:26.106202887,100019,480,99983,480,100020,100,99982,200,100021,200,99981,100,100052,100,99970,100,100055,100,99939,100,100075,100,99934,100,100077,100,99931,100,100081,100,99922,100,100087,100,99917,200,100088,100,99912,200
2019-06-28 09:32:30.000000000,100019,480,99983,480,100020,100,99982,200,100021,200,99981,100,100052,100,99970,100,100055,100,99939,100,100075,100,99934,100,100077,100,99931,100,100081,100,99922,100,100087,100,99917,200,100088,100,99912,200
2019-06-28 09:32:32.835390992,100019,480,99983,480,100020,100,99982,200,100021,200,99981,100,100052,100,99970,100,100055,100,99940,100,100075,100,99939,100,100077,100,99934,100,100081,100,99931,100,100087,100,99922,100,100088,100,99917,200
2019-06-28 09:32:40.000000000,100019,195,99983,195,100020,195,99982,295,100021,295,99981,195,100052,195,99970,195,100055,100,99940,100,100075,100,99939,100,100077,100,99934,100,100081,100,99931,100,100087,100,99922,100,100088,100,99917,200
2019-06-28 09:32:50.000000000,100019,480,99983,480,100020,100,99982,200,100021,200,99981,100,100052,100,99970,100,100055,100,99940,100,100075,100,99939,100,100077,100,99934,100,100081,100,99931,100,100087,100,99922,100,100088,100,99917,200
2019-06-28 09:32:52.365297179,100019,480,99984,100,100020,100,99983,480,100021,100,99982,200,100052,100,99981,100,100055,100,99970,100,100075,100,99940,100,100077,100,99939,100,100081,100,99934,100,100087,100,99931,100,100088,100,99922,100
2019-06-28 09:32:54.690851926,100019,480,99984,100,100020,100,99983,480,100021,100,99982,200,100052,100,99981,100,100055,100,99970,100,100075,100,99940,100,100077,100,99939,100,100081,100,99934,100,100087,100,99931,100,100088,100,99922,100
2019-06-28 09:33:00.000000000,100019,229,99984,229,100020,225,99983,225,100021,225,99982,325,100052,100,99981,100,100055,100,99970,100,100075,100,99940,100,100077,100,99939,100,100081,100,99934,100,100087,100,99931,100,100088,100,99922,100
2019-06-28 09:33:00.864834095,99993,100,99984,229,100019,229,99983,225,100020,225,99982,325,100021,225,99981,100,100052,100,99970,100,100055,100,99940,100,100075,100,99939,100,100077,100,99934,100,100081,100,99931,100,100087,100,99922,100
2019-06-28 09:33:06.892500290,99993,100,99984,229,100019,229,99983,225,100020,225,99982,325,100021,225,99981,100,100052,100,99970,100,100055,100,99940,100,100075,100,99939,100,100077,100,99934,100,100081,100,99931,100,100087,100,99922,100
2019-06-28 09:33:10.000000000,99993,229,99984,229,100019,225,99983,225,100020,225,99982,325,100021,100,99981,100,100052,100,99970,100,100055,100,99940,100,100075,100,99939,100,100077,100,99934,100,100081,100,99931,100,100087,100,99922,100
2019-06-28 09:33:14.051231877,99993,229,99984,229,100019,225,99983,225,100020,225,99982,325,100021,100,99981,100,100052,100,99970,100,100055,200,99940,100,100075,100,99939,100,100077,100,99934,100,100081,100,99931,100,100087,100,99922,100
2019-06-28 09:33:14.333674184,99993,229,99984,229,100019,225,99983,225,100020,225,99982,325,100021,100,99981,100,100052,100,99970,100,100055,200,99940,100,100075,100,99939,100,100077,100,99934,100,100081,100,99931,100,100087,100,99922,100
2019-06-28 09:33:20.000000000,99993,176,99984,176,100019,176,99983,176,100020,176,99982,276,100021,176,99981,176,100052,176,99970,176,100055,200,99940,100,100075,100,99939,100,100077,100,99934,100,100081,100,99931,100,100087,100,99922,100
2019-06-28 09:33:20.655103321,99993,176,99984,276,100019,176,99983,176,100020,176,99982,276,100021,176,99981,176,100052,176,99970,176,100055,200,99940,100,100075,100,99939,100,100077,100,99934,100,100081,100,99931,100,100087,100,99922,100
2019-06-28 09:33:29.990654233,99993,176,99984,376,100019,176,99983,176,100020,176,99982,276,100021,176,99981,76,100052,176,99970,176,100055,200,99940,100,100075,100,99939,100,100077,100,99934,100,100081,100,99931,100,100087,100,99922,100
2019-06-28 09:33:30.000000000,99993,290,99984,490,100019,290,99983,290,100020,100,99982,200,100021,100,99970,100,100052,100,99940,100,100055,200,99939,100,100075,100,99934,100,100077,100,99931,100,100081,100,99922,100,100087,100,99917,200
2019-06-28 09:33:38.157582534,99993,190,99984,490,100019,290,99983,290,100020,100,99982,200,100021,100,99970,100,100052,100,99940,100,100055,200,99939,100,100075,100,99934,100,100077,100,99931,100,100081,100,99922,100,100087,100,99917,200
2019-06-28 09:33:40.000000000,100019,480,99984,680,100020,100,99983,100,100021,100,99982,200,100052,100,99970,100,100055,200,99940,100,100075,100,99939,100,100077,100,99934,100,100081,100,99931,100,100087,100,99922,100,100088,100,99917,200
2019-06-28 09:33:43.319323799,99992,100,99984,680,100019,480,99983,100,100020,100,99982,200,100021,100,99970,100,100052,100,99940,100,100055,200,99939,100,100075,100,99934,100,100077,100,99931,100,100081,100,99922,100,100087,100,99917,200
2019-06-28 09:33:47.018418403,99992,100,99984,680,100019,480,99983,100,100020,100,99982,200,100021,100,99970,100,100052,100,99940,100,100055,200,99939,100,100075,100,99934,100,100077,100,99931,100,100081,100,99922,100,100087,100,99917,200
2019-06-28 09:33:50.000000000,99992,480,99984,680,100019,100,99983,100,100020,100,99982,200,100021,100,99970,100,100052,100,99940,100,100055,200,99939,100,100075,100,99934,100,100077,100,99931,100,100081,100,99922,100,100087,100,99917,200
2019-06-28 09:33:55.642654336,99992,480,99984,680,100019,100,99983,100,100020,100,99982,200,100021,100,99970,100,100052,100,99940,100,100055,200,99939,100,100075,100,99934,100,100077,100,99931,100,100081,100,99922,100,100087,100,99917,200
2019-06-28 09:34:00.000000000,99992,229,99984,429,100019,225,99983,225,100020,225,99982,325,100021,100,99970,100,100052,100,99940,100,100055,200,99939,100,100075,100,99934,100,100077,100,99931,100,100081,100,99922,100,100087,100,99917,200
2019-06-28 09:34:00.160065992,99992,129,99984,429,100019,225,99983,225,100020,225,99982,225,100021,100,99970,100,100052,100,99940,100,100055,200,99939,100,100075,100,99934,100,100077,100,99931,100,100081,100,99922,100,100087,100,99917,200
2019-06-28 09:34:04.069428484,99992,29,99984,429,100019,225,99983,225,100020,225,99982,225,100021,100,99970,100,100052,100,99940,100,100055,200,99939,100,100075,100,99934,100,100077,100,99931,100,100081,100,99922,100,100087,100,99917,200
2019-06-28 09:34:10.000000000,100019,195,99984,395,100020,195,99983,195,100021,195,99982,195,100052,195,99970,195,100055,200,99940,100,100075,100,99939,100,100077,100,99934,100,100081,100,99931,100,100087,100,99922,100,100088,100,99917,200
2019-06-28 09:34:10.418392276,100019,195,99984,395,100020,195,99983,195,100021,195,99982,195,100052,195,99970,195,100055,200,99940,100,100075,100,99939,100,100077,100,99934,100,100081,100,99931,100,100087,100,99922,100,100088,100,99917,200
2019-06-28 09:34:20.000000000,100019,480,99984,680,100020,100,99983,100,100021,100,99982,100,100052,100,99970,100,100055,200,99940,100,100075,100,99939,100,100077,100,99934,100,100081,100,99931,100,100087,100,99922,100,100088,100,99917,200
2019-06-28 09:34:30.000000000,100019,176,99984,376,100020,176,99983,176,100021,176,99982,176,100052,176,99970,176,100055,276,99940,176,100075,100,99939,100,100077,100,99934,100,100081,100,99931,100,100087,100,99922,100,100088,100,99917,200
2019-06-28 09:34:40.000000000,100019,229,99984,429,100020,225,99983,225,100021,225,99982,225,100052,100,99970,100,100055,200,99940,100,100075,100,99939,100,100077,100,99934,100,100081,100,99931,100,100087,100,99922,100,100088,100,99917,200
2019-06-28 09:34:50.000000000,100019,176,99984,376,100020,176,99983,176,100021,176,99982,176,100052,176,99970,176,100055,276,99940,176,100075,100,99939,100,100077,100,99934,100,100081,100,99931,100,100087,100,99922,100,100088,100,99917,200
2019-06-28 09:35:00.000000000,100019,176,99984,376,100020,176,99983,176,100021,176,99982,176,100052,176,99970,176,100055,276,99940,176,100075,100,99939,100,100077,100,99934,100,100081,100,99931,100,100087,100,99922,100,100088,100,99917,200
2019-06-28 09:35:09.486973990,100019,176,99984,376,100020,176,99983,176,100021,176,99982,176,100052,176,99970,176,100055,276,99940,176,100075,100,99939,100,100077,100,99934,100,100081,100,99931,100,100087,100,99922,100,100088,100,99917,100
2019-06-28 09:35:10.000000000,100019,229,99984,429,100020,225,99983,225,100021,225,99982,225,100052,100,99970,100,100055,200,99940,100,100075,100,99939,100,100077,100,99934,100,100081,100,99931,100,100087,100,99922,100,100088,100,99917,100
2019-06-28 09:35:20.000000000,100019,195,99984,395,100020,195,99983,195,100021,195,99982,195,100052,195,99970,195,100055,200,99940,100,100075,100,99939,100,100077,100,99934,100,100081,100,99931,100,100087,100,99922,100,100088,100,99917,100
2019-06-28 09:35:30.000000000,100019,176,99984,376,100020,176,99983,176,100021,176,99982,176,100052,176,99970,176,100055,276,99940,176,100075,100,99939,100,100077,100,99934,100,100081,100,99931,100,100087,100,99922,100,100088,100,99917,100
2019-06-28 09:35:40.000000000,100019,229,99984,429,100020,225,99983,225,100021,225,99982,225,100052,100,99970,100,100055,200,99940,100,100075,100,99939,100,100077,100,99934,100,100081,100,99931,100,100087,100,99922,100,100088,100,99917,100
2019-06-28 09:35:50.000000000,100019,229,99984,429,100020,225,99983,225,100021,225,99982,225,100052,100,99970,100,100055,200,99940,100,100075,100,99939,100,100077,100,99934,100,100081,100,99931,100,100087,100,99922,100,100088,100,99917,100
2019-06-28 09:35:50.601868088,100019,129,99984,429,100020,225,99983,225,100021,225,99982,225,100052,100,99970,100,100055,100,99940,100,100075,100,99939,100,100077,100,99934,100,100081,100,99931,100,100087,100,99922,100,100088,100,99917,100
2019-06-28 09:36:00.000000000,100020,195,99984,395,100021,195,99983,195,100052,195,99982,195,100055,195,99970,195,100075,100,99940,100,100077,100,99939,100,100081,100,99934,100,100087,100,99931,100,100088,100,99922,100,100103,100,99917,100
2019-06-28 09:36:03.965720404,100020,195,99984,395,100021,195,99983,195,100052,195,99982,195,100055,195,99970,195,100075,100,99940,100,100077,100,99939,100,100081,100,99934,100,100087,100,99931,100,100088,100,99922,100,100103,100,99917,100
2019-06-28 09:36:10.000000000,100020,176,99984,376,100021,176,99983,176,100052,176,99982,176,100055,176,99970,176,100075,176,99940,176,100077,100,99939,100,100081,100,99934,100,100087,100,99931,100,100088,100,99922,100,100103,100,99917,100
2019-06-28 09:36:19.995542649,100020,176,99984,376,100021,176,99983,176,100052,176,99982,176,100055,176,99970,176,100075,176,99940,176,100077,100,99939,100,100081,100,99934,100,100087,100,99931,100,100088,100,99922,100,100103,100,99917,100
2019-06-28 09:36:20.000000000,100020,195,99984,395,100021,195,99983,195,100052,195,99982,195,100055,195,99970,195,100075,100,99940,100,100077,100,99939,100,100081,100,99934,100,100087,100,99931,100,100088,100,99922,100,100103,100,99917,100
2019-06-28 09:36:24.382463478,100020,95,99984,395,100021,195,99983,195,100052,195,99982,195,100055,195,99970,195,100075,100,99940,100,100077,100,99939,100,100081,100,99934,100,100087,100,99931,100,100088,100,99922,100,100103,100,99917,100
2019-06-28 09:36:30.000000000,100021,195,99984,395,100052,195,99983,195,100055,195,99982,195,100075,195,99970,195,100077,100,99940,100,100081,100,99939,100,100087,100,99934,100,100088,100,99931,100,100103,100,99922,100,100108,100,99917,100
2019-06-28 09:36:40.000000000,100021,176,99984,376,100052,176,99983,176,100055,176,99982,176,100075,176,99970,176,100077,176,99940,176,100081,100,99939,100,100087,100,99934,100,100088,100,99931,100,100103,100,99922,100,100108,100,99917,100
2019-06-28 09:36:45.618117940,100021,76,99984,376,100052,176,99983,176,100055,176,99982,176,100075,176,99970,176,100077,176,99940,176,100081,100,99939,100,100087,100,99934,100,100088,100,99931,100,100103,100,99922,100,100108,100,99917,100
2019-06-28 09:36:46.877779777,100021,76,99984,376,100052,176,99983,176,100055,176,99982,176,100075,176,99970,176,100077,176,99940,176,100081,100,99939,100,100087,100,99934,100,100088,100,99931,100,100103,100,99922,100,100108,100,99917,100
2019-06-28 09:36:47.449316130,100052,176,100021,24,100055,176,99984,376,100075,176,99983,176,100077,176,99982,176,100081,100,99970,176,100087,100,99940,176,100088,100,99939,100,100103,100,99934,100,100108,100,99931,100,100161,100,99922,100
2019-06-28 09:36:50.000000000,100052,229,100021,153,100055,225,99984,425,100075,225,99983,225,100077,100,99982,100,100081,100,99970,100,100087,100,99940,100,100088,100,99939,100,100103,100,99934,100,100108,100,99931,100,100161,100,99922,100
2019-06-28 09:37:00.000000000,100052,195,100021,119,100055,195,99984,395,100075,195,99983,195,100077,195,99982,195,100081,100,99970,100,100087,100,99940,100,100088,100,99939,100,100103,100,99934,100,100108,100,99931,100,100161,100,99922,100
2019-06-28 09:37:08.056512659,100052,195,100021,119,100055,195,99984,395,100075,195,99983,195,100077,195,99982,195,100081,100,99970,100,100087,100,99940,100,100088,100,99939,100,100103,100,99934,100,100108,100,99931,100,100161,100,99922,100
2019-06-28 09:37:10.000000000,100052,195,100021,119,100055,195,99984,395,100075,195,99983,195,100077,195,99982,195,100081,100,99970,100,100087,100,99940,100,100088,100,99939,100,100103,100,99934,100,100108,100,99931,100,100161,100,99922,100
2019-06-28 09:37:20.000000000,100052,176,100021,100,100055,176,99984,376,100075,176,99983,176,100077,176,99982,176,100081,176,99970,176,100087,100,99940,100,100088,100,99939,100,100103,100,99934,100,100108,100,99931,100,100161,100,99922,100
2019-06-28 09:37:30.000000000,100052,229,100021,153,100055,225,99984,425,100075,225,99983,225,100077,100,99982,100,100081,100,99970,100,100087,100,99940,100,100088,100,99939,100,100103,100,99934,100,100108,100,99931,100,100161,100,99922,100
2019-06-28 09:37:31.918950137,100052,229,100021,153,100055,225,99984,425,100075,225,99983,225,100077,100,99982,100,100081,100,99970,100,100087,100,99940,100,100088,100,99939,100,100103,100,99931,100,100108,100,99922,100,100161,100,99917,100
2019-06-28 09:37:40.000000000,100052,290,100021,214,100055,290,99984,490,100075,100,99983,100,100077,100,99982,100,100081,100,99970,100,100087,100,99940,100,100088,100,99939,100,100103,100,99931,100,100108,100,99922,100,100161,100,99917,100
2019-06-28 09:37:50.000000000,100052,195,100021,119,100055,195,99984,395,100075,195,99983,195,100077,195,99982,195,100081,100,99970,100,100087,100,99940,100,100088,100,99939,100,100103,100,99931,100,100108,100,99922,100,100161,100,99917,100
2019-06-28 09:37:51.076603035,100052,195,100021,119,100055,195,99984,395,100075,195,99983,195,100077,195,99982,195,100081,100,99970,100,100087,100,99940,100,100088,100,99939,100,100103,100,99931,100,100108,100,99922,100,100161,100,99917,100
2019-06-28 09:38:00.000000000,100052,229,100021,153,100055,225,99984,425,100075,225,99983,225,100077,100,99982,100,100081,100,99970,100,100087,100,99940,100,100088,100,99939,100,100103,100,99931,100,100108,100,99922,100,100161,100,99917,100
2019-06-28 09:38:08.545750041,100052,129,100021,153,100055,225,99984,425,100075,225,99983,225,100077,100,99982,100,100081,100,99970,100,100087,100,99940,100,100088,100,99939,100,100103,100,99931,100,100108,100,99922,100,100161,100,99917,100
2019-06-28 09:38:10.000000000,100055,176,100021,100,100075,176,99984,376,100077,176,99983,176,100081,176,99982,176,100087,176,99970,176,100088,100,99940,100,100103,100,99939,100,100108,100,99931,100,100161,100,99922,100,100211,100,99917,100
2019-06-28 09:38:15.351461996,100055,176,100022,100,100075,176,100021,100,100077,176,99984,376,100081,176,99983,176,100087,176,99982,176,100088,100,99970,176,100103,100,99940,100,100108,100,99939,100,100161,100,99931,100,100211,100,99922,100
2019-06-28 09:38:20.000000000,100055,229,100022,229,100075,225,100021,149,100077,225,99984,425,100081,100,99983,100,100087,100,99982,100,100088,100,99970,100,100103,100,99940,100,100108,100,99939,100,100161,100,99931,100,100211,100,99922,100
2019-06-28 09:38:30.000000000,100055,480,100022,480,100075,100,100021,24,100077,100,99984,300,100081,100,99983,100,100087,100,99982,100,100088,100,99970,100,100103,100,99940,100,100108,100,99939,100,100161,100,99931,100,100211,100,99922,100
2019-06-28 09:38:40.000000000,100055,229,100022,229,100075,225,100021,149,100077,225,99984,425,100081,100,99983,100,100087,100,99982,100,100088,100,99970,100,100103,100,99940,100,100108,100,99939,100,100161,100,99931,100,100211,100,99922,100
2019-06-28 09:38:46.210173088,100055,229,100022,229,100075,225,100021,149,100077,225,99984,325,100081,100,99983,100,100087,100,99982,100,100088,100,99970,100,100103,100,99940,100,100108,100,99939,100,100161,100,99931,100,100211,100,99922,100
2019-06-28 09:38:50.000000000,100055,229,100022,229,100075,225,100021,149,100077,225,99984,325,100081,100,99983,100,100087,100,99982,100,100088,100,99970,100,100103,100,99940,100,100108,100,99939,100,100161,100,99931,100,100211,100,99922,100
2019-06-28 09:38:55.929822878,100055,129,100022,229,100075,225,100021,149,100077,225,99984,325,100081,100,99983,100,100087,100,99982,100,100088,100,99970,100,100103,100,99940,100,100108,100,99939,100,100161,100,99931,100,100211,100,99922,100
2019-06-28 09:38:57.318014829,100055,29,100022,229,100075,225,100021,149,100077,225,99984,325,100081,100,99983,100,100087,100,99982,100,100088,100,99970,100,100103,100,99940,100,100108,100,99939,100,100161,100,99931,100,100211,100,99922,100
2019-06-28 09:38:59.452497456,100075,225,100055,71,100077,225,100022,229,100081,100,100021,149,100087,100,99984,325,100088,100,99983,100,100103,100,99982,100,100108,100,99970,100,100161,100,99940,100,100211,100,99939,100,100224,100,99931,100
2019-06-28 09:39:00.000000000,100075,480,100055,451,100077,100,100022,100,100081,100,100021,24,100087,100,99984,200,100088,100,99983,100,100103,100,99982,100,100108,100,99970,100,100161,100,99940,100,100211,100,99939,100,100224,100,99931,100
2019-06-28 09:39:10.000000000,100075,480,100055,451,100077,100,100022,100,100081,100,100021,24,100087,100,99984,200,100088,100,99983,100,100103,100,99982,100,100108,100,99970,100,100161,100,99940,100,100211,100,99939,100,100224,100,99931,100
2019-06-28 09:39:12.333478740,100075,480,100055,551,100077,100,100022,100,100081,100,100021,24,100087,100,99984,200,100088,100,99983,100,100103,100,99982,100,100108,100,99970,100,100161,100,99940,100,100211,100,99939,100,100224,100,99931,100
2019-06-28 09:39:13.780631921,100075,380,100055,551,100077,100,100022,100,100081,100,100021,24,100087,100,99984,200,100088,100,99983,100,100103,100,99982,100,100108,100,99970,100,100161,100,99940,100,100211,100,99939,100,100224,100,99931,100
2019-06-28 09:39:20.000000000,100077,480,100055,551,100081,100,100022,100,100087,100,100021,24,100088,100,99984,200,100103,100,99983,100,100108,100,99982,100,100161,100,99970,100,100211,100,99940,100,100224,100,99939,100,100234,100,99931,100
2019-06-28 09:39:28.227910905,100077,480,100055,551,100081,100,100022,100,100087,100,100021,24,100088,100,99984,200,100103,100,99983,100,100108,100,99982,100,100161,100,99970,100,100211,100,99940,100,100224,100,99939,100,100261,100,99931,100
2019-06-28 09:39:30.000000000,100077,480,100055,551,100081,100,100022,100,100087,100,100021,24,100088,100,99984,200,100103,100,99983,100,100108,100,99982,100,100161,100,99970,100,100211,100,99940,100,100224,100,99939,100,100261,100,99931,100
2019-06-28 09:39:38.746651587,100077,480,100076,100,100081,100,100055,551,100087,100,100022,100,100088,100,100021,24,100103,100,99984,200,100108,100,99983,100,100161,100,99982,100,100211,100,99970,100,100224,100,99940,100,100261,100,99939,100
2019-06-28 09:39:40.000000000,100077,290,100076,290,100081,290,100055,361,100087,100,100022,100,100088,100,100021,24,100103,100,99984,200,100108,100,99983,100,100161,100,99982,100,100211,100,99970,100,100224,100,99940,100,100261,100,99939,100
2019-06-28 09:39:45.599411561,100077,290,100076,190,100081,290,100055,361,100087,100,100022,100,100088,100,100021,24,100103,100,99984,200,100108,100,99983,100,100161,100,99982,100,100211,100,99970,100,100224,100,99940,100,100261,100,99939,100
2019-06-28 09:39:50.000000000,100077,290,100055,361,100081,290,100022,290,100087,100,100021,24,100088,100,99984,200,100103,100,99983,100,100108,100,99982,100,100161,100,99970,100,100211,100,99940,100,100224,100,99939,100,100261,100,99931,100
2019-06-28 09:40:00.000000000,100077,176,100055,247,100081,176,100022,176,100087,176,100021,100,100088,176,99984,276,100103,176,99983,176,100108,100,99982,100,100161,100,99970,100,100211,100,99940,100,100224,100,99939,100,100261,100,99931,100
2019-06-28 09:40:03.297601821,100077,176,100055,147,100081,176,100022,176,100087,176,100021,100,100088,176,99984,276,100103,176,99983,176,100108,100,99982,100,100161,100,99970,100,100211,100,99940,100,100224,100,99939,100,100261,100,99931,100
2019-06-28 09:40:10.000000000,100077,176,100055,147,100081,176,100022,176,100087,176,100021,100,100088,176,99984,276,100103,176,99983,176,100108,100,99982,100,100161,100,99970,100,100211,100,99940,100,100224,100,99939,100,100261,100,99931,100
2019-06-28 09:40:20.000000000,100077,480,100055,451,100081,100,100022,100,100087,100,100021,24,100088,100,99984,200,100103,100,99983,100,100108,100,99982,100,100161,100,99970,100,100211,100,99940,100,100224,100,99939,100,100261,100,99931,100
2019-06-28 09:40:24.919345830,100077,480,100055,451,100081,100,100022,100,100087,100,100021,24,100088,100,99984,200,100103,100,99983,100,100161,100,99982,100,100211,100,99970,100,100224,100,99940,100,100261,100,99939,100,100265,100,99931,100
2019-06-28 09:40:30.000000000,100077,176,100055,147,100081,176,100022,176,100087,176,100021,100,100088,176,99984,276,100103,176,99983,176,100161,100,99982,100,100211,100,99970,100,100224,100,99940,100,100261,100,99939,100,100265,100,99931,100
2019-06-28 09:40:40.000000000,100077,229,100055,200,100081,225,100022,225,100087,225,100021,149,100088,100,99984,200,100103,100,99983,100,100161,100,99982,100,100211,100,99970,100,100224,100,99940,100,100261,100,99939,100,100265,100,99931,100
2019-06-28 09:40:50.000000000,100077,480,100055,451,100081,100,100022,100,100087,100,100021,24,100088,100,99984,200,100103,100,99983,100,100161,100,99982,100,100211,100,99970,100,100224,100,99940,100,100261,100,99939,100,100265,100,99931,100
2019-06-28 09:40:52.946555433,100077,480,100055,351,100081,100,100022,100,100087,100,100021,24,100088,100,99984,200,100103,100,99983,100,100161,100,99982,100,100211,100,99970,100,100224,100,99940,100,100261,100,99939,100,100265,100,99931,100
2019-06-28 09:41:00.000000000,100077,229,100022,229,100081,225,100021,149,100087,225,99984,325,100088,100,99983,100,100103,100,99982,100,100161,100,99970,100,100211,100,99940,100,100224,100,99939,100,100261,100,99931,100,100265,100,99922,100
2019-06-28 09:41:10.000000000,100077,480,100022,480,100081,100,100021,24,100087,100,99984,200,100088,100,99983,100,100103,100,99982,100,100161,100,99970,100,100211,100,99940,100,100224,100,99939,100,100261,100,99931,100,100265,100,99922,100
2019-06-28 09:41:20.000000000,100077,290,100022,290,100081,290,100021,214,100087,100,99984,200,100088,100,99983,100,100103,100,99982,100,100161,100,99970,100,100211,100,99940,100,100224,100,99939,100,100261,100,99931,100,100265,100,99922,100
2019-06-28 09:41:30.000000000,100077,195,100022,195,100081,195,100021,119,100087,195,99984,295,100088,195,99983,195,100103,100,99982,100,100161,100,99970,100,100211,100,99940,100,100224,100,99939,100,100261,100,99931,100,100265,100,99922,100
2019-06-28 09:41:33.614799536,100055,100,100022,195,100077,195,100021,119,100081,195,99984,295,100087,195,99983,195,100088,195,99982,100,100103,100,99970,100,100161,100,99940,100,100211,100,99939,100,100224,100,99931,100,100261,100,99922,100
2019-06-28 09:41:40.000000000,100055,229,100022,229,100077,225,100021,149,100081,225,99984,325,100087,100,99983,100,100088,100,99982,100,100103,100,99970,100,100161,100,99940,100,100211,100,99939,100,100224,100,99931,100,100261,100,99922,100
2019-06-28 09:41:50.000000000,100055,229,100022,229,100077,225,100021,149,100081,225,99984,325,100087,100,99983,100,100088,100,99982,100,100103,100,99970,100,100161,100,99940,100,100211,100,99939,100,100224,100,99931,100,100261,100,99922,100
2019-06-28 09:42:00.000000000,100055,290,100022,290,100077,290,100021,214,100081,100,99984,200,100087,100,99983,100,100088,100,99982,100,100103,100,99970,100,100161,100,99940,100,100211,100,99939,100,100224,100,99931,100,100261,100,99922,100
2019-06-28 09:42:06.309914680,100055,290,100022,290,100077,290,100021,214,100081,100,99984,200,100087,100,99983,100,100088,100,99982,100,100103,100,99970,100,100161,100,99940,100,100211,100,99939,100,100224,100,99931,100,100261,100,99922,100
2019-06-28 09:42:10.000000000,100055,176,100022,176,100077,176,100021,100,100081,176,99984,276,100087,176,99983,176,100088,176,99982,176,100103,100,99970,100,100161,100,99940,100,100211,100,99939,100,100224,100,99931,100,100261,100,99922,100
2019-06-28 09:42:20.000000000,100055,176,100022,176,100077,176,100021,100,100081,176,99984,276,100087,176,99983,176,100088,176,99982,176,100103,100,99970,100,100161,100,99940,100,100211,100,99939,100,100224,100,99931,100,100261,100,99922,100
2019-06-28 09:42:20.279404501,100055,176,100022,176,100077,176,100021,100,100081,176,99984,276,100087,176,99983,176,100088,176,99982,176,100103,100,99970,100,100161,100,99940,100,100211,100,99939,100,100224,100,99931,100,100261,100,99922,100
2019-06-28 09:42:30.000000000,100055,229,100022,229,100077,225,100021,149,100081,225,99984,325,100087,100,99983,100,100088,100,99982,100,100103,100,99970,100,100161,100,99940,100,100211,100,99939,100,100224,100,99931,100,100261,100,99922,100
2019-06-28 09:42:38.178449681,100055,229,100022,229,100077,225,100021,149,100081,225,99984,325,100087,100,99983,100,100088,100,99982,100,100103,100,99970,100,100161,100,99940,100,100211,100,99939,100,100224,100,99931,100,100261,100,99922,100
2019-06-28 09:42:40.000000000,100055,229,100022,229,100077,225,100021,149,100081,225,99984,325,100087,100,99983,100,100088,100,99982,100,100103,100,99970,100,100161,100,99940,100,100211,100,99939,100,100224,100,99931,100,100261,100,99922,100
2019-06-28 09:42:44.313188683,100055,229,100022,229,100077,225,100021,149,100081,225,99984,325,100087,100,99983,100,100088,100,99982,100,100103,100,99970,100,100161,100,99940,100,100224,100,99939,100,100261,100,99931,100,100265,100,99922,100
2019-06-28 09:42:50.000000000,100055,480,100022,480,100077,100,100021,24,100081,100,99984,200,100087,100,99983,100,100088,100,99982,100,100103,100,99970,100,100161,100,99940,100,100224,100,99939,100,100261,100,99931,100,100265,100,99922,100
2019-06-28 09:42:58.597063062,100055,480,100022,480,100077,100,100021,24,100081,100,99984,200,100087,100,99983,100,100088,100,99970,100,100103,100,99940,100,100161,100,99939,100,100224,100,99931,100,100261,100,99922,100,100265,100,99917,100
2019-06-28 09:43:00.000000000,100055,229,100022,229,100077,225,100021,149,100081,225,99984,325,100087,100,99983,100,100088,100,99970,100,100103,100,99940,100,100161,100,99939,100,100224,100,99931,100,100261,100,99922,100,100265,100,99917,100
2019-06-28 09:43:10.000000000,100055,290,100022,290,100077,290,100021,214,100081,100,99984,200,100087,100,99983,100,100088,100,99970,100,100103,100,99940,100,100161,100,99939,100,100224,100,99931,100,100261,100,99922,100,100265,100,99917,100
2019-06-28 09:43:14.670402421,100055,290,100022,190,100077,290,100021,214,100081,100,99984,200,100087,100,99983,100,100088,100,99970,100,100103,100,99940,100,100161,100,99939,100,100261,100,99931,100,100265,100,99922,100,100331,100,99917,100
2019-06-28 09:43:20.000000000,100055,480,100021,404,100077,100,99984,200,100081,100,99983,100,100087,100,99970,100,100088,100,99940,100,100103,100,99939,100,100161,100,99931,100,100261,100,99922,100,100265,100,99917,100,100331,100,99904,100
2019-06-28 09:43:27.193450338,100055,480,100021,404,100077,100,99984,200,100081,100,99983,100,100087,100,99970,100,100088,100,99939,100,100103,100,99931,100,100161,100,99922,100,100261,100,99917,100,100265,100,99904,100,100331,100,99877,100
2019-06-28 09:43:29.860841227,100055,480,100021,404,100077,100,99984,200,100081,100,99983,100,100087,100,99970,100,100088,100,99939,100,100103,100,99931,100,100161,100,99922,100,100261,100,99917,100,100265,100,99904,100,100331,100,99877,100
2019-06-28 09:43:30.000000000,100055,176,100021,100,100077,176,99984,276,100081,176,99983,176,100087,176,99970,176,100088,176,99939,176,100103,100,99931,100,100161,100,99922,100,100261,100,99917,100,100265,100,99904,100,100331,100,99877,100
2019-06-28 09:43:40.000000000,100055,176,100021,100,100077,176,99984,276,100081,176,99983,176,100087,176,99970,176,100088,176,99939,176,100103,100,99931,100,100161,100,99922,100,100261,100,99917,100,100265,100,99904,100,100331,100,99877,100
2019-06-28 09:43:50.000000000,100055,229,100021,153,100077,225,99984,325,100081,225,99983,225,100087,100,99970,100,100088,100,99939,100,100103,100,99931,100,100161,100,99922,100,100261,100,99917,100,100265,100,99904,100,100331,100,99877,100
2019-06-28 09:44:00.000000000,100055,480,100021,404,100077,100,99984,200,100081,100,99983,100,100087,100,99970,100,100088,100,99939,100,100103,100,99931,100,100161,100,99922,100,100261,100,99917,100,100265,100,99904,100,100331,100,99877,100
2019-06-28 09:44:03.000605794,100054,100,100021,404,100055,480,99984,100,100077,100,99983,100,100081,100,99970,100,100087,100,99939,100,100088,100,99931,100,100103,100,99922,100,100161,100,99917,100,100261,100,99904,100,100265,100,99877,100
2019-06-28 09:44:09.723926446,100054,100,100021,404,100055,480,99983,100,100077,100,99970,100,100081,100,99939,100,100087,100,99931,100,100088,100,99922,100,100103,100,99917,100,100161,100,99904,100,100261,100,99877,100,100265,100,99868,100
2019-06-28 09:44:10.000000000,100054,176,100021,100,100055,176,99983,176,100077,176,99970,176,100081,176,99939,176,100087,176,99931,176,100088,100,99922,100,100103,100,99917,100,100161,100,99904,100,100261,100,99877,100,100265,100,99868,100
2019-06-28 09:44:12.653947613,100054,176,99983,176,100055,176,99970,176,100077,176,99939,176,100081,176,99931,176,100087,176,99922,100,100088,100,99917,100,100103,100,99904,100,100161,100,99877,100,100261,100,99868,100,100265,100,99851,100
2019-06-28 09:44:20.000000000,100054,480,99983,480,100055,100,99970,100,100077,100,99939,100,100081,100,99931,100,100087,100,99922,100,100088,100,99917,100,100103,100,99904,100,100161,100,99877,100,100261,100,99868,100,100265,100,99851,100
2019-06-28 09:44:30.000000000,100054,195,99983,195,100055,195,99970,195,100077,195,99939,195,100081,195,99931,195,100087,100,99922,100,100088,100,99917,100,100103,100,99904,100,100161,100,99877,100,100261,100,99868,100,100265,100,99851,100
2019-06-28 09:44:40.000000000,100054,195,99983,195,100055,195,99970,195,100077,195,99939,195,100081,195,99931,195,100087,100,99922,100,100088,100,99917,100,100103,100,99904,100,100161,100,99877,100,100261,100,99868,100,100265,100,99851,100
2019-06-28 09:44:50.000000000,100054,229,99983,229,100055,225,99970,225,100077,225,99939,225,100081,100,99931,100,100087,100,99922,100,100088,100,99917,100,100103,100,99904,100,100161,100,99877,100,100261,100,99868,100,100265,100,99851,100
2019-06-28 09:45:00.000000000,100054,229,99983,229,100055,225,99970,225,100077,225,99939,225,100081,100,99931,100,100087,100,99922,100,100088,100,99917,100,100103,100,99904,100,100161,100,99877,100,100261,100,99868,100,100265,100,99851,100
2019-06-28 09:45:02.250290979,100054,229,99983,229,100055,225,99970,225,100077,225,99939,225,100081,100,99931,100,100087,100,99917,100,100088,100,99904,100,100103,100,99877,100,100161,100,99868,100,100261,100,99851,100,100265,100,99690,100
2019-06-28 09:45:04.266898312,100054,229,99983,129,100055,225,99970,225,100077,225,99939,225,100081,100,99931,100,100087,100,99917,100,100088,100,99904,100,100103,100,99877,100,100161,100,99868,100,100261,100,99851,100,100265,100,99690,100
2019-06-28 09:45:10.000000000,100054,176,99970,176,100055,176,99939,176,100077,176,99931,176,100081,176,99917,176,100087,176,99904,176,100088,100,99877,100,100103,100,99868,100,100161,100,99851,100,100261,100,99690,100,100265,100,99430,100
2019-06-28 09:45:20.000000000,100054,229,99970,229,100055,225,99939,225,100077,225,99931,225,100081,100,99917,100,100087,100,99904,100,100088,100,99877,100,100103,100,99868,100,100161,100,99851,100,100261,100,99690,100,100265,100,99430,100
2019-06-28 09:45:30.000000000,100054,195,99970,195,100055,195,99939,195,100077,195,99931,195,100081,195,99917,195,100087,100,99904,100,100088,100,99877,100,100103,100,99868,100,100161,100,99851,100,100261,100,99690,100,100265,100,99430,100
2019-06-28 09:45:31.995483606,100054,195,99970,195,100055,195,99939,195,100077,195,99931,195,100081,195,99917,195,100087,100,99904,100,100088,100,99877,100,100103,100,99868,100,100161,100,99851,100,100261,100,99690,100,100265,100,99430,100
2019-06-28 09:45:40.000000000,100054,195,99970,195,100055,195,99939,195,100077,195,99931,195,100081,195,99917,195,100087,100,99904,100,100088,100,99877,100,100103,100,99868,100,100161,100,99851,100,100261,100,99690,100,100265,100,99430,100
2019-06-28 09:45:50.000000000,100054,480,99970,480,100055,100,99939,100,100077,100,99931,100,100081,100,99917,100,100087,100,99904,100,100088,100,99877,100,100103,100,99868,100,100161,100,99851,100,100261,100,99690,100,100265,100,99430,100
2019-06-28 09:46:00.000000000,100054,176,99970,176,100055,176,99939,176,100077,176,99931,176,100081,176,99917,176,100087,176,99904,176,100088,100,99877,100,100103,100,99868,100,100161,100,99851,100,100261,100,99690,100,100265,100,99430,100
2019-06-28 09:46:10.000000000,100054,195,99970,195,100055,195,99939,195,100077,195,99931,195,100081,195,99917,195,100087,100,99904,100,100088,100,99877,100,100103,100,99868,100,100161,100,99851,100,100261,100,99690,100,100265,100,99430,100
2019-06-28 09:46:10.876008085,100021,100,99970,195,100054,195,99939,195,100055,195,99931,195,100077,195,99917,195,100081,195,99904,100,100087,100,99877,100,100088,100,99868,100,100103,100,99851,100,100161,100,99690,100,100261,100,99430,100
2019-06-28 09:46:19.369821671,100021,100,99970,95,100054,195,99939,195,100055,195,99931,195,100077,195,99917,195,100081,195,99904,100,100087,100,99877,100,100088,100,99868,100,100103,100,99851,100,100161,100,99690,100,100261,100,99430,100
2019-06-28 09:46:20.000000000,100021,290,99939,290,100054,290,99931,290,100055,100,99917,100,100077,100,99904,100,100081,100,99877,100,100087,100,99868,100,100088,100,99851,100,100103,100,99690,100,100161,100,99430,100,100261,100,99414,100
2019-06-28 09:46:30.000000000,100021,176,99939,176,100054,176,99931,176,100055,176,99917,176,100077,176,99904,176,100081,176,99877,176,100087,100,99868,100,100088,100,99851,100,100103,100,99690,100,100161,100,99430,100,100261,100,99414,100
2019-06-28 09:46:33.083607520,100021,176,99939,176,100054,176,99931,176,100055,176,99917,176,100077,176,99904,176,100081,176,99877,176,100087,100,99868,100,100088,100,99851,100,100103,100,99690,100,100161,100,99430,100,100261,100,99414,100
2019-06-28 09:46:40.000000000,100021,229,99939,229,100054,225,99931,225,100055,225,99917,225,100077,100,99904,100,100081,100,99877,100,100087,100,99868,100,100088,100,99851,100,100103,100,99690,100,100161,100,99430,100,100261,100,99414,100
2019-06-28 09:46:40.309680829,100021,229,99939,129,100054,225,99931,225,100055,225,99917,225,100077,100,99904,100,100081,100,99877,100,100087,100,99868,100,100088,100,99851,100,100103,100,99690,100,100161,100,99430,100,100261,100,99414,100
2019-06-28 09:46:50.000000000,100021,229,99931,229,100054,225,99917,225,100055,225,99904,225,100077,100,99877,100,100081,100,99868,100,100087,100,99851,100,100088,100,99690,100,100103,100,99430,100,100161,100,99414,100,100261,100,99106,100
2019-06-28 09:47:00.000000000,100021,176,99931,176,100054,176,99917,176,100055,176,99904,176,100077,176,99877,176,100081,176,99868,176,100087,100,99851,100,100088,100,99690,100,100103,100,99430,100,100161,100,99414,100,100261,100,99106,100
2019-06-28 09:47:10.000000000,100021,480,99931,480,100054,100,99917,100,100055,100,99904,100,100077,100,99877,100,100081,100,99868,100,100087,100,99851,100,100088,100,99690,100,100103,100,99430,100,100161,100,99414,100,100261,100,99106,100
2019-06-28 09:47:18.427155351,100021,480,99931,380,100054,100,99917,100,100055,100,99904,100,100077,100,99877,100,100081,100,99868,100,100087,100,99851,100,100088,100,99690,100,100103,100,99430,100,100161,100,99414,100,100261,100,99106,100
2019-06-28 09:47:20.000000000,100021,290,99917,290,100054,290,99904,290,100055,100,99877,100,100077,100,99868,100,100081,100,99851,100,100087,100,99690,100,100088,100,99430,100,100103,100,99414,100,100161,100,99106,100,100261,100,98911,100
2019-06-28 09:47:22.511485462,99939,100,99917,290,100021,290,99904,290,100054,290,99877,100,100055,100,99868,100,100077,100,99851,100,100081,100,99690,100,100087,100,99430,100,100088,100,99414,100,100103,100,99106,100,100161,100,98911,100
2019-06-28 09:47:25.795322103,99939,100,99917,290,100021,290,99904,290,100054,290,99877,100,100055,100,99868,100,100077,100,99851,100,100081,100,99690,100,100088,100,99430,100,100103,100,99414,100,100161,100,99106,100,100261,100,98911,100
2019-06-28 09:47:30.000000000,99939,480,99917,480,100021,100,99904,100,100054,100,99877,100,100055,100,99868,100,100077,100,99851,100,100081,100,99690,100,100088,100,99430,100,100103,100,99414,100,100161,100,99106,100,100261,100,98911,100
2019-06-28 09:47:30.941136555,99939,480,99917,480,100021,100,99904,100,100054,100,99877,100,100055,100,99868,100,100077,100,99851,100,100081,100,99690,100,100088,100,99430,100,100103,100,99414,100,100161,100,99106,100,100261,100,98905,100
2019-06-28 09:47:40.000000000,99939,480,99917,480,100021,100,99904,100,100054,100,99877,100,100055,100,99868,100,100077,100,99851,100,100081,100,99690,100,100088,100,99430,100,100103,100,99414,100,100161,100,99106,100,100261,100,98905,100
2019-06-28 09:47:44.145503315,99939,480,99917,480,100021,100,99904,100,100054,100,99877,100,100077,100,99868,100,100081,100,99851,100,100088,100,99690,100,100103,100,99430,100,100161,100,99414,100,100261,100,99106,100,100265,100,98905,100
2019-06-28 09:47:49.579917947,99939,480,99917,480,100021,100,99904,100,100054,100,99877,100,100077,100,99868,100,100081,100,99851,100,100088,100,99690,100,100103,100,99430,100,100161,100,99414,100,100261,100,99106,100,100265,100,98905,100
2019-06-28 09:47:50.000000000,99939,480,99917,480,100021,100,99904,100,100054,100,99877,100,100077,100,99868,100,100081,100,99851,100,100088,100,99690,100,100103,100,99430,100,100161,100,99414,100,100261,100,99106,100,100265,100,98905,100
2019-06-28 09:47:53.977944894,99939,580,99917,480,100021,100,99904,100,100054,100,99877,100,100077,100,99868,100,100081,100,99851,100,100088,100,99690,100,100103,100,99430,100,100161,100,99414,100,100261,100,99106,100,100265,100,98905,100
2019-06-28 09:48:00.000000000,99939,276,99917,176,100021,176,99904,176,100054,176,99877,176,100077,176,99868,176,100081,176,99851,176,100088,100,99690,100,100103,100,99430,100,100161,100,99414,100,100261,100,99106,100,100265,100,98905,100
2019-06-28 09:48:03.581406687,99939,276,99917,76,100021,176,99904,176,100054,176,99877,176,100077,176,99868,176,100081,176,99851,176,100088,100,99690,100,100103,100,99430,100,100161,100,99414,100,100261,100,99106,100,100265,100,98905,100
2019-06-28 09:48:04.126399773,99917,24,99904,176,99939,276,99877,176,100021,176,99868,176,100054,176,99851,176,100077,176,99690,100,100081,176,99430,100,100088,100,99414,100,100103,100,99106,100,100161,100,98905,100,100261,100,98806,100
2019-06-28 09:48:09.327025158,99917,24,99904,176,99939,276,99877,176,100021,76,99868,176,100054,176,99851,176,100077,176,99690,100,100081,176,99430,100,100088,100,99414,100,100103,100,99106,100,100161,100,98905,100,100261,100,98806,100
2019-06-28 09:48:10.000000000,99917,153,99904,229,99939,325,99877,225,100054,225,99868,225,100077,100,99851,100,100081,100,99690,100,100088,100,99430,100,100103,100,99414,100,100161,100,99106,100,100261,100,98905,100,100265,100,98806,100
2019-06-28 09:48:20.000000000,99917,119,99904,195,99939,295,99877,195,100054,195,99868,195,100077,195,99851,195,100081,100,99690,100,100088,100,99430,100,100103,100,99414,100,100161,100,99106,100,100261,100,98905,100,100265,100,98806,100
2019-06-28 09:48:30.000000000,99917,153,99904,229,99939,325,99877,225,100054,225,99868,225,100077,100,99851,100,100081,100,99690,100,100088,100,99430,100,100103,100,99414,100,100161,100,99106,100,100261,100,98905,100,100265,100,98806,100
2019-06-28 09:48:39.560020439,99917,153,99904,229,99939,325,99877,225,100054,225,99868,225,100077,100,99851,100,100081,100,99690,100,100088,100,99430,100,100103,100,99414,100,100161,100,99106,100,100261,100,98905,100,100265,100,98806,100
2019-06-28 09:48:40.000000000,99917,100,99904,176,99939,276,99877,176,100054,176,99868,176,100077,176,99851,176,100081,176,99690,176,100088,100,99430,100,100103,100,99414,100,100161,100,99106,100,100261,100,98905,100,100265,100,98806,100
2019-06-28 09:48:40.916216099,99917,100,99904,176,99939,176,99877,176,100054,176,99868,176,100077,176,99851,176,100081,176,99690,176,100088,100,99430,100,100103,100,99414,100,100161,100,99106,100,100261,100,98905,100,100265,100,98806,100
2019-06-28 09:48:42.143677679,99917,100,99904,176,99939,176,99877,176,100054,176,99868,176,100077,176,99851,76,100081,176,99690,176,100088,100,99430,100,100103,100,99414,100,100161,100,99106,100,100261,100,98905,100,100265,100,98813,100
2019-06-28 09:48:44.490099646,99917,100,99904,76,99939,176,99877,176,100054,176,99868,176,100077,176,99851,76,100081,176,99690,76,100088,100,99430,100,100103,100,99414,100,100161,100,99106,100,100261,100,98905,100,100265,100,98813,100
2019-06-28 09:48:46.427936318,99916,100,99904,76,99917,100,99877,176,99939,176,99868,176,100054,176,99851,76,100077,176,99690,76,100081,176,99430,100,100088,100,99414,100,100103,100,99106,100,100161,100,98905,100,100261,100,98813,100
2019-06-28 09:48:49.686199417,99916,200,99904,76,99917,100,99877,176,99939,176,99868,176,100054,176,99851,76,100077,176,99690,76,100081,176,99430,100,100088,100,99414,100,100103,100,99106,100,100161,100,98905,100,100261,100,98813,100
2019-06-28 09:48:50.000000000,99916,390,99877,290,99917,214,99868,290,99939,100,99430,100,100054,100,99414,100,100077,100,99106,100,100081,100,98905,100,100088,100,98813,100,100103,100,98806,100,100161,100,98782,100,100261,100,98609,100
2019-06-28 09:48:55.046342706,99916,390,99877,290,99917,214,99868,290,99939,100,99430,100,100077,100,99414,100,100081,100,99106,100,100088,100,98905,100,100103,100,98813,100,100161,100,98806,100,100261,100,98782,100,100265,100,98609,100
2019-06-28 09:49:00.000000000,99916,276,99877,176,99917,100,99868,176,99939,176,99430,176,100077,176,99414,176,100081,176,99106,176,100088,100,98905,100,100103,100,98813,100,100161,100,98806,100,100261,100,98782,100,100265,100,98609,100
2019-06-28 09:49:00.781458548,99916,276,99877,176,99917,100,99868,176,99939,176,99430,176,100077,176,99414,176,100081,176,99106,176,100088,100,98905,100,100103,100,98893,100,100161,100,98813,100,100261,100,98806,100,100265,100,98782,100
2019-06-28 09:49:02.720506374,99916,276,99877,176,99917,100,99868,176,99939,176,99430,176,100077,176,99414,176,100081,176,99248,100,100088,100,99106,176,100103,100,98905,100,100161,100,98893,100,100261,100,98813,100,100265,100,98806,100
2019-06-28 09:49:08.074924667,99916,276,99877,76,99917,100,99868,176,99939,176,99430,176,100077,176,99414,176,100081,176,99248,100,100088,100,99106,176,100103,100,98905,100,100161,100,98893,100,100261,100,98813,100,100265,100,98806,100
2019-06-28 09:49:10.000000000,99916,580,99868,480,99917,24,99430,100,99939,100,99414,100,100077,100,99248,100,100081,100,99106,100,100088,100,98905,100,100103,100,98893,100,100161,100,98813,100,100261,100,98806,100,100265,100,98782,100
2019-06-28 09:49:12.562551351,99916,580,99868,480,99917,24,99430,100,99939,100,99414,100,100077,100,99248,100,100081,100,99106,100,100088,100,99040,100,100103,100,98893,100,100161,100,98813,100,100261,100,98806,100,100265,100,98782,100
2019-06-28 09:49:20.000000000,99916,580,99868,480,99917,24,99430,100,99939,100,99414,100,100077,100,99248,100,100081,100,99106,100,100088,100,99040,100,100103,100,98893,100,100161,100,98813,100,100261,100,98806,100,100265,100,98782,100
2019-06-28 09:49:30.000000000,99916,390,99868,290,99917,214,99430,290,99939,100,99414,100,100077,100,99248,100,100081,100,99106,100,100088,100,99040,100,100103,100,98893,100,100161,100,98813,100,100261,100,98806,100,100265,100,98782,100
2019-06-28 09:49:40.000000000,99916,390,99868,290,99917,214,99430,290,99939,100,99414,100,100077,100,99248,100,100081,100,99106,100,100088,100,99040,100,100103,100,98893,100,100161,100,98813,100,100261,100,98806,100,100265,100,98782,100
2019-06-28 09:49:48.878317699,99916,390,99868,290,99917,214,99473,100,99939,100,99430,290,100077,100,99414,100,100081,100,99248,100,100088,100,99106,100,100103,100,99040,100,100161,100,98893,100,100261,100,98813,100,100265,100,98806,100
2019-06-28 09:49:50.000000000,99916,580,99868,480,99917,24,99473,100,99939,100,99430,100,100077,100,99414,100,100081,100,99248,100,100088,100,99106,100,100103,100,99040,100,100161,100,98893,100,100261,100,98813,100,100265,100,98806,100
2019-06-28 09:50:00.000000000,99916,329,99868,229,99917,149,99473,225,99939,225,99430,225,100077,100,99414,100,100081,100,99248,100,100088,100,99106,100,100103,100,99040,100,100161,100,98893,100,100261,100,98813,100,100265,100,98806,100
2019-06-28 09:50:03.283559231,99916,329,99868,129,99917,149,99473,225,99939,225,99430,225,100077,100,99414,100,100081,100,99248,100,100088,100,99106,100,100161,100,99040,100,100261,100,98893,100,100265,100,98813,100,100331,100,98806,100
2019-06-28 09:50:06.813471901,99916,329,99868,29,99917,149,99473,225,99939,225,99430,225,100077,100,99414,100,100081,100,99248,100,100088,100,99106,100,100161,100,99040,100,100261,100,98893,100,100265,100,98813,100,100331,100,98806,100
2019-06-28 09:50:08.523033869,99868,71,99473,225,99916,329,99430,225,99917,149,99414,100,99939,225,99248,100,100077,100,99106,100,100081,100,99040,100,100088,100,98893,100,100161,100,98813,100,100261,100,98806,100,100265,100,98782,100
2019-06-28 09:50:10.000000000,99868,261,99473,290,99916,390,99430,290,99917,24,99414,100,99939,100,99248,100,100077,100,99106,100,100081,100,99040,100,100088,100,98893,100,100161,100,98813,100,100261,100,98806,100,100265,100,98782,100
2019-06-28 09:50:12.257742809,99868,361,99473,290,99916,390,99430,290,99917,24,99414,100,99939,100,99248,100,100077,100,99106,100,100081,100,99040,100,100088,100,98893,100,100161,100,98813,100,100261,100,98806,100,100265,100,98782,100
2019-06-28 09:50:18.068119315,99660,100,99473,290,99868,361,99430,290,99916,390,99414,100,99917,24,99248,100,99939,100,99106,100,100077,100,99040,100,100081,100,98893,100,100088,100,98813,100,100161,100,98806,100,100261,100,98782,100
2019-06-28 09:50:20.000000000,99660,290,99473,290,99868,361,99430,290,99916,200,99414,100,99917,24,99248,100,99939,100,99106,100,100077,100,99040,100,100081,100,98893,100,100088,100,98813,100,100161,100,98806,100,100261,100,98782,100
2019-06-28 09:50:24.919296699,99660,290,99511,100,99868,361,99473,290,99916,200,99430,290,99917,24,99414,100,99939,100,99248,100,100077,100,99106,100,100081,100,99040,100,100088,100,98893,100,100161,100,98813,100,100261,100,98806,100
2019-06-28 09:50:30.000000000,99660,176,99511,176,99868,247,99473,176,99916,276,99430,176,99917,100,99414,176,99939,176,99248,176,100077,100,99106,100,100081,100,99040,100,100088,100,98893,100,100161,100,98813,100,100261,100,98806,100
2019-06-28 09:50:39.788857197,99660,176,99511,176,99702,100,99473,176,99868,247,99430,176,99916,276,99414,176,99917,100,99248,176,99939,176,99106,100,100077,100,99040,100,100081,100,98893,100,100088,100,98813,100,100161,100,98806,100
2019-06-28 09:50:40.000000000,99660,195,99511,195,99702,195,99473,195,99868,266,99430,195,99916,295,99414,195,99917,24,99248,100,99939,100,99106,100,100077,100,99040,100,100081,100,98893,100,100088,100,98813,100,100161,100,98806,100
2019-06-28 09:50:50.000000000,99660,229,99511,229,99702,225,99473,225,99868,296,99430,225,99916,200,99414,100,99917,24,99248,100,99939,100,99106,100,100077,100,99040,100,100081,100,98893,100,100088,100,98813,100,100161,100,98806,100
2019-06-28 09:51:00.000000000,99660,176,99511,176,99702,176,99473,176,99868,247,99430,176,99916,276,99414,176,99917,100,99248,176,99939,100,99106,100,100077,100,99040,100,100081,100,98893,100,100088,100,98813,100,100161,100,98806,100
2019-06-28 09:51:00.855189522,99660,176,99511,176,99702,176,99473,176,99868,347,99430,176,99916,276,99414,176,99917,100,99248,176,99939,100,99106,100,100077,100,99040,100,100081,100,98893,100,100088,100,98813,100,100161,100,98806,100
2019-06-28 09:51:10.000000000,99660,480,99511,480,99702,100,99473,100,99868,271,99430,100,99916,200,99414,100,99917,24,99248,100,99939,100,99106,100,100077,100,99040,100,100081,100,98893,100,100088,100,98813,100,100161,100,98806,100
2019-06-28 09:51:13.376671041,99535,100,99511,480,99660,480,99473,100,99702,100,99430,100,99868,271,99414,100,99916,200,99248,100,99917,24,99106,100,99939,100,98893,100,100077,100,98813,100,100081,100,98806,100,100088,100,98782,100
2019-06-28 09:51:15.963240132,99660,480,99511,480,99702,100,99473,100,99868,271,99430,100,99916,200,99414,100,99917,24,99248,100,99939,100,99106,100,100077,100,98893,100,100081,100,98813,100,100088,100,98806,100,100161,100,98782,100
2019-06-28 09:51:20.000000000,99660,290,99511,290,99702,290,99473,290,99868,271,99430,100,99916,200,99414,100,99917,24,99248,100,99939,100,99106,100,100077,100,98893,100,100081,100,98813,100,100088,100,98806,100,100161,100,98782,100
2019-06-28 09:51:20.905663012,99660,290,99535,100,99702,290,99511,290,99868,271,99473,290,99916,200,99430,100,99917,24,99414,100,99939,100,99248,100,100077,100,99106,100,100081,100,98893,100,100088,100,98813,100,100161,100,98806,100
2019-06-28 09:51:30.000000000,99660,480,99535,480,99702,100,99511,100,99868,271,99473,100,99916,200,99430,100,99917,24,99414,100,99939,100,99248,100,100077,100,99106,100,100081,100,98893,100,100088,100,98813,100,100161,100,98806,100
2019-06-28 09:51:35.334467805,99660,380,99535,480,99702,100,99511,100,99868,271,99473,100,99916,200,99430,100,99917,24,99414,100,99939,100,99248,100,100077,100,99106,100,100081,100,98893,100,100088,100,98813,100,100161,100,98806,100
2019-06-28 09:51:40.000000000,99702,195,99535,195,99868,366,99511,195,99916,295,99473,195,99917,119,99430,195,99939,100,99414,100,100077,100,99248,100,100081,100,99106,100,100088,100,98893,100,100161,100,98813,100,100261,100,98806,100
2019-06-28 09:51:42.779993434,99702,195,99536,100,99868,266,99535,195,99916,295,99511,195,99917,119,99473,195,99939,100,99430,195,100077,100,99414,100,100081,100,99248,100,100088,100,99106,100,100161,100,98893,100,100261,100,98813,100
2019-06-28 09:51:46.686416785,99702,195,99536,200,99868,266,99535,195,99916,295,99511,195,99917,119,99473,195,99939,100,99430,195,100077,100,99414,100,100081,100,99248,100,100088,100,99106,100,100161,100,98893,100,100261,100,98813,100
2019-06-28 09:51:50.000000000,99702,229,99536,329,99868,296,99535,225,99916,325,99511,225,99917,24,99473,100,99939,100,99430,100,100077,100,99414,100,100081,100,99248,100,100088,100,99106,100,100161,100,98893,100,100261,100,98813,100
2019-06-28 09:52:00.000000000,99702,229,99536,329,99868,296,99535,225,99916,325,99511,225,99917,24,99473,100,99939,100,99430,100,100077,100,99414,100,100081,100,99248,100,100088,100,99106,100,100161,100,98893,100,100261,100,98813,100
2019-06-28 09:52:05.565891408,99702,129,99536,329,99868,296,99535,225,99916,325,99511,225,99917,24,99473,100,99939,100,99430,100,100077,100,99414,100,100081,100,99248,100,100088,100,99106,100,100161,100,98893,100,100261,100,98813,100
2019-06-28 09:52:10.000000000,99868,551,99536,580,99916,200,99535,100,99917,24,99511,100,99939,100,99473,100,100077,100,99430,100,100081,100,99414,100,100088,100,99248,100,100161,100,99106,100,100261,100,98893,100,100265,100,98813,100
2019-06-28 09:52:11.497943882,99868,551,99660,100,99916,200,99536,580,99917,24,99535,100,99939,100,99511,100,100077,100,99473,100,100081,100,99430,100,100088,100,99414,100,100161,100,99248,100,100261,100,99106,100,100265,100,98893,100
2019-06-28 09:52:20.000000000,99868,266,99660,195,99916,295,99536,295,99917,119,99535,195,99939,195,99511,195,100077,100,99473,100,100081,100,99430,100,100088,100,99414,100,100161,100,99248,100,100261,100,99106,100,100265,100,98893,100
2019-06-28 09:52:26.468826228,99868,266,99794,100,99916,295,99660,195,99917,119,99536,295,99939,195,99535,195,100077,100,99511,195,100081,100,99473,100,100088,100,99430,100,100161,100,99414,100,100261,100,99248,100,100265,100,99106,100
2019-06-28 09:52:30.000000000,99868,551,99794,480,99916,200,99660,100,99917,24,99536,200,99939,100,99535,100,100077,100,99511,100,100081,100,99473,100,100088,100,99430,100,100161,100,99414,100,100261,100,99248,100,100265,100,99106,100
2019-06-28 09:52:40.000000000,99868,266,99794,195,99916,295,99660,195,99917,119,99536,295,99939,195,99535,195,100077,100,99511,100,100081,100,99473,100,100088,100,99430,100,100161,100,99414,100,100261,100,99248,100,100265,100,99106,100
2019-06-28 09:52:48.981440774,99868,266,99794,195,99916,295,99660,195,99917,119,99555,100,99939,195,99536,295,100077,100,99535,195,100081,100,99511,100,100088,100,99473,100,100161,100,99430,100,100261,100,99414,100,100265,100,99248,100
2019-06-28 09:52:50.000000000,99868,361,99794,290,99916,390,99660,290,99917,24,99555,100,99939,100,99536,200,100077,100,99535,100,100081,100,99511,100,100088,100,99473,100,100161,100,99430,100,100261,100,99414,100,100265,100,99248,100
2019-06-28 09:52:54.026598031,99868,361,99794,290,99916,390,99687,100,99917,24,99660,290,99939,100,99555,100,100077,100,99536,200,100081,100,99535,100,100088,100,99511,100,100161,100,99473,100,100261,100,99430,100,100265,100,99414,100
2019-06-28 09:52:57.430258503,99868,361,99794,290,99916,390,99687,100,99917,24,99660,290,99939,100,99555,100,100077,100,99536,200,100081,100,99535,100,100088,100,99511,100,100161,100,99491,100,100261,100,99473,100,100265,100,99430,100
2019-06-28 09:52:58.915391438,99868,361,99794,290,99916,390,99687,100,99917,24,99660,290,99934,100,99555,100,99939,100,99536,200,100077,100,99535,100,100081,100,99511,100,100088,100,99491,100,100161,100,99473,100,100261,100,99430,100
2019-06-28 09:53:00.000000000,99868,300,99794,229,99916,325,99687,225,99917,149,99660,225,99934,100,99555,100,99939,100,99536,200,100077,100,99535,100,100081,100,99511,100,100088,100,99491,100,100161,100,99473,100,100261,100,99430,100
2019-06-28 09:53:03.847642310,99868,300,99794,229,99916,325,99687,225,99917,149,99660,225,99934,100,99658,100,99939,100,99555,100,100077,100,99536,200,100081,100,99535,100,100088,100,99511,100,100161,100,99491,100,100261,100,99473,100
2019-06-28 09:53:10.000000000,99868,361,99794,290,99916,390,99687,290,99917,24,99660,100,99934,100,99658,100,99939,100,99555,100,100077,100,99536,200,100081,100,99535,100,100088,100,99511,100,100161,100,99491,100,100261,100,99473,100
2019-06-28 09:53:20.000000000,99868,300,99794,229,99916,325,99687,225,99917,149,99660,225,99934,100,99658,100,99939,100,99555,100,100077,100,99536,200,100081,100,99535,100,100088,100,99511,100,100161,100,99491,100,100261,100,99473,100
2019-06-28 09:53:30.000000000,99868,361,99794,290,99916,390,99687,290,99917,24,99660,100,99934,100,99658,100,99939,100,99555,100,100077,100,99536,200,100081,100,99535,100,100088,100,99511,100,100161,100,99491,100,100261,100,99473,100
2019-06-28 09:53:40.000000000,99868,551,99794,480,99916,200,99687,100,99917,24,99660,100,99934,100,99658,100,99939,100,99555,100,100077,100,99536,200,100081,100,99535,100,100088,100,99511,100,100161,100,99491,100,100261,100,99473,100
2019-06-28 09:53:50.000000000,99868,300,99794,229,99916,325,99687,225,99917,149,99660,225,99934,100,99658,100,99939,100,99555,100,100077,100,99536,200,100081,100,99535,100,100088,100,99511,100,100161,100,99491,100,100261,100,99473,100
2019-06-28 09:53:53.563463870,99868,200,99794,229,99916,325,99687,225,99917,149,99660,225,99934,100,99658,100,99939,100,99555,100,100077,100,99536,200,100081,100,99535,100,100088,100,99511,100,100161,100,99491,100,100261,100,99473,100
2019-06-28 09:54:00.000000000,99868,166,99794,195,99916,295,99687,195,99917,119,99660,195,99934,195,99658,195,99939,100,99555,100,100077,100,99536,200,100081,100,99535,100,100088,100,99511,100,100161,100,99491,100,100261,100,99473,100
2019-06-28 09:54:10.000000000,99868,261,99794,290,99916,390,99687,290,99917,24,99660,100,99934,100,99658,100,99939,100,99555,100,100077,100,99536,200,100081,100,99535,100,100088,100,99511,100,100161,100,99491,100,100261,100,99473,100
2019-06-28 09:54:20.000000000,99868,147,99794,176,99916,276,99687,176,99917,100,99660,176,99934,176,99658,176,99939,176,99555,176,100077,100,99536,200,100081,100,99535,100,100088,100,99511,100,100161,100,99491,100,100261,100,99473,100
2019-06-28 09:54:21.696466102,99868,47,99794,176,99916,276,99687,176,99917,100,99660,176,99934,176,99658,176,99939,176,99555,176,100077,100,99536,200,100081,100,99535,100,100088,100,99511,100,100161,100,99491,100,100261,100,99473,100
2019-06-28 09:54:30.000000000,99916,329,99794,229,99917,149,99687,225,99934,225,99660,225,99939,100,99658,100,100077,100,99555,100,100081,100,99536,200,100088,100,99535,100,100161,100,99511,100,100261,100,99491,100,100265,100,99473,100
2019-06-28 09:54:31.670046718,99916,229,99794,229,99917,149,99687,225,99934,225,99660,225,99939,100,99658,100,100077,100,99555,100,100081,100,99536,200,100088,100,99535,100,100161,100,99511,100,100265,100,99491,100,,,99473,100
2019-06-28 09:54:40.000000000,99916,195,99794,195,99917,119,99687,195,99934,195,99660,195,99939,195,99658,195,100077,100,99555,100,100081,100,99536,200,100088,100,99535,100,100161,100,99511,100,100265,100,99491,100,,,99473,100
2019-06-28 09:54:41.314208074,99916,195,99794,195,99917,119,99687,195,99934,195,99660,195,99939,195,99658,195,100077,100,99555,100,100081,100,99536,200,100088,100,99535,100,100161,100,99511,100,100265,100,99491,100,100272,100,99473,100
2019-06-28 09:54:42.834680021,99916,95,99794,195,99917,119,99687,195,99934,195,99660,195,99939,195,99658,195,100077,100,99555,100,100081,100,99536,200,100088,100,99535,100,100161,100,99511,100,100265,100,99491,100,100272,100,99473,100
2019-06-28 09:54:45.902662023,99917,119,99916,5,99934,195,99794,195,99939,195,99687,195,100077,100,99660,195,100081,100,99658,195,100088,100,99555,100,100161,100,99536,200,100265,100,99535,100,100272,100,99511,100,,,99491,100
2019-06-28 09:54:50.000000000,99917,119,99916,100,99934,195,99794,195,99939,195,99687,195,100077,195,99660,195,100081,100,99658,100,100088,100,99555,100,100161,100,99536,200,100265,100,99535,100,100272,100,99511,100,,,99491,100
2019-06-28 09:54:59.690184071,99917,119,99916,200,99934,195,99794,195,99939,195,99687,195,100077,195,99660,195,100081,100,99658,100,100088,100,99555,100,100161,100,99536,200,100265,100,99535,100,100272,100,99511,100,,,99491,100
2019-06-28 09:55:00.000000000,99917,119,99916,200,99934,195,99794,195,99939,195,99687,195,100077,195,99660,195,100081,100,99658,100,100088,100,99555,100,100161,100,99536,200,100265,100,99535,100,100272,100,99511,100,,,99491,100
2019-06-28 09:55:01.334004536,99917,119,99916,300,99934,195,99794,195,99939,195,99687,195,100077,195,99660,195,100081,100,99658,100,100088,100,99555,100,100161,100,99536,200,100265,100,99535,100,100272,100,99511,100,,,99491,100
2019-06-28 09:55:10.000000000,99917,100,99916,281,99934,176,99794,176,99939,176,99687,176,100077,176,99660,176,100081,176,99658,176,100088,100,99555,100,100161,100,99536,200,100265,100,99535,100,100272,100,99511,100,,,99491,100
2019-06-28 09:55:16.095359518,99917,100,99916,381,99934,176,99794,176,99939,176,99687,176,100077,176,99660,176,100081,176,99658,176,100088,100,99555,100,100161,100,99536,200,100265,100,99535,100,100272,100,99511,100,,,99491,100
2019-06-28 09:55:18.651134616,99934,176,99916,381,99939,176,99794,176,100077,176,99687,176,100081,176,99660,176,100088,100,99658,176,100161,100,99555,100,100265,100,99536,200,,,99535,100,,,99511,100,,,99491,100
2019-06-28 09:55:20.000000000,99934,290,99916,495,99939,290,99794,290,100077,100,99687,100,100081,100,99660,100,100088,100,99658,100,100161,100,99555,100,100265,100,99536,200,,,99535,100,,,99511,100,,,99491,100
2019-06-28 09:55:30.000000000,99934,176,99916,381,99939,176,99794,176,100077,176,99687,176,100081,176,99660,176,100088,176,99658,176,100161,100,99555,100,100265,100,99536,200,,,99535,100,,,99511,100,,,99491,100
2019-06-28 09:55:31.292432549,99934,76,99916,381,99939,176,99794,176,100077,176,99687,176,100081,176,99660,176,100088,176,99658,176,100161,100,99555,100,100265,100,99536,200,,,99535,100,,,99511,100,,,99491,100
2019-06-28 09:55:32.992915483,99939,176,99934,24,100077,176,99916,381,100081,176,99794,176,100088,176,99687,176,100161,100,99660,176,100265,100,99658,176,,,99555,100,,,99536,200,,,99535,100,,,99511,100
2019-06-28 09:55:40.000000000,99939,195,99934,119,100077,195,99916,400,100081,195,99794,195,100088,195,99687,195,100161,100,99660,100,100265,100,99658,100,,,99555,100,,,99536,200,,,99535,100,,,99511,100
2019-06-28 09:55:50.000000000,99939,176,99934,100,100077,176,99916,381,100081,176,99794,176,100088,176,99687,176,100161,176,99660,176,100265,100,99658,100,,,99555,100,,,99536,200,,,99535,100,,,99511,100
2019-06-28 09:56:00.000000000,99939,195,99934,119,100077,195,99916,400,100081,195,99794,195,100088,195,99687,195,100161,100,99660,100,100265,100,99658,100,,,99555,100,,,99536,200,,,99535,100,,,99511,100
2019-06-28 09:56:05.143209511,99939,95,99934,119,100077,195,99916,400,100081,195,99794,195,100088,195,99687,195,100161,100,99660,100,100265,100,99658,100,,,99555,100,,,99536,200,,,99535,100,,,99511,100
2019-06-28 09:56:08.656273456,100077,195,99939,5,100081,195,99934,119,100088,195,99916,400,100161,100,99794,195,100265,100,99687,195,,,99660,100,,,99658,100,,,99555,100,,,99536,200,,,99535,100
2019-06-28 09:56:10.000000000,100077,290,99939,195,100081,290,99934,214,100088,100,99916,305,100161,100,99794,100,100265,100,99687,100,,,99660,100,,,99658,100,,,99555,100,,,99536,200,,,99535,100
2019-06-28 09:56:17.793976413,100077,290,99939,195,100081,290,99934,214,100088,100,99916,305,100161,100,99794,100,100265,100,99687,100,100341,100,99660,100,,,99658,100,,,99555,100,,,99536,200,,,99535,100
2019-06-28 09:56:20.000000000,100077,195,99939,100,100081,195,99934,119,100088,195,99916,400,100161,195,99794,195,100265,100,99687,100,100341,100,99660,100,,,99658,100,,,99555,100,,,99536,200,,,99535,100
2019-06-28 09:56:21.805255319,100077,195,99939,100,100081,195,99934,119,100088,95,99916,400,100161,195,99794,195,100265,100,99687,100,100341,100,99660,100,100633,100,99658,100,,,99555,100,,,99536,200,,,99535,100
2019-06-28 09:56:22.702453963,100077,95,99939,100,100081,195,99934,119,100088,95,99916,400,100161,195,99794,195,100265,100,99687,100,100341,100,99660,100,100633,100,99658,100,,,99555,100,,,99536,200,,,99535,100
2019-06-28 09:56:30.000000000,100081,290,99939,195,100161,290,99934,214,100265,100,99916,305,100341,100,99794,100,100633,100,99687,100,,,99660,100,,,99658,100,,,99555,100,,,99536,200,,,99535,100
2019-06-28 09:56:40.000000000,100081,229,99939,134,100161,225,99934,149,100265,225,99916,430,100341,100,99794,100,100633,100,99687,100,,,99660,100,,,99658,100,,,99555,100,,,99536,200,,,99535,100
2019-06-28 09:56:41.444915390,100081,129,99939,134,100161,225,99934,149,100265,225,99916,430,100341,100,99794,100,100633,100,99687,100,,,99660,100,,,99658,100,,,99555,100,,,99536,200,,,99535,100
2019-06-28 09:56:44.160215830,100081,29,99939,134,100161,225,99934,149,100265,225,99916,430,100341,100,99794,100,100633,100,99687,100,,,99660,100,,,99555,100,,,99536,200,,,99535,100,,,99511,100
2019-06-28 09:56:50.000000000,100161,229,99939,134,100265,225,99934,149,100341,225,99916,430,100633,100,99794,100,,,99687,100,,,99660,100,,,99555,100,,,99536,200,,,99535,100,,,99511,100
2019-06-28 09:57:00.000000000,100161,290,99939,195,100265,290,99934,214,100341,100,99916,305,100633,100,99794,100,,,99687,100,,,99660,100,,,99555,100,,,99536,200,,,99535,100,,,99511,100
2019-06-28 09:57:10.000000000,100161,290,99939,195,100265,290,99934,214,100341,100,99916,305,100633,100,99794,100,,,99687,100,,,99660,100,,,99555,100,,,99536,200,,,99535,100,,,99511,100
2019-06-28 09:57:12.271344164,100161,290,99939,195,100265,290,99934,190,100341,100,99916,305,100633,100,99794,100,100972,100,99687,100,,,99660,100,,,99555,100,,,99536,200,,,99535,100,,,99511,100
2019-06-28 09:57:20.000000000,100161,195,99939,100,100265,195,99916,400,100341,195,99794,195,100633,195,99687,195,100972,100,99660,100,,,99555,100,,,99536,200,,,99535,100,,,99511,100,,,99491,100
2019-06-28 09:57:22.128361161,100161,195,99939,100,100265,195,99916,400,100341,195,99794,195,100633,195,99687,195,100972,100,99660,100,101144,100,99555,100,,,99536,200,,,99535,100,,,99511,100,,,99491,100
2019-06-28 09:57:30.000000000,100161,229,99939,134,100265,225,99916,430,100341,225,99794,225,100633,100,99687,100,100972,100,99660,100,101144,100,99555,100,,,99536,200,,,99535,100,,,99511,100,,,99491,100
2019-06-28 09:57:40.000000000,100161,229,99939,134,100265,225,99916,430,100341,225,99794,225,100633,100,99687,100,100972,100,99660,100,101144,100,99555,100,,,99536,200,,,99535,100,,,99511,100,,,99491,100
2019-06-28 09:57:50.000000000,100161,480,99939,385,100265,100,99916,305,100341,100,99794,100,100633,100,99687,100,100972,100,99660,100,101144,100,99555,100,,,99536,200,,,99535,100,,,99511,100,,,99491,100
2019-06-28 09:57:51.986779360,100161,480,100081,100,100265,100,99939,385,100341,100,99916,305,100633,100,99794,100,100972,100,99687,100,101144,100,99660,100,,,99555,100,,,99536,200,,,99535,100,,,99511,100
2019-06-28 09:57:54.866806940,100161,480,100081,100,100265,100,99939,385,100341,100,99916,205,100633,100,99794,100,100972,100,99687,100,101144,100,99660,100,,,99555,100,,,99536,200,,,99535,100,,,99511,100
2019-06-28 09:58:00.000000000,100161,176,100081,176,100265,176,99939,81,100341,176,99916,281,100633,176,99794,176,100972,176,99687,176,101144,100,99660,100,,,99555,100,,,99536,200,,,99535,100,,,99511,100
2019-06-28 09:58:04.011450131,100161,76,100081,176,100265,176,99939,81,100341,176,99916,281,100633,176,99794,176,100972,176,99687,176,101144,100,99660,100,,,99555,100,,,99536,200,,,99535,100,,,99511,100
2019-06-28 09:58:10.000000000,100265,195,100081,195,100341,195,99939,100,100633,195,99916,300,100972,195,99794,195,101144,100,99687,100,,,99660,100,,,99555,100,,,99536,200,,,99535,100,,,99511,100
2019-06-28 09:58:10.930938949,100265,195,100081,195,100341,195,99939,100,100594,100,99916,300,100633,195,99794,195,100972,195,99687,100,101144,100,99660,100,,,99555,100,,,99536,200,,,99535,100,,,99511,100
2019-06-28 09:58:20.000000000,100265,176,100081,176,100341,176,99939,81,100594,176,99916,281,100633,176,99794,176,100972,176,99687,176,101144,100,99660,100,,,99555,100,,,99536,200,,,99535,100,,,99511,100
2019-06-28 09:58:30.000000000,100265,195,100081,195,100341,195,99939,100,100594,195,99916,300,100633,195,99794,195,100972,100,99687,100,101144,100,99660,100,,,99555,100,,,99536,200,,,99535,100,,,99511,100
2019-06-28 09:58:40.000000000,100265,229,100081,229,100341,225,99939,130,100594,225,99916,330,100633,100,99794,100,100972,100,99687,100,101144,100,99660,100,,,99555,100,,,99536,200,,,99535,100,,,99511,100
2019-06-28 09:58:50.000000000,100265,480,100081,480,100341,100,99939,5,100594,100,99916,205,100633,100,99794,100,100972,100,99687,100,101144,100,99660,100,,,99555,100,,,99536,200,,,99535,100,,,99511,100
2019-06-28 09:59:00.000000000,100265,290,100081,290,100341,290,99939,195,100594,100,99916,205,100633,100,99794,100,100972,100,99687,100,101144,100,99660,100,,,99555,100,,,99536,200,,,99535,100,,,99511,100
2019-06-28 09:59:10.000000000,100265,195,100081,195,100341,195,99939,100,100594,195,99916,300,100633,195,99794,195,100972,100,99687,100,101144,100,99660,100,,,99555,100,,,99536,200,,,99535,100,,,99511,100
2019-06-28 09:59:20.000000000,100265,290,100081,290,100341,290,99939,195,100594,100,99916,205,100633,100,99794,100,100972,100,99687,100,101144,100,99660,100,,,99555,100,,,99536,200,,,99535,100,,,99511,100
2019-06-28 09:59:30.000000000,100265,229,100081,229,100341,225,99939,130,100594,225,99916,330,100633,100,99794,100,100972,100,99687,100,101144,100,99660,100,,,99555,100,,,99536,200,,,99535,100,,,99511,100
2019-06-28 09:59:40.000000000,100265,480,100081,480,100341,100,99939,5,100594,100,99916,205,100633,100,99794,100,100972,100,99687,100,101144,100,99660,100,,,99555,100,,,99536,200,,,99535,100,,,99511,100
2019-06-28 09:59:40.572496648,100265,480,100081,380,100341,100,99939,5,100594,100,99916,205,100633,100,99794,100,100972,100,99687,100,101144,100,99660,100,,,99555,100,,,99536,200,,,99535,100,,,99511,100
2019-06-28 09:59:50.000000000,100265,290,99939,195,100341,290,99916,395,100594,100,99794,100,100633,100,99687,100,100972,100,99660,100,101144,100,99555,100,,,99536,200,,,99535,100,,,99511,100,,,99473,100
2019-06-28 10:00:00.000000000,100265,229,99939,134,100341,225,99916,330,100594,225,99794,225,100633,100,99687,100,100972,100,99660,100,101144,100,99555,100,,,99536,200,,,99535,100,,,99511,100,,,99473,100
2019-06-28 10:00:08.021942918,100265,229,99939,134,100341,225,99916,330,100594,225,99794,225,100633,100,99687,100,100972,100,99660,100,101144,100,99555,100,,,99536,200,,,99535,100,,,99511,100,,,99473,100
2019-06-28 10:00:08.849960694,100265,229,99939,34,100341,225,99916,330,100594,225,99794,225,100633,100,99687,100,100972,100,99660,100,101144,100,99555,100,,,99536,200,,,99535,100,,,99511,100,,,99473,100
2019-06-28 10:00:10.000000000,100265,480,99916,585,100341,100,99794,100,100594,100,99687,100,100633,100,99660,100,100972,100,99555,100,101144,100,99536,200,,,99535,100,,,99511,100,,,99473,100,,,99430,100
2019-06-28 10:00:13.221541560,100081,100,99916,585,100265,480,99794,100,100341,100,99687,100,100594,100,99660,100,100633,100,99555,100,100972,100,99536,200,101144,100,99535,100,,,99511,100,,,99473,100,,,99430,100
2019-06-28 10:00:19.618467289,100081,100,99916,485,100265,480,99794,100,100341,100,99687,100,100594,100,99660,100,100633,100,99555,100,100972,100,99536,200,101144,100,99535,100,,,99511,100,,,99473,100,,,99430,100
2019-06-28 10:00:20.000000000,100081,195,99916,200,100265,195,99794,195,100341,195,99687,195,100594,195,99660,195,100633,100,99555,100,100972,100,99536,200,101144,100,99535,100,,,99511,100,,,99473,100,,,99430,100
2019-06-28 10:00:24.854443772,100081,195,99916,100,100265,195,99794,195,100341,195,99687,195,100594,195,99660,195,100633,100,99555,100,100972,100,99536,200,101144,100,99535,100,,,99511,100,,,99473,100,,,99430,100
2019-06-28 10:00:30.000000000,100081,195,99916,100,100265,195,99794,195,100341,195,99687,195,100594,195,99660,195,100633,100,99555,100,100972,100,99536,200,101144,100,99535,100,,,99511,100,,,99473,100,,,99430,100
2019-06-28 10:00:38.442572916,100081,195,99916,100,100265,195,99794,195,100341,195,99687,195,100594,195,99660,195,100633,100,99555,100,100972,100,99536,200,101144,100,99535,100,,,99511,100,,,99473,100,,,99430,100
2019-06-28 10:00:40.000000000,100081,229,99916,134,100265,225,99794,225,100341,225,99687,225,100594,100,99660,100,100633,100,99555,100,100972,100,99536,200,101144,100,99535,100,,,99511,100,,,99473,100,,,99430,100
2019-06-28 10:00:43.540811817,100081,229,99916,134,100265,225,99794,225,100341,225,99687,225,100594,100,99660,100,100633,100,99555,100,100972,100,99536,200,,,99535,100,,,99511,100,,,99473,100,,,99430,100
2019-06-28 10:00:48.436208241,100081,229,99916,134,100265,225,99794,225,100341,225,99687,225,100594,100,99660,100,100633,100,99555,100,100972,100,99536,200,,,99535,100,,,99511,100,,,99473,100,,,99430,100
2019-06-28 10:00:50.000000000,100081,229,99916,134,100265,225,99794,225,100341,225,99687,225,100594,100,99660,100,100633,100,99555,100,100972,100,99536,200,,,99535,100,,,99511,100,,,99473,100,,,99430,100
2019-06-28 10:01:00.000000000,100081,480,99916,385,100265,100,99794,100,100341,100,99687,100,100594,100,99660,100,100633,100,99555,100,100972,100,99536,200,,,99535,100,,,99511,100,,,99473,100,,,99430,100
2019-06-28 10:01:10.000000000,100081,480,99916,385,100265,100,99794,100,100341,100,99687,100,100594,100,99660,100,100633,100,99555,100,100972,100,99536,200,,,99535,100,,,99511,100,,,99473,100,,,99430,100
2019-06-28 10:01:20.000000000,100081,195,99916,100,100265,195,99794,195,100341,195,99687,195,100594,195,99660,195,100633,100,99555,100,100972,100,99536,200,,,99535,100,,,99511,100,,,99473,100,,,99430,100
2019-06-28 10:01:30.000000000,100081,195,99916,100,100265,195,99794,195,100341,195,99687,195,100594,195,99660,195,100633,100,99555,100,100972,100,99536,200,,,99535,100,,,99511,100,,,99473,100,,,99430,100
2019-06-28 10:01:40.000000000,100081,290,99916,195,100265,290,99794,290,100341,100,99687,100,100594,100,99660,100,100633,100,99555,100,100972,100,99536,200,,,99535,100,,,99511,100,,,99473,100,,,99430,100
2019-06-28 10:01:50.000000000,100081,480,99916,385,100265,100,99794,100,100341,100,99687,100,100594,100,99660,100,100633,100,99555,100,100972,100,99536,200,,,99535,100,,,99511,100,,,99473,100,,,99430,100
2019-06-28 10:01:56.141794079,100081,480,99916,285,100265,100,99794,100,100341,100,99687,100,100594,100,99660,100,100633,100,99555,100,100972,100,99536,200,,,99535,100,,,99511,100,,,99473,100,,,99430,100
2019-06-28 10:01:56.962032871,100081,480,99916,185,100265,100,99794,100,100341,100,99687,100,100594,100,99660,100,100633,100,99555,100,100972,100,99536,200,,,99535,100,,,99511,100,,,99473,100,,,99430,100
2019-06-28 10:01:58.273371084,100081,480,99916,85,100265,100,99794,100,100341,100,99687,100,100594,100,99660,100,100633,100,99555,100,100972,100,99536,200,,,99535,100,,,99511,100,,,99473,100,,,99430,100
2019-06-28 10:02:00.000000000,100081,290,99794,290,100265,290,99687,290,100341,100,99660,100,100594,100,99555,100,100633,100,99536,200,100972,100,99535,100,,,99511,100,,,99473,100,,,99430,100,,,99414,100
2019-06-28 10:02:10.000000000,100081,229,99794,229,100265,225,99687,225,100341,225,99660,225,100594,100,99555,100,100633,100,99536,200,100972,100,99535,100,,,99511,100,,,99473,100,,,99430,100,,,99414,100
2019-06-28 10:02:20.000000000,100081,195,99794,195,100265,195,99687,195,100341,195,99660,195,100594,195,99555,195,100633,100,99536,200,100972,100,99535,100,,,99511,100,,,99473,100,,,99430,100,,,99414,100
2019-06-28 10:02:24.732733821,100081,195,99794,95,100265,195,99687,195,100341,195,99660,195,100594,195,99555,195,100633,100,99536,200,100972,100,99535,100,,,99511,100,,,99473,100,,,99430,100,,,99414,100
2019-06-28 10:02:30.000000000,100081,195,99687,195,100265,195,99660,195,100341,195,99555,195,100594,195,99536,295,100633,100,99535,100,100972,100,99511,100,,,99473,100,,,99430,100,,,99414,100,,,99248,100
2019-06-28 10:02:40.000000000,100081,229,99687,229,100265,225,99660,225,100341,225,99555,225,100594,100,99536,200,100633,100,99535,100,100972,100,99511,100,,,99473,100,,,99430,100,,,99414,100,,,99248,100
2019-06-28 10:02:45.000351177,100081,229,99687,229,100265,225,99660,225,100341,225,99555,225,100594,100,99536,200,100633,100,99535,100,100972,100,99511,100,,,99473,100,,,99430,100,,,99414,100,,,99248,100
2019-06-28 10:02:50.000000000,100081,229,99687,229,100265,225,99660,225,100341,225,99555,225,100594,100,99536,200,100633,100,99535,100,100972,100,99511,100,,,99473,100,,,99430,100,,,99414,100,,,99248,100
2019-06-28 10:02:51.596973785,100081,229,99687,229,100265,225,99660,225,100341,225,99555,225,100594,100,99536,200,100633,100,99535,100,100972,100,99511,100,,,99473,100,,,99430,100,,,99414,100,,,99248,100
2019-06-28 10:03:00.000000000,100081,290,99687,290,100265,290,99660,290,100341,100,99555,100,100594,100,99536,200,100633,100,99535,100,100972,100,99511,100,,,99473,100,,,99430,100,,,99414,100,,,99248,100
2019-06-28 10:03:01.244792451,100081,290,99687,190,100265,290,99660,290,100341,100,99555,100,100594,100,99536,200,100633,100,99535,100,100972,100,99511,100,,,99473,100,,,99430,100,,,99414,100,,,99248,100
2019-06-28 10:03:07.302551786,100081,290,99687,90,100265,290,99660,290,100341,100,99555,100,100594,100,99536,200,100633,100,99535,100,100972,100,99511,100,,,99473,100,,,99430,100,,,99414,100,,,99248,100
2019-06-28 10:03:10.000000000,100081,195,99660,195,100265,195,99555,195,100341,195,99536,295,100594,195,99535,195,100633,100,99511,100,100972,100,99473,100,,,99430,100,,,99414,100,,,99248,100,,,99106,100
2019-06-28 10:03:14.676570597,100081,195,99660,95,100265,195,99555,195,100341,195,99536,295,100594,195,99535,195,100633,100,99511,100,100972,100,99473,100,,,99430,100,,,99414,100,,,99248,100,,,99106,100
2019-06-28 10:03:17.200254990,99687,100,99660,95,100081,195,99555,195,100265,195,99536,195,100341,195,99535,195,100594,195,99511,100,100633,100,99473,100,100972,100,99430,100,,,99414,100,,,99248,100,,,99106,100
2019-06-28 10:03:19.947880111,99660,5,99555,195,99687,100,99536,195,100081,195,99535,195,100265,195,99473,100,100341,195,99430,100,100594,195,99414,100,100633,100,99248,100,100972,100,99106,100,,,98940,100,,,98898,100
2019-06-28 10:03:20.000000000,99660,100,99555,195,99687,195,99536,195,100081,195,99535,195,100265,195,99473,195,100341,100,99430,100,100594,100,99414,100,100633,100,99248,100,100972,100,99106,100,,,98940,100,,,98898,100
2019-06-28 10:03:30.000000000,99660,385,99555,480,99687,100,99536,100,100081,100,99535,100,100265,100,99473,100,100341,100,99430,100,100594,100,99414,100,100633,100,99248,100,100972,100,99106,100,,,98940,100,,,98898,100
2019-06-28 10:03:40.000000000,99660,100,99555,195,99687,195,99536,195,100081,195,99535,195,100265,195,99473,195,100341,100,99430,100,100594,100,99414,100,100633,100,99248,100,100972,100,99106,100,,,98940,100,,,98898,100
2019-06-28 10:03:50.000000000,99660,134,99555,229,99687,225,99536,225,100081,225,99535,225,100265,100,99473,100,100341,100,99430,100,100594,100,99414,100,100633,100,99248,100,100972,100,99106,100,,,98940,100,,,98898,100
2019-06-28 10:03:57.234672623,99660,234,99555,229,99687,225,99536,225,100081,225,99535,225,100265,100,99473,100,100341,100,99430,100,100594,100,99414,100,100633,100,99248,100,100972,100,99106,100,,,98940,100,,,98898,100
2019-06-28 10:04:00.000000000,99660,200,99555,195,99687,195,99536,195,100081,195,99535,195,100265,195,99473,195,100341,100,99430,100,100594,100,99414,100,100633,100,99248,100,100972,100,99106,100,,,98940,100,,,98898,100
2019-06-28 10:04:10.000000000,99660,181,99555,176,99687,176,99536,176,100081,176,99535,176,100265,176,99473,176,100341,176,99430,176,100594,100,99414,100,100633,100,99248,100,100972,100,99106,100,,,98940,100,,,98898,100
2019-06-28 10:04:17.107073807,99660,181,99555,76,99687,176,99536,176,100081,176,99535,176,100265,176,99473,176,100341,176,99430,176,100594,100,99414,100,100633,100,99248,100,100972,100,99106,100,,,98940,100,,,98898,100
2019-06-28 10:04:20.000000000,99660,234,99536,229,99687,225,99535,225,100081,225,99473,225,100265,100,99430,100,100341,100,99414,100,100594,100,99248,100,100633,100,99106,100,100972,100,98940,100,,,98898,100,,,98893,100
2019-06-28 10:04:25.021336216,99660,234,99536,129,99687,225,99535,225,100081,225,99473,225,100265,100,99414,100,100341,100,99248,100,100594,100,99106,100,100633,100,98940,100,100972,100,98898,100,,,98893,100,,,98880,100
2019-06-28 10:04:30.000000000,99660,295,99535,290,99687,290,99473,290,100081,100,99414,100,100265,100,99248,100,100341,100,99106,100,100594,100,98940,100,100633,100,98898,100,100972,100,98893,100,,,98880,100,,,98820,100
2019-06-28 10:04:31.160398510,99660,295,99535,190,99687,290,99473,290,100081,100,99414,100,100265,100,99248,100,100341,100,99106,100,100594,100,98940,100,100633,100,98898,100,100972,100,98893,100,,,98880,100,,,98820,100
2019-06-28 10:04:32.463915195,99660,295,99535,90,99687,290,99473,290,100081,100,99414,100,100265,100,99248,100,100341,100,99106,100,100594,100,98940,100,100633,100,98898,100,100972,100,98893,100,,,98880,100,,,98820,100
2019-06-28 10:04:40.000000000,99660,200,99473,195,99687,195,99414,195,100081,195,99248,195,100265,195,99106,195,100341,100,98940,100,100594,100,98898,100,100633,100,98893,100,100972,100,98880,100,,,98820,100,,,98466,100
2019-06-28 10:04:50.000000000,99660,234,99473,229,99687,225,99414,225,100081,225,99248,225,100265,100,99106,100,100341,100,98940,100,100594,100,98898,100,100633,100,98893,100,100972,100,98880,100,,,98820,100,,,98466,100
2019-06-28 10:05:00.000000000,99660,485,99473,480,99687,100,99414,100,100081,100,99248,100,100265,100,99106,100,100341,100,98940,100,100594,100,98898,100,100633,100,98893,100,100972,100,98880,100,,,98820,100,,,98466,100
2019-06-28 10:05:10.000000000,99660,181,99473,176,99687,176,99414,176,100081,176,99248,176,100265,176,99106,176,100341,176,98940,176,100594,100,98898,100,100633,100,98893,100,100972,100,98880,100,,,98820,100,,,98466,100
2019-06-28 10:05:20.000000000,99660,485,99473,480,99687,100,99414,100,100081,100,99248,100,100265,100,99106,100,100341,100,98940,100,100594,100,98898,100,100633,100,98893,100,100972,100,98880,100,,,98820,100,,,98466,100
2019-06-28 10:05:30.000000000,99660,181,99473,176,99687,176,99414,176,100081,176,99248,176,100265,176,99106,176,100341,176,98940,176,100594,100,98898,100,100633,100,98893,100,100972,100,98880,100,,,98820,100,,,98466,100
2019-06-28 10:05:30.277583797,99660,181,99535,100,99687,176,99473,176,100081,176,99414,176,100265,176,99248,176,100341,176,99106,176,100594,100,98940,176,100633,100,98898,100,100972,100,98893,100,,,98880,100,,,98820,100
2019-06-28 10:05:32.900476757,99660,81,99535,100,99687,176,99473,176,100081,176,99414,176,100265,176,99248,176,100341,176,99106,176,100594,100,98940,176,100633,100,98898,100,100972,100,98893,100,,,98880,100,,,98820,100
2019-06-28 10:05:40.000000000,99660,385,99535,480,99687,100,99473,100,100081,100,99414,100,100265,100,99248,100,100341,100,99106,100,100594,100,98940,100,100633,100,98898,100,100972,100,98893,100,,,98880,100,,,98820,100
2019-06-28 10:05:43.222431850,99660,385,99535,480,99687,100,99473,100,99932,100,99414,100,100081,100,99248,100,100265,100,99106,100,100341,100,98940,100,100594,100,98898,100,100633,100,98893,100,100972,100,98880,100,,,98820,100
2019-06-28 10:05:50.000000000,99660,134,99535,229,99687,225,99473,225,99932,225,99414,225,100081,100,99248,100,100265,100,99106,100,100341,100,98940,100,100594,100,98898,100,100633,100,98893,100,100972,100,98880,100,,,98820,100
2019-06-28 10:05:55.641708143,99660,134,99598,100,99687,225,99535,229,99932,225,99473,225,100081,100,99414,225,100265,100,99248,100,100341,100,99106,100,100594,100,98940,100,100633,100,98898,100,100972,100,98893,100,,,98880,100
2019-06-28 10:06:00.000000000,99660,385,99598,480,99687,100,99535,100,99932,100,99473,100,100081,100,99414,100,100265,100,99248,100,100341,100,99106,100,100594,100,98940,100,100633,100,98898,100,100972,100,98893,100,,,98880,100
2019-06-28 10:06:10.000000000,99660,100,99598,195,99687,195,99535,195,99932,195,99473,195,100081,195,99414,195,100265,100,99248,100,100341,100,99106,100,100594,100,98940,100,100633,100,98898,100,100972,100,98893,100,,,98880,100
2019-06-28 10:06:12.423922543,99660,100,99598,195,99673,100,99535,195,99687,195,99473,195,99932,195,99414,195,100081,195,99248,100,100265,100,99106,100,100341,100,98898,100,100594,100,98893,100,100633,100,98880,100,100972,100,98820,100
2019-06-28 10:06:20.000000000,99660,81,99598,176,99673,176,99535,176,99687,176,99473,176,99932,176,99414,176,100081,176,99248,176,100265,100,99106,100,100341,100,98898,100,100594,100,98893,100,100633,100,98880,100,100972,100,98820,100
2019-06-28 10:06:30.000000000,99660,100,99598,195,99673,195,99535,195,99687,195,99473,195,99932,195,99414,195,100081,100,99248,100,100265,100,99106,100,100341,100,98898,100,100594,100,98893,100,100633,100,98880,100,100972,100,98820,100
2019-06-28 10:06:34.756343112,99659,100,99598,195,99660,100,99535,195,99673,195,99473,195,99687,195,99414,195,99932,195,99248,100,100081,100,99106,100,100265,100,98898,100,100341,100,98893,100,100594,100,98880,100,100633,100,98820,100
2019-06-28 10:06:40.000000000,99659,480,99598,480,99660,5,99535,100,99673,100,99473,100,99687,100,99414,100,99932,100,99248,100,100081,100,99106,100,100265,100,98898,100,100341,100,98893,100,100594,100,98880,100,100633,100,98820,100
2019-06-28 10:06:45.347246093,99659,480,99598,480,99673,100,99535,100,99687,100,99473,100,99932,100,99414,100,100081,100,99248,100,100265,100,99106,100,100341,100,98898,100,100594,100,98893,100,100633,100,98880,100,100972,100,98820,100
2019-06-28 10:06:50.000000000,99659,195,99598,195,99673,195,99535,195,99687,195,99473,195,99932,195,99414,195,100081,100,99248,100,100265,100,99106,100,100341,100,98898,100,100594,100,98893,100,100633,100,98880,100,100972,100,98820,100
2019-06-28 10:06:53.480144052,99659,195,99598,195,99673,195,99535,195,99687,195,99473,95,99932,195,99414,195,100081,100,99248,100,100265,100,99150,100,100341,100,99106,100,100594,100,98898,100,100633,100,98893,100,100972,100,98880,100
2019-06-28 10:07:00.000000000,99659,290,99598,290,99673,290,99535,290,99687,100,99414,100,99932,100,99248,100,100081,100,99150,100,100265,100,99106,100,100341,100,98898,100,100594,100,98893,100,100633,100,98880,100,100972,100,98820,100
2019-06-28 10:07:08.847827416,99659,290,99598,190,99673,290,99535,290,99687,100,99414,100,99932,100,99248,100,100081,100,99150,100,100265,100,99106,100,100341,100,98898,100,100594,100,98893,100,100633,100,98880,100,100972,100,98820,100
2019-06-28 10:07:10.000000000,99659,176,99535,176,99673,176,99414,176,99687,176,99248,176,99932,176,99150,176,100081,176,99106,176,100265,100,98898,100,100341,100,98893,100,100594,100,98880,100,100633,100,98820,100,100972,100,98466,100
