,ask_price_1,ask_size_1,bid_price_1,bid_size_1,ask_price_2,ask_size_2,bid_price_2,bid_size_2,ask_price_3,ask_size_3,bid_price_3,bid_size_3,ask_price_4,ask_size_4,bid_price_4,bid_size_4,ask_price_5,ask_size_5,bid_price_5,bid_size_5,ask_price_6,ask_size_6,bid_price_6,bid_size_6,ask_price_7,ask_size_7,bid_price_7,bid_size_7,ask_price_8,ask_size_8,bid_price_8,bid_size_8,ask_price_9,ask_size_9,bid_price_9,bid_size_9,ask_price_10,ask_size_10,bid_price_10,bid_size_10
2019-06-28 09:30:00.000000000,,,99925,100,,,,,,,,,,,,,,,,,,,,,,,,,,,,,,,,,,,,
2019-06-28 09:30:00.000000001,100042,100,99925,100,,,,,,,,,,,,,,,,,,,,,,,,,,,,,,,,,,,,
2019-06-28 09:30:00.000000003,100042,100,99925,100,100249,100,,,,,,,,,,,,,,,,,,,,,,,,,,,,,,,,,,
2019-06-28 09:30:00.000000004,100042,100,99925,100,100090,100,,,100249,100,,,,,,,,,,,,,,,,,,,,,,,,,,,,,,
2019-06-28 09:30:00.000000006,99985,100,99925,100,100042,100,,,100090,100,,,100249,100,,,,,,,,,,,,,,,,,,,,,,,,,,
2019-06-28 09:30:00.000000007,99985,100,99950,100,100042,100,99925,100,100090,100,,,100249,100,,,,,,,,,,,,,,,,,,,,,,,,,,
2019-06-28 09:30:00.000000008,99985,100,99950,100,100042,100,99925,100,100090,100,,,100114,100,,,100249,100,,,,,,,,,,,,,,,,,,,,,,
2019-06-28 09:30:00.000000013,99985,100,99950,100,100042,100,99925,100,100069,100,,,100090,100,,,100114,100,,,100249,100,,,,,,,,,,,,,,,,,,
2019-06-28 09:30:00.000000014,99985,100,99950,100,100042,100,99925,100,100069,100,,,100078,100,,,100090,100,,,100114,100,,,100249,100,,,,,,,,,,,,,,
2019-06-28 09:30:00.000000015,99985,100,99950,100,100042,100,99925,100,100069,100,,,100076,100,,,100078,100,,,100090,100,,,100114,100,,,100249,100,,,,,,,,,,
2019-06-28 09:30:00.000000016,99985,100,99950,100,100042,100,99925,100,100069,100,99885,100,100076,100,,,100078,100,,,100090,100,,,100114,100,,,100249,100,,,,,,,,,,
2019-06-28 09:30:00.000000017,99985,100,99950,100,100032,100,99925,100,100042,100,99885,100,100069,100,,,100076,100,,,100078,100,,,100090,100,,,100114,100,,,100249,100,,,,,,
2019-06-28 09:30:00.000000018,99985,100,99950,100,100032,100,99925,100,100042,100,99908,100,100069,100,99885,100,100076,100,99789,100,100078,100,,,100090,100,,,100114,100,,,100249,100,,,,,,
2019-06-28 09:30:00.000000020,99985,100,99963,100,100032,100,99950,100,100042,100,99925,100,100069,100,99908,100,100076,100,99906,100,100078,100,99885,100,100090,100,99789,100,100114,100,,,100131,100,,,100249,100,,
2019-06-28 09:30:00.000000021,99985,100,99963,100,100032,100,99950,100,100042,100,99925,100,100069,100,99908,100,100076,100,99906,100,100078,100,99885,100,100090,100,99789,100,100111,100,,,100114,100,,,100131,100,,
2019-06-28 09:30:00.000000023,100032,100,99963,100,100042,100,99950,100,100069,100,99925,100,100076,100,99908,100,100078,100,99906,100,100090,100,99885,100,100111,100,99789,100,100114,100,,,100131,100,,,100164,100,,
2019-06-28 09:30:00.000000024,100032,100,99963,100,100042,100,99950,100,100062,100,99925,100,100069,100,99908,100,100076,100,99906,100,100078,100,99885,100,100090,100,99789,100,100111,100,,,100114,100,,,100131,100,,
2019-06-28 09:30:00.000000025,100032,100,99963,100,100042,100,99950,100,100053,100,99925,100,100062,100,99908,100,100069,100,99906,100,100076,100,99885,100,100078,100,99789,100,100090,100,,,100111,100,,,100114,100,,
2019-06-28 09:30:00.000000027,100032,100,99993,100,100042,100,99963,100,100053,100,99950,100,100062,100,99925,100,100069,100,99908,100,100076,100,99906,100,100078,100,99885,100,100090,100,99789,100,100111,100,,,100114,100,,
2019-06-28 09:30:00.000000028,100032,100,99993,100,100042,100,99972,100,100053,100,99963,100,100062,100,99950,100,100069,100,99925,100,100076,100,99908,100,100078,100,99906,100,100090,100,99885,100,100111,100,99789,100,100114,100,,
2019-06-28 09:30:00.000000030,100032,100,99978,100,100035,100,99972,100,100042,100,99963,100,100053,100,99950,100,100062,100,99925,100,100069,100,99908,100,100076,100,99906,100,100078,100,99885,100,100090,100,99789,100,100111,100,,
2019-06-28 09:30:00.000000032,100032,100,99978,100,100035,100,99972,100,100042,100,99963,100,100053,100,99950,100,100062,100,99925,100,100069,100,99908,100,100076,100,99906,100,100078,100,99891,100,100090,100,99885,100,100111,100,99789,100
2019-06-28 09:30:00.000000034,100032,100,99978,100,100035,100,99972,100,100042,100,99963,100,100053,100,99950,100,100062,100,99925,100,100069,100,99908,100,100076,100,99906,100,100077,100,99891,100,100078,100,99885,100,100087,100,99789,100
2019-06-28 09:30:00.000000038,99993,100,99978,100,100032,100,99972,100,100035,100,99963,100,100042,100,99950,100,100053,100,99925,100,100062,100,99908,100,100069,100,99906,100,100076,100,99891,100,100077,100,99885,100,100078,100,99789,100
2019-06-28 09:30:00.000000041,99993,100,99978,100,100032,100,99972,100,100035,100,99963,100,100042,100,99950,100,100053,100,99941,100,100062,100,99925,100,100069,100,99908,100,100076,100,99906,100,100077,100,99891,100,100078,100,99890,100
2019-06-28 09:30:00.000000043,99993,100,99978,100,100032,100,99972,100,100035,100,99963,100,100042,100,99950,100,100053,100,99941,100,100062,100,99929,100,100069,100,99925,100,100076,100,99908,100,100077,100,99906,100,100078,100,99891,100
2019-06-28 09:30:00.000000045,100032,100,99978,100,100035,100,99972,100,100042,100,99963,100,100053,100,99950,100,100062,100,99941,100,100069,100,99929,100,100076,100,99925,100,100077,100,99908,100,100078,100,99906,100,100087,100,99891,100
2019-06-28 09:30:00.000000049,100032,100,99978,100,100035,100,99972,100,100042,100,99963,100,100053,100,99950,100,100062,100,99941,100,100069,100,99929,100,100076,100,99925,100,100077,100,99908,100,100078,100,99906,100,100087,100,99891,100
2019-06-28 09:30:00.000000051,100032,100,99978,100,100035,100,99972,100,100042,100,99963,100,100053,100,99950,100,100062,100,99941,100,100069,100,99929,100,100073,100,99925,100,100076,100,99908,100,100077,100,99906,100,100078,100,99891,100
2019-06-28 09:30:00.000000053,99993,100,99978,100,100032,100,99972,100,100035,100,99963,100,100042,100,99950,100,100053,100,99941,100,100062,100,99929,100,100069,100,99925,100,100073,100,99908,100,100076,100,99906,100,100077,100,99891,100
2019-06-28 09:30:00.000000054,99993,100,99972,100,100032,100,99963,100,100035,100,99950,100,100042,100,99941,100,100053,100,99929,100,100062,100,99925,100,100069,100,99908,100,100073,100,99906,100,100076,100,99891,100,100077,100,99890,100
2019-06-28 09:30:00.000000059,99993,100,99972,100,100032,100,99970,100,100035,100,99963,100,100042,100,99950,100,100053,100,99941,100,100062,100,99929,100,100069,100,99925,100,100073,100,99908,100,100076,100,99906,100,100077,100,99891,100
2019-06-28 09:30:00.000000061,99993,100,99978,100,100032,100,99972,100,100035,100,99970,100,100042,100,99963,100,100053,100,99950,100,100062,100,99941,100,100069,100,99929,100,100073,100,99925,100,100076,100,99908,100,100077,100,99906,100
2019-06-28 09:30:00.000000064,99993,100,99978,100,100032,100,99972,100,100035,100,99970,100,100042,100,99963,100,100053,100,99950,100,100062,100,99941,100,100069,100,99929,100,100073,100,99925,100,100076,100,99908,100,100077,100,99906,100
2019-06-28 09:30:00.000000066,99993,100,99978,100,100032,100,99972,100,100035,100,99970,100,100042,100,99963,100,100053,100,99950,100,100062,100,99941,100,100069,100,99929,100,100073,100,99925,100,100076,100,99908,100,100077,100,99906,100
2019-06-28 09:30:00.000000067,99993,100,99978,100,100032,100,99972,100,100035,100,99970,100,100042,100,99963,100,100053,100,99950,100,100054,100,99941,100,100062,100,99929,100,100069,100,99925,100,100073,100,99908,100,100076,100,99906,100
2019-06-28 09:30:00.000000069,99993,100,99978,100,100011,100,99972,100,100032,100,99970,100,100035,100,99963,100,100042,100,99950,100,100053,100,99941,100,100054,100,99938,100,100062,100,99929,100,100069,100,99925,100,100073,100,99922,100
2019-06-28 09:30:00.000000070,99993,200,99978,100,100011,100,99972,100,100032,100,99970,100,100035,100,99963,100,100042,100,99950,100,100053,100,99941,100,100054,100,99938,100,100062,100,99929,100,100069,100,99925,100,100073,100,99922,100
2019-06-28 09:30:00.000000071,99992,100,99978,100,99993,200,99972,100,100011,100,99970,100,100032,100,99963,100,100035,100,99950,100,100042,100,99941,100,100053,100,99938,100,100054,100,99929,100,100062,100,99925,100,100069,100,99922,100
2019-06-28 09:30:00.000000072,99992,100,99978,100,99993,200,99972,100,100011,100,99970,100,100032,100,99963,100,100035,100,99950,100,100042,100,99941,100,100053,100,99938,100,100054,100,99929,100,100062,100,99925,100,100063,100,99922,100
2019-06-28 09:30:00.000000073,99993,200,99978,100,100011,100,99972,100,100032,100,99970,100,100035,100,99963,100,100042,100,99950,100,100053,100,99941,100,100054,100,99938,100,100062,100,99929,100,100063,100,99925,100,100069,100,99922,100
2019-06-28 09:30:00.000000076,99992,100,99978,100,99993,200,99972,100,100011,100,99970,100,100032,100,99963,100,100035,100,99950,100,100042,100,99941,100,100053,100,99938,100,100054,100,99929,100,100062,100,99925,100,100063,100,99922,100
2019-06-28 09:30:00.000000080,99986,100,99978,100,99992,100,99972,100,99993,200,99970,100,100011,100,99963,100,100032,100,99950,100,100035,100,99941,100,100042,100,99938,100,100053,100,99929,100,100054,100,99925,100,100062,100,99922,100
2019-06-28 09:30:00.000000082,99992,100,99978,100,99993,200,99972,100,100011,100,99970,100,100032,100,99963,100,100035,100,99950,100,100042,100,99941,100,100053,100,99938,100,100054,100,99929,100,100062,100,99925,100,100063,100,99922,100
2019-06-28 09:30:00.000000083,99992,100,99978,100,99993,200,99972,100,100011,100,99970,100,100032,100,99963,100,100035,100,99950,100,100042,100,99941,100,100053,100,99938,100,100054,100,99929,100,100062,100,99925,100,100063,100,99922,100
2019-06-28 09:30:00.000000095,99992,100,99978,100,99993,200,99972,100,100011,100,99970,100,100032,100,99963,100,100035,100,99950,100,100042,100,99941,100,100053,100,99938,100,100054,100,99929,100,100062,100,99925,100,100063,100,99922,100
2019-06-28 09:30:00.000000097,99993,200,99978,100,100011,100,99972,100,100032,100,99970,100,100035,100,99963,100,100042,100,99950,100,100053,100,99941,100,100054,100,99938,100,100062,100,99929,100,100063,100,99925,100,100064,100,99922,100
2019-06-28 09:30:00.000000098,99993,200,99978,100,100011,100,99972,100,100032,100,99970,100,100035,100,99963,100,100042,100,99950,100,100053,100,99941,100,100054,100,99938,100,100062,100,99929,100,100063,100,99925,100,100064,100,99922,100
2019-06-28 09:30:00.000000099,99993,200,99978,100,100011,100,99972,100,100032,100,99970,100,100035,100,99963,100,100042,100,99950,100,100053,100,99941,100,100054,100,99938,100,100062,100,99929,100,100063,100,99925,100,100064,100,99922,100
2019-06-28 09:30:03.363372957,99993,200,99992,100,100011,100,99978,100,100032,100,99972,100,100035,100,99970,100,100042,100,99963,100,100053,100,99950,100,100054,100,99941,100,100062,100,99938,100,100063,100,99929,100,100064,100,99925,100
2019-06-28 09:30:04.088343461,99993,200,99992,100,100011,100,99978,100,100032,100,99972,100,100035,100,99970,100,100042,100,99963,100,100053,100,99950,100,100054,100,99941,100,100062,100,99938,100,100063,100,99929,100,100064,100,99925,100
2019-06-28 09:30:04.792278291,99993,200,99992,100,100011,100,99978,100,100032,100,99972,100,100035,100,99970,100,100042,100,99950,100,100053,100,99941,100,100054,100,99938,100,100062,100,99929,100,100063,100,99925,100,100064,100,99922,100
2019-06-28 09:30:04.820181843,99993,200,99992,100,100011,100,99978,100,100032,100,99972,100,100035,100,99970,100,100042,100,99950,100,100053,100,99941,100,100054,100,99938,100,100062,100,99929,100,100063,100,99925,100,100064,100,99922,100
2019-06-28 09:30:10.000000000,99993,263,99992,163,100011,163,99978,163,100032,163,99972,163,100035,163,99970,163,100042,100,99950,100,100053,100,99941,100,100054,100,99938,100,100062,100,99929,100,100063,100,99925,100,100064,100,99922,100
2019-06-28 09:30:20.000000000,99993,326,99992,226,100011,226,99978,226,100032,100,99972,100,100035,100,99970,100,100042,100,99950,100,100053,100,99941,100,100054,100,99938,100,100062,100,99929,100,100063,100,99925,100,100064,100,99922,100
2019-06-28 09:30:24.418128203,99993,426,99992,226,100011,226,99978,226,100032,100,99972,100,100035,100,99970,100,100042,100,99950,100,100053,100,99941,100,100054,100,99938,100,100062,100,99929,100,100063,100,99925,100,100064,100,99922,100
2019-06-28 09:30:30.000000000,99993,426,99992,226,100011,226,99978,226,100032,100,99972,100,100035,100,99970,100,100042,100,99950,100,100053,100,99941,100,100054,100,99938,100,100062,100,99929,100,100063,100,99925,100,100064,100,99922,100
2019-06-28 09:30:34.925254801,99993,526,99992,226,100011,226,99978,226,100035,100,99972,100,100042,100,99970,100,100053,100,99950,100,100054,100,99941,100,100062,100,99938,100,100063,100,99929,100,100064,100,99925,100,100066,100,99922,100
2019-06-28 09:30:40.000000000,99993,526,99992,226,100011,226,99978,226,100035,100,99972,100,100042,100,99970,100,100053,100,99950,100,100054,100,99941,100,100062,100,99938,100,100063,100,99929,100,100064,100,99925,100,100066,100,99922,100
2019-06-28 09:30:41.437859943,99993,526,99992,126,100011,226,99978,226,100035,100,99972,100,100042,100,99970,100,100053,100,99950,100,100054,100,99941,100,100062,100,99938,100,100063,100,99929,100,100064,100,99925,100,100066,100,99922,100
2019-06-28 09:30:41.984925194,99993,526,99992,126,100011,226,99978,226,100035,100,99972,100,100042,100,99970,100,100053,100,99950,100,100054,100,99941,100,100062,100,99938,100,100063,100,99929,100,100064,100,99925,100,100066,100,99922,100
2019-06-28 09:30:50.000000000,99993,526,99978,226,100011,226,99972,226,100035,100,99970,100,100042,100,99950,100,100053,100,99941,100,100054,100,99938,100,100062,100,99929,100,100063,100,99925,100,100064,100,99922,100,100066,100,99906,100
2019-06-28 09:30:50.144048584,99992,100,99978,226,99993,526,99972,226,100011,226,99970,100,100035,100,99950,100,100042,100,99941,100,100053,100,99938,100,100054,100,99929,100,100062,100,99925,100,100063,100,99922,100,100064,100,99906,100
2019-06-28 09:31:00.000000000,99992,186,99978,186,99993,483,99972,183,100011,183,99970,183,100035,100,99950,100,100042,100,99941,100,100053,100,99938,100,100054,100,99929,100,100062,100,99925,100,100063,100,99922,100,100064,100,99906,100
2019-06-28 09:31:07.143815408,99992,186,99978,86,99993,483,99972,183,100011,183,99970,183,100035,100,99950,100,100042,100,99941,100,100053,100,99938,100,100054,100,99929,100,100062,100,99925,100,100063,100,99922,100,100064,100,99906,100
2019-06-28 09:31:10.000000000,99992,352,99972,352,99993,400,99970,100,100011,100,99950,100,100035,100,99941,100,100042,100,99938,100,100053,100,99929,100,100054,100,99925,100,100062,100,99922,100,100063,100,99906,100,100064,100,99897,100
2019-06-28 09:31:19.236544023,99992,352,99972,252,99993,400,99970,100,100011,100,99950,100,100035,100,99941,100,100042,100,99938,100,100053,100,99929,100,100054,100,99925,100,100062,100,99906,100,100063,100,99897,100,100064,100,99891,100
2019-06-28 09:31:19.974619980,99992,352,99972,252,99993,400,99970,100,100011,100,99950,100,100035,100,99941,100,100042,100,99938,100,100053,100,99925,100,100054,100,99906,100,100062,100,99897,100,100063,100,99891,100,100064,100,99885,100
2019-06-28 09:31:20.000000000,99992,163,99970,163,99993,463,99950,163,100011,163,99941,163,100035,163,99938,163,100042,100,99925,100,100053,100,99906,100,100054,100,99897,100,100062,100,99891,100,100063,100,99885,100,100064,100,99877,100
2019-06-28 09:31:30.000000000,99992,163,99970,163,99993,463,99950,163,100011,163,99941,163,100035,163,99938,163,100042,100,99925,100,100053,100,99906,100,100054,100,99897,100,100062,100,99891,100,100063,100,99885,100,100064,100,99877,100
2019-06-28 09:31:32.125895153,99978,100,99970,163,99992,163,99950,163,99993,463,99941,163,100011,163,99938,163,100035,163,99925,100,100042,100,99906,100,100053,100,99897,100,100054,100,99891,100,100062,100,99885,100,100063,100,99877,100
2019-06-28 09:31:33.982534491,99978,100,99970,63,99992,163,99950,163,99993,463,99941,163,100011,163,99938,163,100035,163,99925,100,100042,100,99906,100,100053,100,99897,100,100054,100,99891,100,100062,100,99885,100,100063,100,99877,100
2019-06-28 09:31:35.151081984,99978,100,99970,63,99992,163,99950,163,99993,463,99941,163,100011,163,99938,163,100035,163,99925,100,100042,100,99906,100,100053,100,99897,100,100054,100,99891,100,100063,100,99885,100,100064,100,99877,100
2019-06-28 09:31:40.000000000,99978,352,99950,352,99992,100,99941,100,99993,400,99938,100,100011,100,99925,100,100035,100,99906,100,100042,100,99897,100,100053,100,99891,100,100054,100,99885,100,100063,100,99877,100,100064,100,99869,100
2019-06-28 09:31:50.000000000,99978,186,99950,186,99992,183,99941,183,99993,483,99938,183,100011,100,99925,100,100035,100,99906,100,100042,100,99897,100,100053,100,99891,100,100054,100,99885,100,100063,100,99877,100,100064,100,99869,100
2019-06-28 09:32:00.000000000,99978,150,99950,150,99992,150,99941,150,99993,450,99938,150,100011,150,99925,150,100035,150,99906,150,100042,100,99897,100,100053,100,99891,100,100054,100,99885,100,100063,100,99877,100,100064,100,99869,100
2019-06-28 09:32:09.316898917,99972,100,99950,150,99978,150,99941,150,99992,150,99938,150,99993,450,99925,150,100011,150,99906,150,100035,150,99897,100,100042,100,99891,100,100053,100,99885,100,100054,100,99877,100,100063,100,99869,100
2019-06-28 09:32:10.000000000,99972,150,99950,150,99978,150,99941,150,99992,150,99938,150,99993,450,99925,150,100011,150,99906,150,100035,100,99897,100,100042,100,99891,100,100053,100,99885,100,100054,100,99877,100,100063,100,99869,100
2019-06-28 09:32:14.138648319,99972,150,99950,50,99978,150,99941,150,99992,150,99938,150,99993,450,99925,150,100011,150,99906,150,100035,100,99897,100,100042,100,99891,100,100053,100,99885,100,100054,100,99877,100,100063,100,99869,100
2019-06-28 09:32:20.000000000,99972,186,99941,186,99978,183,99938,183,99992,183,99925,183,99993,400,99906,100,100011,100,99897,100,100035,100,99891,100,100042,100,99885,100,100053,100,99877,100,100054,100,99869,100,100063,100,99866,100
2019-06-28 09:32:20.205245666,99972,186,99941,86,99978,183,99938,183,99992,183,99925,183,99993,400,99906,100,100011,100,99897,100,100035,100,99891,100,100042,100,99885,100,100053,100,99877,100,100054,100,99869,100,100063,100,99866,100
2019-06-28 09:32:27.315738169,99950,100,99941,86,99972,186,99938,183,99978,183,99925,183,99992,183,99906,100,99993,400,99897,100,100011,100,99891,100,100035,100,99885,100,100042,100,99877,100,100053,100,99869,100,100054,100,99866,100
2019-06-28 09:32:30.000000000,99950,226,99938,226,99972,226,99925,226,99978,100,99906,100,99992,100,99897,100,99993,400,99891,100,100011,100,99885,100,100035,100,99877,100,100042,100,99869,100,100053,100,99866,100,100054,100,99859,100
2019-06-28 09:32:31.291913090,99950,226,99938,226,99972,226,99925,226,99978,100,99906,100,99992,100,99897,100,99993,400,99891,100,100011,100,99885,100,100035,100,99877,100,100042,100,99869,100,100053,100,99866,100,100054,100,99859,100
2019-06-28 09:32:40.000000000,99950,150,99938,150,99972,150,99925,150,99978,150,99906,150,99992,150,99897,150,99993,450,99891,150,100011,100,99885,100,100035,100,99877,100,100042,100,99869,100,100053,100,99866,100,100054,100,99859,100
2019-06-28 09:32:43.539826497,99950,150,99938,150,99972,150,99925,150,99978,150,99906,150,99992,150,99897,150,99993,450,99891,150,100011,100,99885,100,100035,100,99877,100,100042,100,99869,100,100053,100,99866,100,100054,100,99859,100
2019-06-28 09:32:50.000000000,99950,163,99938,163,99972,163,99925,163,99978,163,99906,163,99992,163,99897,163,99993,400,99891,100,100011,100,99885,100,100035,100,99877,100,100042,100,99869,100,100053,100,99866,100,100054,100,99859,100
2019-06-28 09:32:55.700054760,99950,163,99938,163,99972,163,99925,163,99978,163,99906,163,99992,163,99897,163,99993,400,99891,100,100011,100,99885,100,100035,100,99877,100,100042,100,99869,100,100053,100,99866,100,100054,100,99859,100
2019-06-28 09:32:56.652624142,99950,163,99938,163,99972,163,99925,163,99978,163,99906,163,99992,163,99897,163,99993,400,99891,100,100011,100,99885,100,100035,100,99877,100,100042,100,99869,100,100053,100,99866,100,100054,100,99859,100
2019-06-28 09:33:00.000000000,99950,150,99938,150,99972,150,99925,150,99978,150,99906,150,99992,150,99897,150,99993,450,99891,150,100011,100,99885,100,100035,100,99877,100,100042,100,99869,100,100053,100,99866,100,100054,100,99859,100
2019-06-28 09:33:02.402166868,99950,150,99938,150,99972,150,99925,150,99978,150,99906,150,99992,150,99897,150,99993,450,99891,150,100011,100,99885,100,100035,100,99877,100,100042,100,99869,100,100053,100,99866,100,100054,100,99859,100
2019-06-28 09:33:06.419214470,99950,150,99938,150,99972,150,99925,150,99978,150,99906,150,99992,150,99897,150,99993,450,99891,150,100011,100,99885,100,100035,100,99877,100,100042,100,99869,100,100053,100,99866,100,100054,100,99859,100
2019-06-28 09:33:10.000000000,99950,163,99938,163,99972,163,99925,163,99978,163,99906,163,99992,163,99897,163,99993,400,99891,100,100011,100,99885,100,100035,100,99877,100,100042,100,99869,100,100053,100,99866,100,100054,100,99859,100
2019-06-28 09:33:12.224101424,99950,163,99938,163,99972,163,99925,163,99978,163,99906,163,99992,163,99897,163,99993,300,99891,100,100011,100,99885,100,100035,100,99877,100,100042,100,99869,100,100053,100,99866,100,100054,100,99859,100
2019-06-28 09:33:20.000000000,99950,186,99938,186,99972,183,99925,183,99978,183,99906,183,99992,100,99897,100,99993,300,99891,100,100011,100,99885,100,100035,100,99877,100,100042,100,99869,100,100053,100,99866,100,100054,100,99859,100
2019-06-28 09:33:23.255950164,99950,186,99938,86,99972,183,99925,183,99978,183,99906,183,99992,100,99897,100,99993,300,99891,100,100011,100,99885,100,100035,100,99877,100,100042,100,99869,100,100053,100,99866,100,100054,100,99859,100
2019-06-28 09:33:30.000000000,99950,163,99925,163,99972,163,99906,163,99978,163,99897,163,99992,163,99891,163,99993,300,99885,100,100011,100,99877,100,100035,100,99869,100,100042,100,99866,100,100053,100,99859,100,100054,100,99850,100
2019-06-28 09:33:40.000000000,99950,163,99925,163,99972,163,99906,163,99978,163,99897,163,99992,163,99891,163,99993,300,99885,100,100011,100,99877,100,100035,100,99869,100,100042,100,99866,100,100053,100,99859,100,100054,100,99850,100
2019-06-28 09:33:40.180660649,99950,163,99925,163,99972,163,99906,163,99978,163,99897,163,99992,163,99891,163,99993,300,99885,100,100011,100,99877,100,100035,100,99869,100,100042,100,99859,100,100053,100,99850,100,100054,100,99789,100
2019-06-28 09:33:44.068908925,99950,163,99925,163,99972,163,99906,163,99978,163,99897,163,99992,163,99891,163,99993,300,99885,100,100011,100,99877,100,100035,100,99869,100,100042,100,99859,100,100053,100,99850,100,100054,100,99789,100
2019-06-28 09:33:50.000000000,99950,186,99925,186,99972,183,99906,183,99978,183,99897,183,99992,100,99891,100,99993,300,99885,100,100011,100,99877,100,100035,100,99869,100,100042,100,99859,100,100053,100,99850,100,100054,100,99789,100
2019-06-28 09:33:57.109653527,99950,186,99925,186,99972,183,99906,183,99978,183,99897,183,99992,100,99891,100,99993,300,99885,100,100011,100,99877,100,100035,100,99869,100,100042,100,99859,100,100053,100,99850,100,100054,100,99789,100
2019-06-28 09:34:00.000000000,99950,163,99925,163,99972,163,99906,163,99978,163,99897,163,99992,163,99891,163,99993,300,99885,100,100011,100,99877,100,100035,100,99869,100,100042,100,99859,100,100053,100,99850,100,100054,100,99789,100
2019-06-28 09:34:08.444259189,99950,163,99925,63,99972,163,99906,163,99978,163,99897,163,99992,163,99891,163,99993,300,99885,100,100011,100,99877,100,100035,100,99869,100,100042,100,99859,100,100053,100,99850,100,100054,100,99789,100
2019-06-28 09:34:10.000000000,99950,226,99906,226,99972,226,99897,226,99978,100,99891,100,99992,100,99885,100,99993,300,99877,100,100011,100,99869,100,100035,100,99859,100,100042,100,99850,100,100053,100,99789,100,100054,100,99639,100
2019-06-28 09:34:20.000000000,99950,150,99906,150,99972,150,99897,150,99978,150,99891,150,99992,150,99885,150,99993,350,99877,150,100011,100,99869,100,100035,100,99859,100,100042,100,99850,100,100053,100,99789,100,100054,100,99639,100
2019-06-28 09:34:28.580464406,99950,150,99906,150,99972,150,99897,150,99978,150,99891,150,99992,150,99885,150,99993,350,99877,150,100011,100,99869,100,100035,100,99859,100,100042,100,99850,100,100053,100,99789,100,100054,100,99639,100
2019-06-28 09:34:30.000000000,99950,226,99906,226,99972,226,99897,226,99978,100,99891,100,99992,100,99885,100,99993,300,99877,100,100011,100,99869,100,100035,100,99859,100,100042,100,99850,100,100053,100,99789,100,100054,100,99639,100
2019-06-28 09:34:39.183086414,99950,226,99906,126,99972,226,99897,226,99978,100,99891,100,99992,100,99885,100,99993,300,99877,100,100011,100,99869,100,100035,100,99859,100,100042,100,99850,100,100053,100,99789,100,100054,100,99639,100
2019-06-28 09:34:40.000000000,99950,186,99897,186,99972,183,99891,183,99978,183,99885,183,99992,100,99877,100,99993,300,99869,100,100011,100,99859,100,100035,100,99850,100,100042,100,99789,100,100053,100,99639,100,100054,100,99484,100
2019-06-28 09:34:50.000000000,99950,186,99897,186,99972,183,99891,183,99978,183,99885,183,99992,100,99877,100,99993,300,99869,100,100011,100,99859,100,100035,100,99850,100,100042,100,99789,100,100053,100,99639,100,100054,100,99484,100
2019-06-28 09:34:59.855700567,99950,186,99907,100,99972,183,99897,186,99978,183,99891,183,99993,300,99885,183,100011,100,99877,100,100035,100,99869,100,100042,100,99859,100,100053,100,99850,100,100054,100,99789,100,100066,100,99639,100
2019-06-28 09:35:00.000000000,99950,226,99907,226,99972,226,99897,226,99978,100,99891,100,99993,300,99885,100,100011,100,99877,100,100035,100,99869,100,100042,100,99859,100,100053,100,99850,100,100054,100,99789,100,100066,100,99639,100
2019-06-28 09:35:10.000000000,99950,163,99907,163,99972,163,99897,163,99978,163,99891,163,99993,363,99885,163,100011,100,99877,100,100035,100,99869,100,100042,100,99859,100,100053,100,99850,100,100054,100,99789,100,100066,100,99639,100
2019-06-28 09:35:19.117880465,99950,163,99907,163,99972,163,99897,163,99978,163,99891,163,99993,363,99885,163,100011,100,99877,100,100035,100,99869,100,100042,100,99859,100,100053,100,99850,100,100054,100,99789,100,100066,100,99639,100
2019-06-28 09:35:20.000000000,99950,186,99907,186,99972,183,99897,183,99978,183,99891,183,99993,300,99885,100,100011,100,99877,100,100035,100,99869,100,100042,100,99859,100,100053,100,99850,100,100054,100,99789,100,100066,100,99639,100
2019-06-28 09:35:30.000000000,99950,163,99907,163,99972,163,99897,163,99978,163,99891,163,99993,363,99885,163,100011,100,99877,100,100035,100,99869,100,100042,100,99859,100,100053,100,99850,100,100054,100,99789,100,100066,100,99639,100
2019-06-28 09:35:31.553258344,99925,100,99907,163,99950,163,99897,163,99972,163,99891,163,99978,163,99885,163,99993,363,99877,100,100011,100,99869,100,100035,100,99859,100,100042,100,99850,100,100053,100,99789,100,100054,100,99639,100
2019-06-28 09:35:40.000000000,99925,352,99907,352,99950,100,99897,100,99972,100,99891,100,99978,100,99885,100,99993,300,99877,100,100011,100,99869,100,100035,100,99859,100,100042,100,99850,100,100053,100,99789,100,100054,100,99639,100
2019-06-28 09:35:50.000000000,99925,226,99907,226,99950,226,99897,226,99972,100,99891,100,99978,100,99885,100,99993,300,99877,100,100011,100,99869,100,100035,100,99859,100,100042,100,99850,100,100053,100,99789,100,100054,100,99639,100
2019-06-28 09:36:00.000000000,99925,186,99907,186,99950,183,99897,183,99972,183,99891,183,99978,100,99885,100,99993,300,99877,100,100011,100,99869,100,100035,100,99859,100,100042,100,99850,100,100053,100,99789,100,100054,100,99639,100
2019-06-28 09:36:10.000000000,99925,150,99907,150,99950,150,99897,150,99972,150,99891,150,99978,150,99885,150,99993,350,99877,150,100011,100,99869,100,100035,100,99859,100,100042,100,99850,100,100053,100,99789,100,100054,100,99639,100
2019-06-28 09:36:20.000000000,99925,163,99907,163,99950,163,99897,163,99972,163,99891,163,99978,163,99885,163,99993,300,99877,100,100011,100,99869,100,100035,100,99859,100,100042,100,99850,100,100053,100,99789,100,100054,100,99639,100
2019-06-28 09:36:30.000000000,99925,226,99907,226,99950,226,99897,226,99972,100,99891,100,99978,100,99885,100,99993,300,99877,100,100011,100,99869,100,100035,100,99859,100,100042,100,99850,100,100053,100,99789,100,100054,100,99639,100
2019-06-28 09:36:40.000000000,99925,352,99907,352,99950,100,99897,100,99972,100,99891,100,99978,100,99885,100,99993,300,99877,100,100011,100,99869,100,100035,100,99859,100,100042,100,99850,100,100053,100,99789,100,100054,100,99639,100
2019-06-28 09:36:50.000000000,99925,186,99907,186,99950,183,99897,183,99972,183,99891,183,99978,100,99885,100,99993,300,99877,100,100011,100,99869,100,100035,100,99859,100,100042,100,99850,100,100053,100,99789,100,100054,100,99639,100
2019-06-28 09:36:55.903350320,99925,186,99907,86,99950,183,99897,183,99972,183,99891,83,99978,100,99885,100,99993,300,99877,100,100011,100,99869,100,100035,100,99859,100,100042,100,99850,100,100053,100,99789,100,100054,100,99639,100
2019-06-28 09:36:56.654218086,99925,186,99907,86,99950,183,99897,183,99972,183,99891,83,99978,100,99885,100,99993,200,99877,100,100011,100,99869,100,100035,100,99859,100,100042,100,99850,100,100053,100,99789,100,100054,100,99639,100
2019-06-28 09:37:00.000000000,99925,150,99897,150,99950,150,99885,150,99972,150,99877,150,99978,150,99869,150,99993,250,99859,150,100011,100,99850,100,100035,100,99789,100,100042,100,99639,100,100053,100,99597,100,100054,100,99484,100
2019-06-28 09:37:10.000000000,99925,352,99897,352,99950,100,99885,100,99972,100,99877,100,99978,100,99869,100,99993,200,99859,100,100011,100,99850,100,100035,100,99789,100,100042,100,99639,100,100053,100,99597,100,100054,100,99484,100
2019-06-28 09:37:20.000000000,99925,163,99897,163,99950,163,99885,163,99972,163,99877,163,99978,163,99869,163,99993,200,99859,100,100011,100,99850,100,100035,100,99789,100,100042,100,99639,100,100053,100,99597,100,100054,100,99484,100
2019-06-28 09:37:30.000000000,99925,352,99897,352,99950,100,99885,100,99972,100,99877,100,99978,100,99869,100,99993,200,99859,100,100011,100,99850,100,100035,100,99789,100,100042,100,99639,100,100053,100,99597,100,100054,100,99484,100
2019-06-28 09:37:35.365378091,99925,352,99897,352,99950,100,99885,100,99972,100,99877,100,99978,100,99869,100,99993,200,99859,100,100011,100,99850,100,100035,100,99789,100,100042,100,99639,100,100053,100,99597,200,100054,100,99484,100
2019-06-28 09:37:40.000000000,99925,150,99897,150,99950,150,99885,150,99972,150,99877,150,99978,150,99869,150,99993,250,99859,150,100011,100,99850,100,100035,100,99789,100,100042,100,99639,100,100053,100,99597,200,100054,100,99484,100
2019-06-28 09:37:46.573778563,99925,150,99897,150,99950,150,99885,150,99972,150,99877,150,99978,150,99869,150,99993,250,99859,150,100011,100,99850,100,100035,100,99789,100,100042,100,99639,100,100053,100,99597,200,100054,100,99582,100
2019-06-28 09:37:50.000000000,99925,150,99897,150,99950,150,99885,150,99972,150,99877,150,99978,150,99869,150,99993,250,99859,150,100011,100,99850,100,100035,100,99789,100,100042,100,99639,100,100053,100,99597,200,100054,100,99582,100
2019-06-28 09:38:00.000000000,99925,226,99897,226,99950,226,99885,226,99972,100,99877,100,99978,100,99869,100,99993,200,99859,100,100011,100,99850,100,100035,100,99789,100,100042,100,99639,100,100053,100,99597,200,100054,100,99582,100
2019-06-28 09:38:10.000000000,99925,226,99897,226,99950,226,99885,226,99972,100,99877,100,99978,100,99869,100,99993,200,99859,100,100011,100,99850,100,100035,100,99789,100,100042,100,99639,100,100053,100,99597,200,100054,100,99582,100
2019-06-28 09:38:15.237740932,99925,226,99897,226,99950,226,99885,226,99972,100,99877,100,99978,100,99869,100,99993,200,99859,100,100011,100,99850,100,100035,100,99789,100,100042,100,99639,100,100053,100,99597,200,100054,100,99582,100
2019-06-28 09:38:20.000000000,99925,163,99897,163,99950,163,99885,163,99972,163,99877,163,99978,163,99869,163,99993,200,99859,100,100011,100,99850,100,100035,100,99789,100,100042,100,99639,100,100053,100,99597,200,100054,100,99582,100
2019-06-28 09:38:26.115638632,99925,163,99897,63,99950,163,99885,163,99972,163,99877,163,99978,163,99869,163,99993,200,99859,100,100011,100,99850,100,100035,100,99789,100,100042,100,99639,100,100053,100,99597,200,100054,100,99582,100
2019-06-28 09:38:30.000000000,99925,226,99885,226,99950,226,99877,226,99972,100,99869,100,99978,100,99859,100,99993,200,99850,100,100011,100,99789,100,100035,100,99639,100,100042,100,99597,200,100053,100,99582,100,100054,100,99484,100
2019-06-28 09:38:40.000000000,99925,352,99885,352,99950,100,99877,100,99972,100,99869,100,99978,100,99859,100,99993,200,99850,100,100011,100,99789,100,100035,100,99639,100,100042,100,99597,200,100053,100,99582,100,100054,100,99484,100
2019-06-28 09:38:43.257513000,99907,100,99885,352,99925,352,99877,100,99950,100,99869,100,99972,100,99859,100,99978,100,99850,100,99993,200,99789,100,100011,100,99639,100,100035,100,99597,200,100042,100,99582,100,100053,100,99484,100
2019-06-28 09:38:50.000000000,99907,150,99885,150,99925,150,99877,150,99950,150,99869,150,99972,150,99859,150,99978,150,99850,150,99993,200,99789,100,100011,100,99639,100,100035,100,99597,200,100042,100,99582,100,100053,100,99484,100
2019-06-28 09:38:58.704442574,99907,150,99885,150,99925,150,99877,150,99950,150,99869,150,99972,150,99859,150,99978,50,99850,150,99993,200,99789,100,100011,100,99639,100,100035,100,99597,200,100042,100,99582,100,100053,100,99484,100
2019-06-28 09:39:00.000000000,99907,186,99885,186,99925,183,99877,183,99950,183,99869,183,99972,100,99859,100,99993,200,99850,100,100011,100,99789,100,100035,100,99639,100,100042,100,99597,200,100053,100,99582,100,100054,100,99484,100
2019-06-28 09:39:10.000000000,99907,352,99885,352,99925,100,99877,100,99950,100,99869,100,99972,100,99859,100,99993,200,99850,100,100011,100,99789,100,100035,100,99639,100,100042,100,99597,200,100053,100,99582,100,100054,100,99484,100
2019-06-28 09:39:20.000000000,99907,226,99885,226,99925,226,99877,226,99950,100,99869,100,99972,100,99859,100,99993,200,99850,100,100011,100,99789,100,100035,100,99639,100,100042,100,99597,200,100053,100,99582,100,100054,100,99484,100
2019-06-28 09:39:27.759456503,99907,226,99885,126,99925,226,99877,226,99950,100,99869,100,99972,100,99859,100,99993,200,99850,100,100011,100,99789,100,100035,100,99639,100,100042,100,99597,200,100053,100,99582,100,100054,100,99484,100
2019-06-28 09:39:30.000000000,99907,352,99877,352,99925,100,99869,100,99950,100,99859,100,99972,100,99850,100,99993,200,99789,100,100011,100,99639,100,100035,100,99597,200,100042,100,99582,100,100053,100,99484,100,100054,100,99470,100
2019-06-28 09:39:40.000000000,99907,150,99877,150,99925,150,99869,150,99950,150,99859,150,99972,150,99850,150,99993,250,99789,150,100011,100,99639,100,100035,100,99597,200,100042,100,99582,100,100053,100,99484,100,100054,100,99470,100
2019-06-28 09:39:50.000000000,99907,352,99877,352,99925,100,99869,100,99950,100,99859,100,99972,100,99850,100,99993,200,99789,100,100011,100,99639,100,100035,100,99597,200,100042,100,99582,100,100053,100,99484,100,100054,100,99470,100
2019-06-28 09:40:00.000000000,99907,226,99877,226,99925,226,99869,226,99950,100,99859,100,99972,100,99850,100,99993,200,99789,100,100011,100,99639,100,100035,100,99597,200,100042,100,99582,100,100053,100,99484,100,100054,100,99470,100
2019-06-28 09:40:10.000000000,99907,226,99877,226,99925,226,99869,226,99950,100,99859,100,99972,100,99850,100,99993,200,99789,100,100011,100,99639,100,100035,100,99597,200,100042,100,99582,100,100053,100,99484,100,100054,100,99470,100
2019-06-28 09:40:10.868961778,99897,100,99877,226,99907,226,99869,226,99925,226,99859,100,99950,100,99850,100,99972,100,99789,100,99993,200,99639,100,100011,100,99597,200,100035,100,99582,100,100042,100,99484,100,100053,100,99470,100
2019-06-28 09:40:20.000000000,99897,186,99877,186,99907,183,99869,183,99925,183,99859,183,99950,100,99850,100,99972,100,99789,100,99993,200,99639,100,100011,100,99597,200,100035,100,99582,100,100042,100,99484,100,100053,100,99470,100
2019-06-28 09:40:21.756011603,99897,186,99877,86,99907,183,99869,183,99925,183,99859,183,99950,100,99850,100,99972,100,99789,100,99993,200,99639,100,100011,100,99597,200,100035,100,99582,100,100042,100,99484,100,100053,100,99470,100
2019-06-28 09:40:30.000000000,99897,226,99869,226,99907,226,99859,226,99925,100,99850,100,99950,100,99789,100,99972,100,99639,100,99993,200,99597,200,100011,100,99582,100,100035,100,99484,100,100042,100,99470,100,100053,100,99455,100
2019-06-28 09:40:40.000000000,99897,186,99869,186,99907,183,99859,183,99925,183,99850,183,99950,100,99789,100,99972,100,99639,100,99993,200,99597,200,100011,100,99582,100,100035,100,99484,100,100042,100,99470,100,100053,100,99455,100
2019-06-28 09:40:40.211723152,99897,186,99869,186,99907,183,99859,183,99925,183,99850,183,99950,100,99789,100,99972,100,99639,100,99993,200,99597,200,100011,100,99582,100,100035,100,99484,100,100042,100,99470,100,100053,100,99455,100
2019-06-28 09:40:42.373042841,99897,186,99869,86,99907,183,99859,183,99925,183,99850,183,99950,100,99789,100,99972,100,99639,100,99993,200,99597,200,100011,100,99582,100,100035,100,99484,100,100042,100,99470,100,100053,100,99455,100
2019-06-28 09:40:50.000000000,99897,226,99859,226,99907,226,99850,226,99925,100,99789,100,99950,100,99639,100,99972,100,99597,200,99993,200,99582,100,100011,100,99484,100,100035,100,99470,100,100042,100,99455,100,100053,100,99449,100
2019-06-28 09:40:52.580239090,99897,226,99859,226,99907,226,99850,226,99925,100,99789,100,99950,100,99639,100,99972,100,99597,200,99993,200,99582,100,100011,100,99484,100,100035,100,99470,100,100042,100,99455,100,100053,100,99449,100
2019-06-28 09:41:00.000000000,99897,150,99859,150,99907,150,99850,150,99925,150,99789,150,99950,150,99639,150,99972,150,99597,250,99993,200,99582,100,100011,100,99484,100,100035,100,99470,100,100042,100,99455,100,100053,100,99449,100
2019-06-28 09:41:10.000000000,99897,186,99859,186,99907,183,99850,183,99925,183,99789,183,99950,100,99639,100,99972,100,99597,200,99993,200,99582,100,100011,100,99484,100,100035,100,99470,100,100042,100,99455,100,100053,100,99449,100
2019-06-28 09:41:10.280745035,99897,186,99859,86,99907,183,99850,183,99925,183,99789,183,99950,100,99639,100,99972,100,99597,200,99993,200,99582,100,100011,100,99484,100,100035,100,99470,100,100042,100,99455,100,100053,100,99449,100
2019-06-28 09:41:20.000000000,99897,150,99850,150,99907,150,99789,150,99925,150,99639,150,99950,150,99597,250,99972,150,99582,150,99993,200,99484,100,100011,100,99470,100,100035,100,99455,100,100042,100,99449,100,100053,100,99423,100
2019-06-28 09:41:27.738664851,99897,150,99850,50,99907,150,99789,150,99925,150,99639,150,99950,150,99597,250,99972,150,99582,150,99993,200,99484,100,100011,100,99470,100,100035,100,99455,100,100042,100,99449,100,100053,100,99423,100
2019-06-28 09:41:30.000000000,99897,163,99789,163,99907,163,99639,163,99925,163,99597,263,99950,163,99582,163,99972,100,99484,100,99993,200,99470,100,100011,100,99455,100,100035,100,99449,100,100042,100,99423,100,100053,100,99256,100
2019-06-28 09:41:40.000000000,99897,226,99789,226,99907,226,99639,226,99925,100,99597,200,99950,100,99582,100,99972,100,99484,100,99993,200,99470,100,100011,100,99455,100,100035,100,99449,100,100042,100,99423,100,100053,100,99256,100
2019-06-28 09:41:48.033913724,99897,226,99789,126,99907,226,99639,226,99925,100,99597,200,99950,100,99582,100,99972,100,99470,100,99993,200,99455,100,100011,100,99449,100,100035,100,99423,100,100042,100,99256,100,100053,100,99147,100
2019-06-28 09:41:50.000000000,99897,150,99639,150,99907,150,99597,250,99925,150,99582,150,99950,150,99470,150,99972,150,99455,150,99993,200,99449,100,100011,100,99423,100,100035,100,99256,100,100042,100,99147,100,100053,100,99126,100
2019-06-28 09:41:54.214784662,99897,150,99639,150,99907,150,99597,250,99925,150,99582,150,99950,150,99470,150,99972,150,99455,150,99993,200,99423,100,100011,100,99256,100,100035,100,99147,100,100042,100,99126,100,100053,100,99122,100
2019-06-28 09:41:54.463258741,99897,150,99639,150,99907,150,99597,250,99925,150,99582,150,99950,150,99470,150,99972,150,99455,150,99993,200,99423,100,100035,100,99256,100,100042,100,99147,100,100053,100,99126,100,100054,100,99122,100
2019-06-28 09:42:00.000000000,99897,352,99639,352,99907,100,99597,200,99925,100,99582,100,99950,100,99470,100,99972,100,99455,100,99993,200,99423,100,100035,100,99256,100,100042,100,99147,100,100053,100,99126,100,100054,100,99122,100
2019-06-28 09:42:06.077897517,99897,352,99639,352,99907,100,99597,200,99925,100,99582,100,99950,100,99470,100,99972,100,99455,100,99993,200,99423,100,100035,100,99256,100,100042,100,99147,100,100053,100,99126,100,100054,100,99122,100
2019-06-28 09:42:10.000000000,99897,150,99639,150,99907,150,99597,250,99925,150,99582,150,99950,150,99470,150,99972,150,99455,150,99993,200,99423,100,100035,100,99256,100,100042,100,99147,100,100053,100,99126,100,100054,100,99122,100
2019-06-28 09:42:20.000000000,99897,163,99639,163,99907,163,99597,263,99925,163,99582,163,99950,163,99470,163,99972,100,99455,100,99993,200,99423,100,100035,100,99256,100,100042,100,99147,100,100053,100,99126,100,100054,100,99122,100
2019-06-28 09:42:30.000000000,99897,163,99639,163,99907,163,99597,263,99925,163,99582,163,99950,163,99470,163,99972,100,99455,100,99993,200,99423,100,100035,100,99256,100,100042,100,99147,100,100053,100,99126,100,100054,100,99122,100
2019-06-28 09:42:40.000000000,99897,352,99639,352,99907,100,99597,200,99925,100,99582,100,99950,100,99470,100,99972,100,99455,100,99993,200,99423,100,100035,100,99256,100,100042,100,99147,100,100053,100,99126,100,100054,100,99122,100
2019-06-28 09:42:47.789203448,99897,352,99639,352,99907,100,99597,200,99925,100,99582,100,99950,100,99470,100,99972,100,99423,100,99993,200,99256,100,100035,100,99147,100,100042,100,99126,100,100053,100,99122,100,100054,100,98944,100
2019-06-28 09:42:50.000000000,99897,186,99639,186,99907,183,99597,283,99925,183,99582,183,99950,100,99470,100,99972,100,99423,100,99993,200,99256,100,100035,100,99147,100,100042,100,99126,100,100053,100,99122,100,100054,100,98944,100
2019-06-28 09:42:50.549222964,99897,186,99639,86,99907,183,99597,283,99925,183,99582,183,99950,100,99470,100,99972,100,99423,100,99993,200,99256,100,100035,100,99147,100,100042,100,99126,100,100053,100,99122,100,100054,100,98944,100
2019-06-28 09:43:00.000000000,99897,352,99597,452,99907,100,99582,100,99925,100,99470,100,99950,100,99423,100,99972,100,99256,100,99993,200,99147,100,100035,100,99126,100,100042,100,99122,100,100053,100,98944,100,100054,100,98569,100
2019-06-28 09:43:05.965093336,99897,352,99597,352,99907,100,99582,100,99925,100,99470,100,99950,100,99423,100,99972,100,99256,100,99993,200,99147,100,100035,100,99126,100,100042,100,99122,100,100053,100,98944,100,100054,100,98569,100
2019-06-28 09:43:10.000000000,99897,163,99597,163,99907,163,99582,163,99925,163,99470,163,99950,163,99423,163,99972,100,99256,100,99993,200,99147,100,100035,100,99126,100,100042,100,99122,100,100053,100,98944,100,100054,100,98569,100
2019-06-28 09:43:20.000000000,99897,226,99597,226,99907,226,99582,226,99925,100,99470,100,99950,100,99423,100,99972,100,99256,100,99993,200,99147,100,100035,100,99126,100,100042,100,99122,100,100053,100,98944,100,100054,100,98569,100
2019-06-28 09:43:22.595033055,99897,226,99597,226,99907,226,99582,226,99925,100,99470,100,99950,100,99423,100,99972,100,99375,100,99993,200,99256,100,100035,100,99147,100,100042,100,99126,100,100053,100,99122,100,100066,100,98944,100
2019-06-28 09:43:30.000000000,99897,163,99597,163,99907,163,99582,163,99925,163,99470,163,99950,163,99423,163,99972,100,99375,100,99993,200,99256,100,100035,100,99147,100,100042,100,99126,100,100053,100,99122,100,100066,100,98944,100
2019-06-28 09:43:40.000000000,99897,186,99597,186,99907,183,99582,183,99925,183,99470,183,99950,100,99423,100,99972,100,99375,100,99993,200,99256,100,100035,100,99147,100,100042,100,99126,100,100053,100,99122,100,100066,100,98944,100
2019-06-28 09:43:50.000000000,99897,226,99597,226,99907,226,99582,226,99925,100,99470,100,99950,100,99423,100,99972,100,99375,100,99993,200,99256,100,100035,100,99147,100,100042,100,99126,100,100053,100,99122,100,100066,100,98944,100
2019-06-28 09:44:00.000000000,99897,226,99597,226,99907,226,99582,226,99925,100,99470,100,99950,100,99423,100,99972,100,99375,100,99993,200,99256,100,100035,100,99147,100,100042,100,99126,100,100053,100,99122,100,100066,100,98944,100
2019-06-28 09:44:01.887912409,99897,226,99597,126,99907,226,99582,226,99925,100,99470,100,99950,100,99423,100,99972,100,99375,100,99993,200,99256,100,100035,100,99147,100,100042,100,99126,100,100053,100,99122,100,100069,100,98944,100
2019-06-28 09:44:09.696258175,99897,226,99597,126,99907,226,99582,226,99925,100,99470,100,99950,100,99423,100,99972,100,99375,100,99993,200,99256,100,100035,100,99185,100,100042,100,99147,100,100053,100,99126,100,100069,100,99122,100
2019-06-28 09:44:10.000000000,99897,163,99582,163,99907,163,99470,163,99925,163,99423,163,99950,163,99375,163,99972,100,99256,100,99993,200,99185,100,100035,100,99147,100,100042,100,99126,100,100053,100,99122,100,100069,100,98944,100
2019-06-28 09:44:11.553300479,99897,63,99582,163,99907,163,99470,163,99925,163,99423,163,99950,163,99375,163,99972,100,99256,100,99993,200,99185,100,100035,100,99147,100,100042,100,99126,100,100053,100,99122,100,100069,100,98944,100
2019-06-28 09:44:12.630217833,99897,63,99582,63,99907,163,99470,63,99925,163,99423,163,99950,163,99375,163,99972,100,99256,100,99993,200,99185,100,100035,100,99147,100,100042,100,99126,100,100053,100,99122,100,100069,100,98944,100
2019-06-28 09:44:20.000000000,99907,352,99423,352,99925,100,99375,100,99950,100,99256,100,99972,100,99185,100,99993,200,99147,100,100035,100,99126,100,100042,100,99122,100,100053,100,98944,100,100069,100,98569,100,100076,100,98533,100
2019-06-28 09:44:21.218609743,99907,352,99423,352,99925,100,99375,100,99950,100,99185,100,99972,100,99147,100,99993,200,99126,100,100035,100,99122,100,100042,100,99038,100,100053,100,98944,100,100069,100,98569,100,100076,100,98533,100
2019-06-28 09:44:24.302725593,99907,352,99423,252,99925,100,99375,100,99950,100,99185,100,99972,100,99147,100,99993,200,99126,100,100035,100,99122,100,100042,100,99038,100,100053,100,98944,100,100069,100,98569,100,100076,100,98533,100
2019-06-28 09:44:30.000000000,99907,226,99375,226,99925,226,99185,226,99950,100,99147,100,99972,100,99126,100,99993,200,99122,100,100035,100,99038,100,100042,100,98944,100,100053,100,98569,100,100069,100,98533,100,100076,100,98467,100
2019-06-28 09:44:40.000000000,99907,163,99375,163,99925,163,99185,163,99950,163,99147,163,99972,163,99126,163,99993,200,99122,100,100035,100,99038,100,100042,100,98944,100,100053,100,98569,100,100069,100,98533,100,100076,100,98467,100
2019-06-28 09:44:50.000000000,99907,150,99375,150,99925,150,99185,150,99950,150,99147,150,99972,150,99126,150,99993,250,99122,150,100035,100,99038,100,100042,100,98944,100,100053,100,98569,100,100069,100,98533,100,100076,100,98467,100
2019-06-28 09:44:55.138993481,99582,100,99375,150,99907,150,99185,150,99925,150,99147,150,99950,150,99126,150,99972,150,99122,150,99993,250,99038,100,100035,100,98944,100,100042,100,98569,100,100053,100,98533,100,100069,100,98467,100
2019-06-28 09:45:00.000000000,99582,163,99375,163,99907,163,99185,163,99925,163,99147,163,99950,163,99126,163,99972,100,99122,100,99993,200,99038,100,100035,100,98944,100,100042,100,98569,100,100053,100,98533,100,100069,100,98467,100
2019-06-28 09:45:00.386053134,99582,163,99375,63,99907,163,99185,163,99925,163,99147,163,99950,163,99126,163,99972,100,99122,100,99993,200,99038,100,100035,100,98944,100,100042,100,98569,100,100053,100,98533,100,100069,100,98467,100
2019-06-28 09:45:10.000000000,99582,186,99185,186,99907,183,99147,183,99925,183,99126,183,99950,100,99122,100,99972,100,99038,100,99993,200,98944,100,100035,100,98569,100,100042,100,98533,100,100053,100,98467,100,100069,100,98435,100
2019-06-28 09:45:10.644047773,99582,186,99185,186,99907,183,99147,183,99925,183,99132,100,99950,100,99126,183,99972,100,99122,100,99993,200,99038,100,100035,100,98944,100,100042,100,98569,100,100053,100,98533,100,100069,100,98467,100
2019-06-28 09:45:16.148128261,99582,186,99185,186,99907,183,99147,183,99925,183,99142,100,99950,100,99132,100,99972,100,99126,183,99993,200,99122,100,100035,100,99038,100,100042,100,98944,100,100053,100,98569,100,100069,100,98533,100
2019-06-28 09:45:20.000000000,99582,226,99185,226,99907,226,99147,226,99925,100,99142,100,99950,100,99132,100,99972,100,99126,100,99993,200,99122,100,100035,100,99038,100,100042,100,98944,100,100053,100,98569,100,100069,100,98533,100
2019-06-28 09:45:30.000000000,99582,226,99185,226,99907,226,99147,226,99925,100,99142,100,99950,100,99132,100,99972,100,99126,100,99993,200,99122,100,100035,100,99038,100,100042,100,98944,100,100053,100,98569,100,100069,100,98533,100
2019-06-28 09:45:40.000000000,99582,163,99185,163,99907,163,99147,163,99925,163,99142,163,99950,163,99132,163,99972,100,99126,100,99993,200,99122,100,100035,100,99038,100,100042,100,98944,100,100053,100,98569,100,100069,100,98533,100
2019-06-28 09:45:40.011416652,99582,63,99185,163,99907,163,99147,163,99925,163,99142,163,99950,163,99132,163,99972,100,99126,100,99993,200,99122,100,100035,100,99038,100,100042,100,98944,100,100053,100,98569,100,100069,100,98533,100
2019-06-28 09:45:50.000000000,99907,226,99185,226,99925,226,99147,226,99950,100,99142,100,99972,100,99132,100,99993,200,99126,100,100035,100,99122,100,100042,100,99038,100,100053,100,98944,100,100069,100,98569,100,100076,100,98533,100
2019-06-28 09:45:52.718627466,99907,226,99376,100,99925,226,99185,226,99950,100,99147,226,99972,100,99142,100,99993,200,99132,100,100035,100,99126,100,100042,100,99122,100,100053,100,99038,100,100069,100,98944,100,100076,100,98569,100
2019-06-28 09:46:00.000000000,99907,150,99376,150,99925,150,99185,150,99950,150,99147,150,99972,150,99142,150,99993,250,99132,150,100035,100,99126,100,100042,100,99122,100,100053,100,99038,100,100069,100,98944,100,100076,100,98569,100
2019-06-28 09:46:10.000000000,99907,150,99376,150,99925,150,99185,150,99950,150,99147,150,99972,150,99142,150,99993,250,99132,150,100035,100,99126,100,100042,100,99122,100,100053,100,99038,100,100069,100,98944,100,100076,100,98569,100
2019-06-28 09:46:20.000000000,99907,163,99376,163,99925,163,99185,163,99950,163,99147,163,99972,163,99142,163,99993,200,99132,100,100035,100,99126,100,100042,100,99122,100,100053,100,99038,100,100069,100,98944,100,100076,100,98569,100
2019-06-28 09:46:30.000000000,99907,163,99376,163,99925,163,99185,163,99950,163,99147,163,99972,163,99142,163,99993,200,99132,100,100035,100,99126,100,100042,100,99122,100,100053,100,99038,100,100069,100,98944,100,100076,100,98569,100
2019-06-28 09:46:40.000000000,99907,163,99376,163,99925,163,99185,163,99950,163,99147,163,99972,163,99142,163,99993,200,99132,100,100035,100,99126,100,100042,100,99122,100,100053,100,99038,100,100069,100,98944,100,100076,100,98569,100
2019-06-28 09:46:50.000000000,99907,226,99376,226,99925,226,99185,226,99950,100,99147,100,99972,100,99142,100,99993,200,99132,100,100035,100,99126,100,100042,100,99122,100,100053,100,99038,100,100069,100,98944,100,100076,100,98569,100
2019-06-28 09:46:51.476394318,99907,226,99376,326,99925,226,99185,226,99950,100,99147,100,99972,100,99142,100,99993,200,99132,100,100035,100,99126,100,100042,100,99122,100,100053,100,99038,100,100069,100,98944,100,100076,100,98569,100
2019-06-28 09:47:00.000000000,99907,150,99376,250,99925,150,99185,150,99950,150,99147,150,99972,150,99142,150,99993,250,99132,150,100035,100,99126,100,100042,100,99122,100,100053,100,99038,100,100069,100,98944,100,100076,100,98569,100
2019-06-28 09:47:05.551500200,99907,150,99376,250,99925,150,99185,150,99950,150,99147,150,99972,150,99142,150,99993,250,99132,150,100035,100,99126,100,100042,100,99122,100,100048,100,99038,100,100053,100,98944,100,100069,100,98569,100
2019-06-28 09:47:10.000000000,99907,352,99376,452,99925,100,99185,100,99950,100,99147,100,99972,100,99142,100,99993,200,99132,100,100035,100,99126,100,100042,100,99122,100,100048,100,99038,100,100053,100,98944,100,100069,100,98569,100
2019-06-28 09:47:10.691422928,99907,352,99557,100,99925,100,99376,452,99950,100,99185,100,99972,100,99147,100,99993,200,99142,100,100035,100,99132,100,100042,100,99126,100,100048,100,99122,100,100053,100,99038,100,100069,100,98944,100
2019-06-28 09:47:15.811591557,99907,352,99557,100,99925,100,99376,452,99946,100,99185,100,99950,100,99147,100,99972,100,99142,100,99993,200,99132,100,100035,100,99126,100,100042,100,99122,100,100048,100,99038,100,100053,100,98944,100
2019-06-28 09:47:20.000000000,99907,186,99557,186,99925,183,99376,283,99946,183,99185,183,99950,100,99147,100,99972,100,99142,100,99993,200,99132,100,100035,100,99126,100,100042,100,99122,100,100048,100,99038,100,100053,100,98944,100
2019-06-28 09:47:30.000000000,99907,150,99557,150,99925,150,99376,250,99946,150,99185,150,99950,150,99147,150,99972,150,99142,150,99993,200,99132,100,100035,100,99126,100,100042,100,99122,100,100048,100,99038,100,100053,100,98944,100
2019-06-28 09:47:31.878144694,99907,150,99557,150,99925,150,99376,350,99946,150,99185,150,99950,150,99147,150,99972,150,99142,150,99993,200,99132,100,100035,100,99126,100,100042,100,99122,100,100048,100,99038,100,100053,100,98944,100
2019-06-28 09:47:40.000000000,99907,150,99557,150,99925,150,99376,350,99946,150,99185,150,99950,150,99147,150,99972,150,99142,150,99993,200,99132,100,100035,100,99126,100,100042,100,99122,100,100048,100,99038,100,100053,100,98944,100
2019-06-28 09:47:46.010303661,99907,150,99557,150,99925,150,99517,100,99946,150,99376,350,99950,150,99185,150,99972,150,99147,150,99993,200,99142,150,100042,100,99132,100,100048,100,99126,100,100053,100,99122,100,100069,100,99038,100
2019-06-28 09:47:48.596512372,99889,100,99557,150,99907,150,99517,100,99925,150,99376,350,99946,150,99185,150,99950,150,99147,150,99972,150,99142,150,99993,200,99132,100,100042,100,99122,100,100048,100,99038,100,100053,100,98944,100
2019-06-28 09:47:50.000000000,99889,163,99557,163,99907,163,99517,163,99925,163,99376,363,99946,163,99185,163,99950,100,99147,100,99972,100,99142,100,99993,200,99132,100,100042,100,99122,100,100048,100,99038,100,100053,100,98944,100
2019-06-28 09:47:57.514760774,99889,163,99557,163,99907,163,99517,163,99925,163,99491,100,99946,163,99376,363,99950,100,99185,163,99972,100,99147,100,99993,200,99142,100,100042,100,99132,100,100048,100,99122,100,100053,100,99038,100
2019-06-28 09:48:00.000000000,99889,150,99557,150,99907,150,99517,150,99925,150,99491,150,99946,150,99376,350,99950,150,99185,150,99972,100,99147,100,99993,200,99142,100,100042,100,99132,100,100048,100,99122,100,100053,100,99038,100
2019-06-28 09:48:10.000000000,99889,163,99557,163,99907,163,99517,163,99925,163,99491,163,99946,163,99376,363,99950,100,99185,100,99972,100,99147,100,99993,200,99142,100,100042,100,99132,100,100048,100,99122,100,100053,100,99038,100
2019-06-28 09:48:20.000000000,99889,352,99557,352,99907,100,99517,100,99925,100,99491,100,99946,100,99376,300,99950,100,99185,100,99972,100,99147,100,99993,200,99142,100,100042,100,99132,100,100048,100,99122,100,100053,100,99038,100
2019-06-28 09:48:21.416220988,99677,100,99557,352,99889,352,99517,100,99907,100,99491,100,99925,100,99376,300,99946,100,99185,100,99950,100,99147,100,99972,100,99142,100,99993,200,99132,100,100042,100,99122,100,100048,100,99038,100
2019-06-28 09:48:30.000000000,99677,150,99557,150,99889,150,99517,150,99907,150,99491,150,99925,150,99376,350,99946,150,99185,150,99950,100,99147,100,99972,100,99142,100,99993,200,99132,100,100042,100,99122,100,100048,100,99038,100
2019-06-28 09:48:33.045362771,99677,150,99557,150,99726,100,99517,150,99889,150,99491,150,99907,150,99376,350,99925,150,99185,150,99946,150,99147,100,99950,100,99142,100,99972,100,99132,100,99993,200,99122,100,100042,100,99038,100
2019-06-28 09:48:40.000000000,99677,150,99557,150,99726,150,99517,150,99889,150,99491,150,99907,150,99376,350,99925,150,99185,150,99946,100,99147,100,99950,100,99142,100,99972,100,99132,100,99993,200,99122,100,100042,100,99038,100
2019-06-28 09:48:49.611916298,99677,150,99557,150,99726,150,99517,150,99889,150,99491,150,99907,150,99376,450,99925,50,99185,150,99946,100,99147,100,99950,100,99142,100,99972,100,99132,100,99993,200,99122,100,100042,100,99038,100
2019-06-28 09:48:50.000000000,99677,163,99557,163,99726,163,99517,163,99889,163,99491,163,99907,163,99376,463,99946,100,99185,100,99950,100,99147,100,99972,100,99142,100,99993,200,99132,100,100042,100,99122,100,100048,100,99038,100
2019-06-28 09:48:51.150010440,99677,163,99557,163,99726,163,99517,163,99889,163,99491,163,99907,163,99376,563,99946,100,99185,100,99950,100,99147,100,99972,100,99142,100,99993,200,99132,100,100042,100,99122,100,100048,100,99038,100
2019-06-28 09:49:00.000000000,99677,352,99557,352,99726,100,99517,100,99889,100,99491,100,99907,100,99376,500,99946,100,99185,100,99950,100,99147,100,99972,100,99142,100,99993,200,99132,100,100042,100,99122,100,100048,100,99038,100
2019-06-28 09:49:10.000000000,99677,163,99557,163,99726,163,99517,163,99889,163,99491,163,99907,163,99376,563,99946,100,99185,100,99950,100,99147,100,99972,100,99142,100,99993,200,99132,100,100042,100,99122,100,100048,100,99038,100
2019-06-28 09:49:20.000000000,99677,226,99557,226,99726,226,99517,226,99889,100,99491,100,99907,100,99376,500,99946,100,99185,100,99950,100,99147,100,99972,100,99142,100,99993,200,99132,100,100042,100,99122,100,100048,100,99038,100
2019-06-28 09:49:30.000000000,99677,226,99557,226,99726,226,99517,226,99889,100,99491,100,99907,100,99376,500,99946,100,99185,100,99950,100,99147,100,99972,100,99142,100,99993,200,99132,100,100042,100,99122,100,100048,100,99038,100
2019-06-28 09:49:33.725531608,99677,226,99557,226,99726,226,99517,226,99889,100,99491,100,99907,100,99376,500,99946,100,99185,100,99950,100,99147,100,99972,100,99142,100,99993,200,99132,100,100033,100,99122,100,100042,100,99038,100
2019-06-28 09:49:40.000000000,99677,226,99557,226,99726,226,99517,226,99889,100,99491,100,99907,100,99376,500,99946,100,99185,100,99950,100,99147,100,99972,100,99142,100,99993,200,99132,100,100033,100,99122,100,100042,100,99038,100
2019-06-28 09:49:50.000000000,99677,226,99557,226,99726,226,99517,226,99889,100,99491,100,99907,100,99376,500,99946,100,99185,100,99950,100,99147,100,99972,100,99142,100,99993,200,99132,100,100033,100,99122,100,100042,100,99038,100
2019-06-28 09:50:00.000000000,99677,352,99557,352,99726,100,99517,100,99889,100,99491,100,99907,100,99376,500,99946,100,99185,100,99950,100,99147,100,99972,100,99142,100,99993,200,99132,100,100033,100,99122,100,100042,100,99038,100
2019-06-28 09:50:10.000000000,99677,150,99557,150,99726,150,99517,150,99889,150,99491,150,99907,150,99376,550,99946,150,99185,150,99950,100,99147,100,99972,100,99142,100,99993,200,99132,100,100033,100,99122,100,100042,100,99038,100
2019-06-28 09:50:20.000000000,99677,186,99557,186,99726,183,99517,183,99889,183,99491,183,99907,100,99376,500,99946,100,99185,100,99950,100,99147,100,99972,100,99142,100,99993,200,99132,100,100033,100,99122,100,100042,100,99038,100
2019-06-28 09:50:30.000000000,99677,150,99557,150,99726,150,99517,150,99889,150,99491,150,99907,150,99376,550,99946,150,99185,150,99950,100,99147,100,99972,100,99142,100,99993,200,99132,100,100033,100,99122,100,100042,100,99038,100
2019-06-28 09:50:40.000000000,99677,186,99557,186,99726,183,99517,183,99889,183,99491,183,99907,100,99376,500,99946,100,99185,100,99950,100,99147,100,99972,100,99142,100,99993,200,99132,100,100033,100,99122,100,100042,100,99038,100
2019-06-28 09:50:48.812417368,99677,86,99557,186,99726,183,99517,183,99889,183,99491,183,99907,100,99376,500,99946,100,99185,100,99950,100,99147,100,99972,100,99142,100,99993,200,99132,100,100033,100,99122,100,100042,100,99038,100
2019-06-28 09:50:50.000000000,99726,226,99557,226,99889,226,99517,226,99907,100,99491,100,99946,100,99376,500,99950,100,99185,100,99972,100,99147,100,99993,200,99142,100,100033,100,99132,100,100042,100,99122,100,100048,100,99038,100
2019-06-28 09:51:00.000000000,99726,226,99557,226,99889,226,99517,226,99907,100,99491,100,99946,100,99376,500,99950,100,99185,100,99972,100,99147,100,99993,200,99142,100,100033,100,99132,100,100042,100,99122,100,100048,100,99038,100
2019-06-28 09:51:03.992894261,99726,226,99582,100,99889,226,99557,226,99907,100,99517,226,99946,100,99491,100,99950,100,99376,500,99972,100,99185,100,99993,100,99147,100,100033,100,99142,100,100042,100,99132,100,100048,100,99122,100
2019-06-28 09:51:10.000000000,99726,186,99582,186,99889,183,99557,183,99907,183,99517,183,99946,100,99491,100,99950,100,99376,500,99972,100,99185,100,99993,100,99147,100,100033,100,99142,100,100042,100,99132,100,100048,100,99122,100
2019-06-28 09:51:20.000000000,99726,150,99582,150,99889,150,99557,150,99907,150,99517,150,99946,150,99491,150,99950,150,99376,550,99972,100,99185,100,99993,100,99147,100,100033,100,99142,100,100042,100,99132,100,100048,100,99122,100
2019-06-28 09:51:30.000000000,99726,226,99582,226,99889,226,99557,226,99907,100,99517,100,99946,100,99491,100,99950,100,99376,500,99972,100,99185,100,99993,100,99147,100,100033,100,99142,100,100042,100,99132,100,100048,100,99122,100
2019-06-28 09:51:39.959965089,99726,226,99707,100,99889,226,99582,226,99907,100,99557,226,99946,100,99517,100,99950,100,99491,100,99972,100,99376,500,99993,100,99185,100,100033,100,99147,100,100042,100,99142,100,100048,100,99132,100
2019-06-28 09:51:40.000000000,99726,150,99707,150,99889,150,99582,150,99907,150,99557,150,99946,150,99517,150,99950,150,99491,150,99972,100,99376,500,99993,100,99185,100,100033,100,99147,100,100042,100,99142,100,100048,100,99132,100
2019-06-28 09:51:50.000000000,99726,186,99707,186,99889,183,99582,183,99907,183,99557,183,99946,100,99517,100,99950,100,99491,100,99972,100,99376,500,99993,100,99185,100,100033,100,99147,100,100042,100,99142,100,100048,100,99132,100
2019-06-28 09:51:53.129270379,99726,186,99707,186,99889,183,99582,283,99907,83,99557,183,99946,100,99517,100,99950,100,99491,100,99972,100,99376,500,99993,100,99185,100,100033,100,99147,100,100042,100,99142,100,100048,100,99132,100
2019-06-28 09:52:00.000000000,99726,226,99707,226,99889,226,99582,326,99946,100,99557,100,99950,100,99517,100,99972,100,99491,100,99993,100,99376,500,100033,100,99185,100,100042,100,99147,100,100048,100,99142,100,100053,100,99132,100
2019-06-28 09:52:01.026489695,99726,226,99707,226,99856,100,99582,326,99889,226,99557,100,99946,100,99517,100,99950,100,99491,100,99972,100,99376,500,99993,100,99185,100,100033,100,99147,100,100042,100,99142,100,100048,100,99132,100
2019-06-28 09:52:10.000000000,99726,352,99707,352,99856,100,99582,200,99889,100,99557,100,99946,100,99517,100,99950,100,99491,100,99972,100,99376,500,99993,100,99185,100,100033,100,99147,100,100042,100,99142,100,100048,100,99132,100
2019-06-28 09:52:18.562580012,99726,352,99707,352,99856,100,99582,200,99889,100,99557,100,99946,100,99517,100,99950,100,99491,100,99972,100,99376,500,99993,100,99185,100,100033,100,99147,100,100042,100,99142,100,100048,100,99132,100
2019-06-28 09:52:20.000000000,99726,163,99707,163,99856,163,99582,263,99889,163,99557,163,99946,163,99517,163,99950,100,99491,100,99972,100,99376,500,99993,100,99185,100,100033,100,99147,100,100042,100,99142,100,100048,100,99132,100
2019-06-28 09:52:22.024916309,99726,163,99707,163,99856,163,99582,363,99889,163,99557,163,99946,163,99517,163,99950,100,99491,100,99972,100,99376,400,99993,100,99185,100,100033,100,99147,100,100042,100,99142,100,100048,100,99132,100
2019-06-28 09:52:30.000000000,99726,352,99707,352,99856,100,99582,300,99889,100,99557,100,99946,100,99517,100,99950,100,99491,100,99972,100,99376,400,99993,100,99185,100,100033,100,99147,100,100042,100,99142,100,100048,100,99132,100
2019-06-28 09:52:40.000000000,99726,163,99707,163,99856,163,99582,363,99889,163,99557,163,99946,163,99517,163,99950,100,99491,100,99972,100,99376,400,99993,100,99185,100,100033,100,99147,100,100042,100,99142,100,100048,100,99132,100
2019-06-28 09:52:42.249901160,99726,63,99707,163,99856,163,99582,363,99889,163,99557,163,99946,163,99517,163,99950,100,99491,100,99972,100,99376,400,99993,100,99185,100,100033,100,99147,100,100042,100,99142,100,100048,100,99132,100
2019-06-28 09:52:47.727760558,99726,63,99707,163,99856,163,99617,100,99889,163,99582,363,99946,163,99557,163,99950,100,99517,163,99972,100,99491,100,99993,100,99376,400,100033,100,99185,100,100042,100,99147,100,100048,100,99142,100
2019-06-28 09:52:50.000000000,99856,226,99707,226,99889,226,99617,226,99946,100,99582,300,99950,100,99557,100,99972,100,99517,100,99993,100,99491,100,100033,100,99376,400,100042,100,99185,100,100048,100,99147,100,100053,100,99142,100
2019-06-28 09:53:00.000000000,99856,163,99707,163,99889,163,99617,163,99946,163,99582,363,99950,163,99557,163,99972,100,99517,100,99993,100,99491,100,100033,100,99376,400,100042,100,99185,100,100048,100,99147,100,100053,100,99142,100
2019-06-28 09:53:10.000000000,99856,163,99707,163,99889,163,99617,163,99946,163,99582,363,99950,163,99557,163,99972,100,99517,100,99993,100,99491,100,100033,100,99376,400,100042,100,99185,100,100048,100,99147,100,100053,100,99142,100
2019-06-28 09:53:20.000000000,99856,352,99707,352,99889,100,99617,100,99946,100,99582,300,99950,100,99557,100,99972,100,99517,100,99993,100,99491,100,100033,100,99376,400,100042,100,99185,100,100048,100,99147,100,100053,100,99142,100
2019-06-28 09:53:22.069623978,99856,352,99707,352,99889,100,99617,100,99946,100,99582,300,99950,100,99557,100,99972,100,99517,100,99993,100,99491,100,100033,100,99376,400,100042,100,99185,100,100048,100,99147,100,100053,100,99132,100
2019-06-28 09:53:30.000000000,99856,352,99707,352,99889,100,99617,100,99946,100,99582,300,99950,100,99557,100,99972,100,99517,100,99993,100,99491,100,100033,100,99376,400,100042,100,99185,100,100048,100,99147,100,100053,100,99132,100
2019-06-28 09:53:31.801186409,99856,352,99707,352,99889,100,99617,100,99946,100,99582,300,99950,100,99557,100,99972,100,99517,100,99993,100,99491,100,100033,100,99376,400,100042,100,99185,100,100048,100,99147,100,100053,100,99132,100
2019-06-28 09:53:40.000000000,99856,352,99707,352,99889,100,99617,100,99946,100,99582,300,99950,100,99557,100,99972,100,99517,100,99993,100,99491,100,100033,100,99376,400,100042,100,99185,100,100048,100,99147,100,100053,100,99132,100
2019-06-28 09:53:50.000000000,99856,163,99707,163,99889,163,99617,163,99946,163,99582,363,99950,163,99557,163,99972,100,99517,100,99993,100,99491,100,100033,100,99376,400,100042,100,99185,100,100048,100,99147,100,100053,100,99132,100
2019-06-28 09:53:52.223402095,99889,163,99856,37,99946,163,99707,163,99950,163,99617,163,99972,100,99582,363,99993,100,99557,163,100033,100,99517,100,100042,100,99491,100,100048,100,99376,400,100053,100,99185,100,100076,100,99147,100
2019-06-28 09:54:00.000000000,99889,226,99856,163,99946,226,99707,226,99950,100,99617,100,99972,100,99582,300,99993,100,99557,100,100033,100,99517,100,100042,100,99491,100,100048,100,99376,400,100053,100,99185,100,100076,100,99147,100
2019-06-28 09:54:09.743372042,99889,126,99856,163,99946,226,99707,226,99950,100,99617,100,99972,100,99582,300,99993,100,99557,100,100033,100,99517,100,100042,100,99491,100,100048,100,99376,400,100053,100,99185,100,100076,100,99147,100
2019-06-28 09:54:10.000000000,99946,150,99856,87,99950,150,99707,150,99972,150,99617,150,99993,150,99582,350,100033,150,99557,150,100042,100,99517,100,100048,100,99491,100,100053,100,99376,400,100076,100,99185,100,100078,100,99147,100
2019-06-28 09:54:20.000000000,99946,226,99856,163,99950,226,99707,226,99972,100,99617,100,99993,100,99582,300,100033,100,99557,100,100042,100,99517,100,100048,100,99491,100,100053,100,99376,400,100076,100,99185,100,100078,100,99147,100
2019-06-28 09:54:21.697760500,99946,126,99856,163,99950,226,99707,226,99972,100,99617,100,99993,100,99582,300,100033,100,99557,100,100042,100,99517,100,100048,100,99491,100,100053,100,99376,400,100076,100,99185,100,100078,100,99147,100
2019-06-28 09:54:27.067676358,99946,126,99856,163,99950,226,99707,226,99972,100,99617,100,99993,100,99582,300,100033,100,99557,100,100042,100,99517,100,100053,100,99491,100,100076,100,99376,400,100078,100,99185,100,100087,200,99147,100
2019-06-28 09:54:30.000000000,99950,352,99856,289,99972,100,99707,100,99993,100,99617,100,100033,100,99582,300,100042,100,99557,100,100053,100,99517,100,100076,100,99491,100,100078,100,99376,400,100087,200,99185,100,100114,100,99147,100
2019-06-28 09:54:38.323690823,99950,352,99856,289,99972,100,99707,100,99993,100,99617,100,100033,100,99582,300,100042,100,99557,100,100053,100,99517,100,100076,100,99376,400,100078,100,99185,100,100087,200,99147,100,100114,100,99132,100
2019-06-28 09:54:38.619228287,99950,252,99856,289,99972,100,99707,100,99993,100,99617,100,100033,100,99582,300,100042,100,99557,100,100053,100,99517,100,100076,100,99376,400,100078,100,99185,100,100087,200,99147,100,100114,100,99132,100
2019-06-28 09:54:40.000000000,99972,186,99856,123,99993,183,99707,183,100033,183,99617,183,100042,100,99582,300,100053,100,99557,100,100076,100,99517,100,100078,100,99376,400,100087,200,99185,100,100114,100,99147,100,100205,100,99132,100
2019-06-28 09:54:42.734604456,99972,86,99856,123,99993,183,99707,183,100033,183,99617,183,100042,100,99582,300,100053,100,99557,100,100076,100,99517,100,100078,100,99376,400,100087,200,99185,100,100114,100,99147,100,100205,100,99132,100
2019-06-28 09:54:50.000000000,99993,150,99856,87,100033,150,99707,150,100042,150,99617,150,100053,150,99582,350,100076,150,99557,150,100078,100,99517,100,100087,200,99376,400,100114,100,99185,100,100205,100,99147,100,100249,100,99132,100
2019-06-28 09:55:00.000000000,99993,186,99856,123,100033,183,99707,183,100042,183,99617,183,100053,100,99582,300,100076,100,99557,100,100078,100,99517,100,100087,200,99376,400,100114,100,99185,100,100205,100,99147,100,100249,100,99132,100
2019-06-28 09:55:10.000000000,99993,352,99856,289,100033,100,99707,100,100042,100,99617,100,100053,100,99582,300,100076,100,99557,100,100078,100,99517,100,100087,200,99376,400,100114,100,99185,100,100205,100,99147,100,100249,100,99132,100
2019-06-28 09:55:20.000000000,99993,150,99856,87,100033,150,99707,150,100042,150,99617,150,100053,150,99582,350,100076,150,99557,150,100078,100,99517,100,100087,200,99376,400,100114,100,99185,100,100205,100,99147,100,100249,100,99132,100
2019-06-28 09:55:30.000000000,99993,150,99856,87,100033,150,99707,150,100042,150,99617,150,100053,150,99582,350,100076,150,99557,150,100078,100,99517,100,100087,200,99376,400,100114,100,99185,100,100205,100,99147,100,100249,100,99132,100
2019-06-28 09:55:34.536424609,99993,150,99856,87,100033,150,99707,150,100042,150,99617,150,100053,150,99582,350,100076,150,99557,150,100078,100,99517,100,100087,200,99376,400,100114,100,99185,100,100205,100,99147,100,100249,100,99132,100
2019-06-28 09:55:40.000000000,99993,163,99856,100,100033,163,99707,163,100042,163,99617,163,100053,163,99582,363,100076,100,99557,100,100078,100,99517,100,100087,200,99376,400,100114,100,99185,100,100205,100,99147,100,100249,100,99132,100
2019-06-28 09:55:45.312003638,99993,163,99856,100,100033,163,99707,63,100042,163,99617,163,100053,163,99582,363,100076,100,99557,100,100078,100,99517,100,100087,200,99376,400,100114,100,99185,100,100205,100,99147,100,100249,100,99132,100
2019-06-28 09:55:50.000000000,99993,352,99856,289,100033,100,99617,100,100042,100,99582,300,100053,100,99557,100,100076,100,99517,100,100078,100,99376,400,100087,200,99185,100,100114,100,99147,100,100205,100,99132,100,100249,100,99038,100
2019-06-28 09:55:55.002919670,99993,352,99856,289,100033,100,99617,100,100042,100,99582,300,100053,100,99557,100,100076,100,99517,100,100078,100,99376,400,100087,200,99185,100,100114,100,99147,100,100205,100,99132,100,100249,100,99038,100
2019-06-28 09:56:00.000000000,99993,186,99856,123,100033,183,99617,183,100042,183,99582,383,100053,100,99557,100,100076,100,99517,100,100078,100,99376,400,100087,200,99185,100,100114,100,99147,100,100205,100,99132,100,100249,100,99038,100
2019-06-28 09:56:10.000000000,99993,150,99856,87,100033,150,99617,150,100042,150,99582,350,100053,150,99557,150,100076,150,99517,150,100078,100,99376,400,100087,200,99185,100,100114,100,99147,100,100205,100,99132,100,100249,100,99038,100
2019-06-28 09:56:11.972027718,99993,150,99946,100,100033,150,99856,87,100042,150,99617,150,100053,150,99582,350,100076,150,99557,150,100078,100,99517,150,100087,200,99376,400,100114,100,99185,100,100205,100,99147,100,100249,100,99132,100
2019-06-28 09:56:20.000000000,99993,163,99946,163,100033,163,99856,100,100042,163,99617,163,100053,163,99582,363,100076,100,99557,100,100078,100,99517,100,100087,200,99376,400,100114,100,99185,100,100205,100,99147,100,100249,100,99132,100
2019-06-28 09:56:28.918975894,99993,163,99946,263,100033,163,99856,100,100042,163,99617,163,100053,163,99582,263,100076,100,99557,100,100078,100,99517,100,100087,200,99376,400,100114,100,99185,100,100205,100,99147,100,100249,100,99132,100
2019-06-28 09:56:30.000000000,99993,352,99946,452,100033,100,99856,37,100042,100,99617,100,100053,100,99582,200,100076,100,99557,100,100078,100,99517,100,100087,200,99376,400,100114,100,99185,100,100205,100,99147,100,100249,100,99132,100
2019-06-28 09:56:40.000000000,99993,163,99946,263,100033,163,99856,100,100042,163,99617,163,100053,163,99582,263,100076,100,99557,100,100078,100,99517,100,100087,200,99376,400,100114,100,99185,100,100205,100,99147,100,100249,100,99132,100
2019-06-28 09:56:50.000000000,99993,226,99946,326,100033,226,99856,163,100042,100,99617,100,100053,100,99582,200,100076,100,99557,100,100078,100,99517,100,100087,200,99376,400,100114,100,99185,100,100205,100,99147,100,100249,100,99132,100
2019-06-28 09:57:00.000000000,99993,352,99946,452,100033,100,99856,37,100042,100,99617,100,100053,100,99582,200,100076,100,99557,100,100078,100,99517,100,100087,200,99376,400,100114,100,99185,100,100205,100,99147,100,100249,100,99132,100
2019-06-28 09:57:02.618125389,99993,352,99946,452,100033,100,99856,37,100042,100,99807,100,100053,100,99617,100,100076,100,99582,200,100078,100,99557,100,100087,200,99517,100,100114,100,99376,400,100205,100,99185,100,100249,100,99147,100
2019-06-28 09:57:10.000000000,99993,163,99946,263,100033,163,99856,100,100042,163,99807,163,100053,163,99617,163,100076,100,99582,200,100078,100,99557,100,100087,200,99517,100,100114,100,99376,400,100205,100,99185,100,100249,100,99147,100
2019-06-28 09:57:20.000000000,99993,226,99946,326,100033,226,99856,163,100042,100,99807,100,100053,100,99617,100,100076,100,99582,200,100078,100,99557,100,100087,200,99517,100,100114,100,99376,400,100205,100,99185,100,100249,100,99147,100
2019-06-28 09:57:30.000000000,99993,163,99946,263,100033,163,99856,100,100042,163,99807,163,100053,163,99617,163,100076,100,99582,200,100078,100,99557,100,100087,200,99517,100,100114,100,99376,400,100205,100,99185,100,100249,100,99147,100
2019-06-28 09:57:40.000000000,99993,352,99946,452,100033,100,99856,37,100042,100,99807,100,100053,100,99617,100,100076,100,99582,200,100078,100,99557,100,100087,200,99517,100,100114,100,99376,400,100205,100,99185,100,100249,100,99147,100
2019-06-28 09:57:46.715333811,99993,352,99963,100,100033,100,99946,452,100042,100,99856,37,100053,100,99807,100,100076,100,99617,100,100078,100,99582,200,100087,200,99557,100,100114,100,99517,100,100205,100,99376,400,100249,100,99185,100
2019-06-28 09:57:50.000000000,99993,150,99963,150,100033,150,99946,250,100042,150,99856,87,100053,150,99807,150,100076,150,99617,150,100078,100,99582,200,100087,200,99557,100,100114,100,99517,100,100205,100,99376,400,100249,100,99185,100
2019-06-28 09:57:57.281221702,99993,150,99963,150,100033,150,99946,250,100042,150,99902,100,100053,150,99856,87,100076,150,99807,150,100078,100,99617,150,100087,200,99582,200,100114,100,99557,100,100205,100,99517,100,100249,100,99376,400
2019-06-28 09:57:57.724619810,99993,150,99963,150,100012,100,99946,250,100033,150,99856,87,100042,150,99807,150,100053,150,99617,150,100076,150,99582,200,100078,100,99557,100,100087,200,99517,100,100114,100,99376,400,100205,100,99185,100
2019-06-28 09:58:00.000000000,99993,150,99963,150,100012,150,99946,250,100033,150,99856,87,100042,150,99807,150,100053,150,99617,150,100076,100,99582,200,100078,100,99557,100,100087,200,99517,100,100114,100,99376,400,100205,100,99185,100
2019-06-28 09:58:05.640212582,99993,150,99963,150,100012,150,99946,250,100033,150,99856,87,100042,150,99807,150,100053,150,99617,150,100076,100,99582,200,100078,100,99557,100,100087,200,99517,100,100114,100,99376,400,100123,100,99185,100
2019-06-28 09:58:10.000000000,99993,150,99963,150,100012,150,99946,250,100033,150,99856,87,100042,150,99807,150,100053,150,99617,150,100076,100,99582,200,100078,100,99557,100,100087,200,99517,100,100114,100,99376,400,100123,100,99185,100
2019-06-28 09:58:20.000000000,99993,226,99963,226,100012,226,99946,326,100033,100,99856,37,100042,100,99807,100,100053,100,99617,100,100076,100,99582,200,100078,100,99557,100,100087,200,99517,100,100114,100,99376,400,100123,100,99185,100
2019-06-28 09:58:21.380704285,99993,126,99963,226,100012,226,99946,326,100033,100,99856,37,100042,100,99807,100,100053,100,99617,100,100076,100,99582,200,100078,100,99557,100,100087,200,99517,100,100114,100,99376,400,100123,100,99185,100
2019-06-28 09:58:30.000000000,100012,186,99963,186,100033,183,99946,283,100042,183,99856,120,100053,100,99807,100,100076,100,99617,100,100078,100,99582,200,100087,200,99557,100,100114,100,99517,100,100123,100,99376,400,100205,100,99185,100
2019-06-28 09:58:38.057368412,100012,186,99963,186,100033,183,99946,283,100042,183,99856,120,100053,100,99807,100,100076,100,99617,100,100078,100,99582,200,100087,200,99557,100,100114,100,99517,100,100123,100,99376,400,100166,100,99185,100
2019-06-28 09:58:40.000000000,100012,163,99963,163,100033,163,99946,263,100042,163,99856,100,100053,163,99807,163,100076,100,99617,100,100078,100,99582,200,100087,200,99557,100,100114,100,99517,100,100123,100,99376,400,100166,100,99185,100
2019-06-28 09:58:42.492676625,100012,63,99963,163,100033,163,99946,263,100042,163,99856,100,100053,163,99807,163,100076,100,99617,100,100078,100,99582,200,100087,200,99557,100,100114,100,99517,100,100123,100,99376,400,100166,100,99185,100
2019-06-28 09:58:45.030240321,100033,163,100012,37,100042,163,99963,163,100053,163,99946,263,100076,100,99856,100,100078,100,99807,163,100087,200,99617,100,100114,100,99582,200,100123,100,99557,100,100166,100,99517,100,100205,100,99376,400
2019-06-28 09:58:50.000000000,100033,226,100012,163,100042,226,99963,226,100053,100,99946,200,100076,100,99856,37,100078,100,99807,100,100087,200,99617,100,100114,100,99582,200,100123,100,99557,100,100166,100,99517,100,100205,100,99376,400
2019-06-28 09:58:51.753900990,100033,226,100012,163,100042,226,99963,226,100053,100,99946,200,100072,100,99856,37,100076,100,99807,100,100078,100,99617,100,100087,200,99582,200,100114,100,99557,100,100123,100,99517,100,100166,100,99376,400
2019-06-28 09:58:53.001515275,100033,226,100012,163,100042,226,99963,226,100053,100,99946,200,100072,100,99856,37,100076,100,99807,100,100078,100,99617,100,100087,200,99582,100,100114,100,99557,100,100123,100,99517,100,100166,100,99376,400
2019-06-28 09:59:00.000000000,100033,163,100012,100,100042,163,99963,163,100053,163,99946,263,100072,163,99856,100,100076,100,99807,100,100078,100,99617,100,100087,200,99582,100,100114,100,99557,100,100123,100,99517,100,100166,100,99376,400
2019-06-28 09:59:01.554258559,100033,163,100012,100,100042,163,99963,163,100053,163,99946,263,100072,163,99856,100,100076,100,99617,100,100078,100,99582,100,100087,200,99557,100,100114,100,99517,100,100123,100,99376,400,100166,100,99185,100
2019-06-28 09:59:06.006110730,100033,163,100012,200,100042,163,99963,163,100053,163,99946,263,100072,163,99856,100,100076,100,99617,100,100078,100,99582,100,100087,200,99557,100,100114,100,99517,100,100123,100,99376,400,100166,100,99185,100
2019-06-28 09:59:10.000000000,100033,186,100012,223,100042,183,99963,183,100053,183,99946,283,100072,100,99856,37,100076,100,99617,100,100078,100,99582,100,100087,200,99557,100,100114,100,99517,100,100123,100,99376,400,100166,100,99185,100
2019-06-28 09:59:15.214968972,100033,86,100012,223,100042,183,99963,183,100053,183,99946,283,100072,100,99856,37,100076,100,99617,100,100078,100,99582,100,100087,200,99557,100,100114,100,99517,100,100123,100,99376,400,100205,100,99185,100
2019-06-28 09:59:20.000000000,100042,163,100012,200,100053,163,99963,163,100072,163,99946,263,100076,163,99856,100,100078,100,99617,100,100087,200,99582,100,100114,100,99557,100,100123,100,99517,100,100205,100,99376,400,100249,100,99185,100
2019-06-28 09:59:24.611140574,100042,163,100018,100,100053,163,100012,200,100072,163,99963,163,100076,163,99946,263,100078,100,99856,100,100087,200,99617,100,100114,100,99582,100,100123,100,99557,100,100205,100,99517,100,100249,100,99376,400
2019-06-28 09:59:24.730184936,100042,163,100018,100,100053,163,100013,100,100072,163,100012,100,100076,163,99963,163,100078,100,99946,263,100087,200,99856,100,100114,100,99617,100,100123,100,99582,100,100205,100,99557,100,100249,100,99517,100
2019-06-28 09:59:30.000000000,100042,226,100018,226,100053,226,100013,226,100072,100,100012,37,100076,100,99963,100,100078,100,99946,200,100087,200,99856,37,100114,100,99617,100,100123,100,99582,100,100205,100,99557,100,100249,100,99517,100
2019-06-28 09:59:39.430411168,100042,226,100018,226,100053,226,100013,326,100072,100,100012,37,100076,100,99963,100,100078,100,99946,100,100087,200,99856,37,100114,100,99617,100,100123,100,99582,100,100205,100,99557,100,100249,100,99517,100
2019-06-28 09:59:40.000000000,100042,150,100018,150,100053,150,100013,250,100072,150,100012,87,100076,150,99963,150,100078,150,99946,150,100087,200,99856,37,100114,100,99617,100,100123,100,99582,100,100205,100,99557,100,100249,100,99517,100
2019-06-28 09:59:45.615475916,100042,50,100018,150,100053,150,100013,250,100072,150,100012,87,100076,150,99963,150,100078,150,99946,150,100087,200,99856,37,100114,100,99617,100,100123,100,99582,100,100205,100,99557,100,100249,100,99517,100
2019-06-28 09:59:50.000000000,100053,226,100018,226,100072,226,100013,326,100076,100,100012,37,100078,100,99963,100,100087,200,99946,100,100114,100,99856,37,100123,100,99617,100,100205,100,99582,100,100249,100,99557,100,100276,100,99517,100
2019-06-28 10:00:00.000000000,100053,163,100018,163,100072,163,100013,263,100076,163,100012,100,100078,163,99963,163,100087,200,99946,100,100114,100,99856,37,100123,100,99617,100,100205,100,99582,100,100249,100,99557,100,100276,100,99517,100
2019-06-28 10:00:01.751215780,100053,163,100018,163,100072,163,100013,263,100076,163,100012,100,100078,163,99963,163,100087,200,99946,100,100114,100,99856,37,100123,100,99617,100,100205,100,99582,100,100249,100,99557,100,100276,100,99517,100
2019-06-28 10:00:10.000000000,100053,226,100018,226,100072,226,100013,326,100076,100,100012,37,100078,100,99963,100,100087,200,99946,100,100114,100,99856,37,100123,100,99617,100,100205,100,99582,100,100249,100,99557,100,100276,100,99517,100
2019-06-28 10:00:20.000000000,100053,352,100018,352,100072,100,100013,200,100076,100,100012,37,100078,100,99963,100,100087,200,99946,100,100114,100,99856,37,100123,100,99617,100,100205,100,99582,100,100249,100,99557,100,100276,100,99517,100
2019-06-28 10:00:25.804172381,100053,352,100018,352,100072,100,100013,200,100076,100,100012,37,100078,100,99963,100,100087,200,99946,100,100114,100,99856,37,100123,100,99617,100,100205,100,99582,100,100249,100,99557,100,100276,100,99517,100
2019-06-28 10:00:30.000000000,100053,226,100018,226,100072,226,100013,326,100076,100,100012,37,100078,100,99963,100,100087,200,99946,100,100114,100,99856,37,100123,100,99617,100,100205,100,99582,100,100249,100,99557,100,100276,100,99517,100
2019-06-28 10:00:33.452743385,100053,126,100018,226,100072,226,100013,326,100076,100,100012,37,100078,100,99963,100,100087,200,99946,100,100114,100,99856,37,100123,100,99617,100,100205,100,99582,100,100249,100,99557,100,100276,100,99517,100
2019-06-28 10:00:38.162115385,100053,26,100018,226,100072,226,100013,326,100076,100,100012,37,100078,100,99963,100,100087,200,99946,100,100114,100,99856,37,100123,100,99617,100,100205,100,99582,100,100249,100,99557,100,100280,100,99517,100
2019-06-28 10:00:38.278689940,100053,26,100018,226,100072,226,100013,326,100076,100,100012,37,100078,100,99963,100,100087,100,99946,100,100114,100,99856,37,100123,100,99617,100,100205,100,99582,100,100249,100,99557,100,100280,100,99517,100
2019-06-28 10:00:40.000000000,100072,226,100018,226,100076,226,100013,326,100078,100,100012,37,100087,100,99963,100,100114,100,99946,100,100123,100,99856,37,100205,100,99617,100,100249,100,99582,100,100280,100,99557,100,100293,100,99517,100
2019-06-28 10:00:50.000000000,100072,352,100018,352,100076,100,100013,200,100078,100,100012,37,100087,100,99963,100,100114,100,99946,100,100123,100,99856,37,100205,100,99617,100,100249,100,99582,100,100280,100,99557,100,100293,100,99517,100
2019-06-28 10:00:50.174613517,100072,352,100053,100,100076,100,100018,352,100078,100,100013,200,100087,100,100012,37,100114,100,99963,100,100123,100,99946,100,100205,100,99856,37,100249,100,99617,100,100280,100,99582,100,100293,100,99557,100
2019-06-28 10:00:57.824991245,100072,352,100053,100,100076,100,100018,352,100078,100,100013,200,100087,100,100012,37,100114,100,99963,100,100123,100,99946,100,100205,100,99856,37,100249,100,99617,100,100280,100,99557,100,100293,100,99517,100
2019-06-28 10:00:59.381881366,100072,352,100069,100,100076,100,100053,100,100078,100,100018,352,100087,100,100013,200,100114,100,100012,37,100123,100,99963,100,100205,100,99946,100,100249,100,99856,37,100280,100,99617,100,100293,100,99557,100
2019-06-28 10:01:00.000000000,100072,186,100069,186,100076,183,100053,183,100078,183,100018,183,100087,100,100013,200,100114,100,100012,37,100123,100,99963,100,100205,100,99946,100,100249,100,99856,37,100280,100,99617,100,100293,100,99557,100
2019-06-28 10:01:01.895323755,100072,86,100069,186,100076,183,100053,183,100078,183,100018,183,100087,100,100013,200,100114,100,100012,37,100123,100,99963,100,100205,100,99946,100,100249,100,99856,37,100280,100,99617,100,100293,100,99557,100
2019-06-28 10:01:03.779587701,100072,86,100069,186,100076,183,100053,183,100078,183,100018,183,100087,100,100013,200,100114,100,100012,37,100123,100,99963,100,100205,100,99946,100,100249,100,99856,37,100280,100,99617,100,100293,100,99557,100
2019-06-28 10:01:05.038742318,100072,86,100069,186,100076,183,100053,183,100078,183,100018,183,100087,100,100013,200,100114,100,100012,37,100123,100,99963,100,100205,100,99946,100,100249,100,99856,37,100280,100,99617,100,100293,100,99557,100
2019-06-28 10:01:10.000000000,100076,186,100069,186,100078,183,100053,183,100087,183,100018,183,100114,100,100013,200,100123,100,100012,37,100205,100,99963,100,100249,100,99946,100,100280,100,99856,37,100293,100,99617,100,100404,100,99557,100
2019-06-28 10:01:14.366762997,100076,186,100069,186,100078,183,100053,183,100087,183,100018,183,100114,100,100013,200,100123,100,100012,37,100205,100,99963,100,100249,100,99955,100,100280,100,99946,100,100293,100,99856,37,100404,100,99617,100
2019-06-28 10:01:14.427385303,100076,86,100069,186,100078,183,100053,183,100087,183,100018,183,100114,100,100013,200,100123,100,100012,37,100205,100,99963,100,100249,100,99955,100,100280,100,99946,100,100293,100,99856,37,100404,100,99617,100
2019-06-28 10:01:19.695231660,100076,86,100072,100,100078,183,100069,186,100087,183,100053,183,100114,100,100018,183,100123,100,100013,200,100205,100,100012,37,100280,100,99963,100,100293,100,99955,100,100404,100,99946,100,100482,100,99856,37
2019-06-28 10:01:20.000000000,100078,150,100072,150,100087,150,100069,150,100114,150,100053,150,100123,150,100018,150,100205,150,100013,250,100280,100,100012,37,100293,100,99963,100,100404,100,99955,100,100482,100,99946,100,100524,100,99856,37
2019-06-28 10:01:30.000000000,100078,226,100072,226,100087,226,100069,226,100114,100,100053,100,100123,100,100018,100,100205,100,100013,200,100280,100,100012,37,100293,100,99963,100,100404,100,99955,100,100482,100,99946,100,100524,100,99856,37
2019-06-28 10:01:33.493838537,100078,126,100072,226,100087,226,100069,226,100114,100,100053,100,100123,100,100018,100,100205,100,100013,200,100280,100,100012,37,100293,100,99963,100,100404,100,99955,100,100482,100,99946,100,100524,100,99856,37
2019-06-28 10:01:40.000000000,100087,226,100072,226,100114,226,100069,226,100123,100,100053,100,100205,100,100018,100,100280,100,100013,200,100293,100,100012,37,100404,100,99963,100,100482,100,99955,100,100524,100,99946,100,100547,100,99856,37
2019-06-28 10:01:43.856964002,100087,126,100072,226,100114,226,100069,226,100123,100,100053,100,100205,100,100018,100,100280,100,100013,200,100293,100,100012,37,100404,100,99963,100,100482,100,99955,100,100524,100,99946,100,100547,100,99856,37
2019-06-28 10:01:50.000000000,100114,150,100072,150,100123,150,100069,150,100205,150,100053,150,100280,150,100018,150,100293,150,100013,250,100404,100,100012,37,100482,100,99963,100,100524,100,99955,100,100547,100,99946,100,100968,100,99856,37
2019-06-28 10:01:54.457978487,100114,50,100072,150,100123,150,100069,150,100205,150,100053,150,100280,150,100018,150,100293,150,100013,250,100404,100,100012,37,100482,100,99963,100,100524,100,99955,100,100547,100,99946,100,100968,100,99617,100
2019-06-28 10:01:57.313507142,100114,50,100087,100,100123,150,100072,50,100205,150,100069,150,100280,150,100053,150,100293,150,100018,150,100404,100,100013,250,100482,100,100012,37,100524,100,99963,100,100547,100,99955,100,100968,100,99946,100
2019-06-28 10:01:59.221639022,100114,50,100087,100,100123,150,100072,50,100205,150,100069,150,100280,150,100053,150,100293,150,100018,150,100404,100,100013,250,100482,100,100012,37,100524,100,99963,100,100547,100,99955,100,100755,100,99946,100
2019-06-28 10:02:00.000000000,100123,352,100087,352,100205,100,100069,100,100280,100,100053,100,100293,100,100018,100,100404,100,100013,200,100482,100,100012,37,100524,100,99963,100,100547,100,99955,100,100755,100,99946,100,100968,100,99617,100
2019-06-28 10:02:00.592887869,100123,352,100087,452,100205,100,100069,100,100280,100,100053,100,100293,100,100018,100,100404,100,100013,200,100482,100,100012,37,100524,100,99963,100,100547,100,99955,100,100755,100,99946,100,100968,100,99617,100
2019-06-28 10:02:03.872409332,100123,352,100087,452,100205,100,100069,100,100280,100,100053,100,100293,100,100018,100,100404,100,100013,200,100482,100,100012,37,100484,100,99963,100,100524,100,99955,100,100547,100,99946,100,100755,100,99557,100
2019-06-28 10:02:10.000000000,100123,352,100087,452,100205,100,100069,100,100280,100,100053,100,100293,100,100018,100,100404,100,100013,200,100482,100,100012,37,100484,100,99963,100,100524,100,99955,100,100547,100,99946,100,100755,100,99557,100
2019-06-28 10:02:16.012666574,100123,252,100087,452,100205,100,100053,100,100280,100,100018,100,100293,100,100013,200,100404,100,100012,37,100482,100,99963,100,100484,100,99955,100,100524,100,99946,100,100547,100,99557,100,100755,100,99376,300
2019-06-28 10:02:20.000000000,100205,163,100087,263,100280,163,100053,163,100293,163,100018,163,100404,163,100013,263,100482,100,100012,37,100484,100,99963,100,100524,100,99955,100,100547,100,99946,100,100755,100,99557,100,100968,100,99376,300
2019-06-28 10:02:27.768528611,100205,63,100087,263,100280,163,100053,163,100293,163,100018,163,100404,163,100013,263,100482,100,100012,37,100484,100,99963,100,100547,100,99955,100,100755,100,99946,100,100968,100,99557,100,,,99376,300
2019-06-28 10:02:30.000000000,100280,150,100087,250,100293,150,100053,150,100404,150,100018,150,100482,150,100013,250,100484,150,100012,87,100547,100,99963,100,100755,100,99955,100,100968,100,99946,100,,,99557,100,,,99376,300
2019-06-28 10:02:40.000000000,100280,150,100087,250,100293,150,100053,150,100404,150,100018,150,100482,150,100013,250,100484,150,100012,87,100547,100,99963,100,100755,100,99955,100,100968,100,99946,100,,,99557,100,,,99376,300
2019-06-28 10:02:50.000000000,100280,163,100087,263,100293,163,100053,163,100404,163,100018,163,100482,163,100013,263,100484,100,100012,37,100547,100,99963,100,100755,100,99955,100,100968,100,99946,100,,,99557,100,,,99376,300
2019-06-28 10:03:00.000000000,100280,150,100087,250,100293,150,100053,150,100404,150,100018,150,100482,150,100013,250,100484,150,100012,87,100547,100,99963,100,100755,100,99955,100,100968,100,99946,100,,,99557,100,,,99376,300
2019-06-28 10:03:06.667985718,100280,150,100087,150,100293,150,100053,150,100404,150,100018,150,100482,150,100013,250,100484,150,100012,87,100547,100,99963,100,100755,100,99946,100,100968,100,99557,100,,,99376,300,,,99185,100
2019-06-28 10:03:10.000000000,100280,352,100087,352,100293,100,100053,100,100404,100,100018,100,100482,100,100013,200,100484,100,100012,37,100547,100,99963,100,100755,100,99946,100,100968,100,99557,100,,,99376,300,,,99185,100
2019-06-28 10:03:20.000000000,100280,352,100087,352,100293,100,100053,100,100404,100,100018,100,100482,100,100013,200,100484,100,100012,37,100547,100,99963,100,100755,100,99946,100,100968,100,99557,100,,,99376,300,,,99185,100
2019-06-28 10:03:30.000000000,100280,352,100087,352,100293,100,100053,100,100404,100,100018,100,100482,100,100013,200,100484,100,100012,37,100547,100,99963,100,100755,100,99946,100,100968,100,99557,100,,,99376,300,,,99185,100
2019-06-28 10:03:40.000000000,100280,150,100087,150,100293,150,100053,150,100404,150,100018,150,100482,150,100013,250,100484,150,100012,87,100547,100,99963,100,100755,100,99946,100,100968,100,99557,100,,,99376,300,,,99185,100
2019-06-28 10:03:40.886760361,100280,150,100087,150,100293,150,100053,150,100404,150,100018,150,100482,150,100013,250,100484,150,100012,87,100547,100,99963,100,100755,100,99946,100,100968,100,99875,100,,,99557,100,,,99376,300
2019-06-28 10:03:50.000000000,100280,163,100087,163,100293,163,100053,163,100404,163,100018,163,100482,163,100013,263,100484,100,100012,37,100547,100,99963,100,100755,100,99946,100,100968,100,99875,100,,,99557,100,,,99376,300
2019-06-28 10:03:54.561547151,100280,163,100087,163,100293,163,100053,163,100404,163,100018,163,100482,163,100013,263,100484,100,100012,37,100547,100,99974,100,100755,100,99963,100,100968,100,99946,100,,,99875,100,,,99557,100
2019-06-28 10:03:59.871945880,100101,100,100087,163,100280,163,100053,163,100293,163,100018,163,100404,163,100013,263,100482,163,100012,37,100484,100,99974,100,100547,100,99963,100,100755,100,99946,100,100968,100,99875,100,,,99557,100
2019-06-28 10:04:00.000000000,100101,163,100087,163,100280,163,100053,163,100293,163,100018,163,100404,163,100013,263,100482,100,100012,37,100484,100,99974,100,100547,100,99963,100,100755,100,99946,100,100968,100,99875,100,,,99557,100
2019-06-28 10:04:10.000000000,100101,163,100087,163,100280,163,100053,163,100293,163,100018,163,100404,163,100013,263,100482,100,100012,37,100484,100,99974,100,100547,100,99963,100,100755,100,99946,100,100968,100,99875,100,,,99557,100
2019-06-28 10:04:16.195989827,100101,163,100087,163,100280,163,100053,163,100293,163,100018,163,100301,100,100013,263,100404,163,99974,100,100482,100,99963,100,100484,100,99946,100,100547,100,99875,100,100755,100,99557,100,100968,100,99376,300
2019-06-28 10:04:20.000000000,100101,352,100087,352,100280,100,100053,100,100293,100,100018,100,100301,100,100013,200,100404,100,99974,100,100482,100,99963,100,100484,100,99946,100,100547,100,99875,100,100755,100,99557,100,100968,100,99376,300
2019-06-28 10:04:21.591669022,100101,352,100087,352,100280,100,100053,100,100293,100,100018,100,100301,100,100013,200,100404,100,99974,100,100482,100,99963,100,100484,100,99946,100,100547,100,99875,100,100755,100,99557,100,100968,100,99376,200
2019-06-28 10:04:30.000000000,100101,150,100087,150,100280,150,100053,150,100293,150,100018,150,100301,150,100013,250,100404,150,99974,150,100482,100,99963,100,100484,100,99946,100,100547,100,99875,100,100755,100,99557,100,100968,100,99376,200
2019-06-28 10:04:40.000000000,100101,150,100087,150,100280,150,100053,150,100293,150,100018,150,100301,150,100013,250,100404,150,99974,150,100482,100,99963,100,100484,100,99946,100,100547,100,99875,100,100755,100,99557,100,100968,100,99376,200
2019-06-28 10:04:50.000000000,100101,352,100087,352,100280,100,100053,100,100293,100,100018,100,100301,100,100013,200,100404,100,99974,100,100482,100,99963,100,100484,100,99946,100,100547,100,99875,100,100755,100,99557,100,100968,100,99376,200
2019-06-28 10:05:00.000000000,100101,163,100087,163,100280,163,100053,163,100293,163,100018,163,100301,163,100013,263,100404,100,99974,100,100482,100,99963,100,100484,100,99946,100,100547,100,99875,100,100755,100,99557,100,100968,100,99376,200
2019-06-28 10:05:10.000000000,100101,226,100087,226,100280,226,100053,226,100293,100,100018,100,100301,100,100013,200,100404,100,99974,100,100482,100,99963,100,100484,100,99946,100,100547,100,99875,100,100755,100,99557,100,100968,100,99376,200
2019-06-28 10:05:12.731900493,100101,126,100087,226,100280,226,100053,226,100293,100,100018,100,100301,100,100013,200,100404,100,99974,100,100482,100,99963,100,100484,100,99946,100,100547,100,99875,100,100755,100,99557,100,100968,100,99376,200
2019-06-28 10:05:15.269835146,100101,126,100087,226,100165,100,100053,226,100280,226,100018,100,100293,100,100013,200,100301,100,99974,100,100404,100,99963,100,100482,100,99946,100,100484,100,99875,100,100547,100,99557,100,100755,100,99376,200
2019-06-28 10:05:20.000000000,100165,352,100087,352,100280,100,100053,100,100293,100,100018,100,100301,100,100013,200,100404,100,99974,100,100482,100,99963,100,100484,100,99946,100,100547,100,99875,100,100755,100,99557,100,100968,100,99376,200
2019-06-28 10:05:26.691900611,100165,352,100087,352,100280,100,100079,100,100293,100,100053,100,100301,100,100018,100,100404,100,100013,200,100482,100,99974,100,100484,100,99963,100,100547,100,99946,100,100755,100,99875,100,100968,100,99557,100
2019-06-28 10:05:30.000000000,100165,163,100087,163,100280,163,100079,163,100293,163,100053,163,100301,163,100018,163,100404,100,100013,200,100482,100,99974,100,100484,100,99963,100,100547,100,99946,100,100755,100,99875,100,100968,100,99557,100
2019-06-28 10:05:33.793408159,100165,163,100087,63,100280,163,100079,163,100293,163,100053,163,100301,163,100018,163,100404,100,100013,200,100482,100,99974,100,100484,100,99963,100,100547,100,99946,100,100755,100,99875,100,100968,100,99557,100
2019-06-28 10:05:35.590993273,100165,163,100087,63,100214,100,100079,163,100280,163,100053,163,100293,163,100018,163,100301,163,100013,200,100404,100,99974,100,100482,100,99963,100,100484,100,99946,100,100547,100,99875,100,100755,100,99557,100
2019-06-28 10:05:40.000000000,100165,150,100079,150,100214,150,100053,150,100280,150,100018,150,100293,150,100013,250,100301,150,99974,150,100404,100,99963,100,100482,100,99946,100,100484,100,99875,100,100547,100,99557,100,100755,100,99376,200
2019-06-28 10:05:50.000000000,100165,352,100079,352,100214,100,100053,100,100280,100,100018,100,100293,100,100013,200,100301,100,99974,100,100404,100,99963,100,100482,100,99946,100,100484,100,99875,100,100547,100,99557,100,100755,100,99376,200
2019-06-28 10:05:54.848536641,100165,352,100086,100,100214,100,100079,352,100280,100,100053,100,100293,100,100018,100,100301,100,100013,200,100404,100,99974,100,100482,100,99963,100,100484,100,99946,100,100547,100,99875,100,100755,100,99557,100
2019-06-28 10:06:00.000000000,100165,186,100086,186,100214,183,100079,183,100280,183,100053,183,100293,100,100018,100,100301,100,100013,200,100404,100,99974,100,100482,100,99963,100,100484,100,99946,100,100547,100,99875,100,100755,100,99557,100
2019-06-28 10:06:01.048364931,100165,186,100086,86,100214,183,100079,183,100242,100,100053,183,100280,183,100018,100,100293,100,100013,200,100301,100,99974,100,100404,100,99963,100,100482,100,99946,100,100484,100,99875,100,100547,100,99557,100
