,ask_price_1,ask_size_1,bid_price_1,bid_size_1,ask_price_2,ask_size_2,bid_price_2,bid_size_2,ask_price_3,ask_size_3,bid_price_3,bid_size_3,ask_price_4,ask_size_4,bid_price_4,bid_size_4,ask_price_5,ask_size_5,bid_price_5,bid_size_5,ask_price_6,ask_size_6,bid_price_6,bid_size_6,ask_price_7,ask_size_7,bid_price_7,bid_size_7,ask_price_8,ask_size_8,bid_price_8,bid_size_8,ask_price_9,ask_size_9,bid_price_9,bid_size_9,ask_price_10,ask_size_10,bid_price_10,bid_size_10
2019-06-28 09:30:00.000000002,100090,100,,,,,,,,,,,,,,,,,,,,,,,,,,,,,,,,,,,,,,
2019-06-28 09:30:00.000000005,100090,100,100046,100,,,,,,,,,,,,,,,,,,,,,,,,,,,,,,,,,,,,
2019-06-28 09:30:00.000000009,100090,100,100046,100,100183,100,,,,,,,,,,,,,,,,,,,,,,,,,,,,,,,,,,
2019-06-28 09:30:00.000000010,100090,100,100046,100,100183,100,99857,100,,,,,,,,,,,,,,,,,,,,,,,,,,,,,,,,
2019-06-28 09:30:00.000000015,100090,100,100046,100,100183,100,99857,100,,,99818,100,,,,,,,,,,,,,,,,,,,,,,,,,,,,
2019-06-28 09:30:00.000000017,100090,100,100046,100,100172,100,99857,100,100183,100,99818,100,,,,,,,,,,,,,,,,,,,,,,,,,,,,
2019-06-28 09:30:00.000000020,100090,100,99857,100,100172,100,99818,100,100183,100,,,,,,,,,,,,,,,,,,,,,,,,,,,,,,
2019-06-28 09:30:00.000000023,100005,100,99857,100,100090,100,99818,100,100172,100,,,100183,100,,,,,,,,,,,,,,,,,,,,,,,,,,
2019-06-28 09:30:00.000000024,100006,100,99857,100,100051,100,99818,100,100090,100,,,100172,100,,,100183,100,,,,,,,,,,,,,,,,,,,,,,
2019-06-28 09:30:00.000000026,100006,100,100005,100,100051,100,99857,100,100060,100,99818,100,100090,100,,,100172,100,,,100183,100,,,,,,,,,,,,,,,,,,
2019-06-28 09:30:00.000000027,100006,100,100005,100,100046,100,99857,100,100051,100,99818,100,100060,100,,,100090,100,,,100172,100,,,100183,100,,,,,,,,,,,,,,
2019-06-28 09:30:00.000000028,100006,100,100005,100,100046,100,99984,100,100051,100,99857,100,100060,100,99818,100,100090,100,,,100172,100,,,100183,100,,,,,,,,,,,,,,
2019-06-28 09:30:00.000000029,100006,100,100005,200,100046,100,99984,100,100051,100,99857,100,100060,100,99818,100,100090,100,,,100172,100,,,100183,100,,,,,,,,,,,,,,
2019-06-28 09:30:00.000000030,100006,100,100005,100,100046,100,99984,100,100051,100,99857,100,100060,100,99818,100,100090,100,,,100172,100,,,100183,100,,,,,,,,,,,,,,
2019-06-28 09:30:00.000000031,100006,100,100005,100,100046,100,99984,100,100051,100,99910,100,100060,100,99857,100,100090,100,99818,100,100172,100,,,100183,100,,,,,,,,,,,,,,
2019-06-28 09:30:00.000000032,100006,100,99984,100,100046,100,99910,100,100051,100,99857,100,100060,100,99818,100,100090,100,,,100172,100,,,100183,100,,,,,,,,,,,,,,
2019-06-28 09:30:00.000000036,100006,100,99984,100,100046,100,99910,100,100051,100,99857,100,100060,100,99821,100,100090,100,99818,100,100172,100,,,100183,100,,,,,,,,,,,,,,
2019-06-28 09:30:00.000000037,100046,100,99984,100,100051,100,99910,100,100060,100,99857,100,100090,100,99821,100,100172,100,99818,100,100183,100,,,,,,,,,,,,,,,,,,
2019-06-28 09:30:00.000000038,100046,100,99984,100,100051,100,99911,100,100060,100,99910,100,100090,100,99857,100,100172,100,99821,100,100183,100,99818,100,,,,,,,,,,,,,,,,
2019-06-28 09:30:00.000000040,100046,100,99984,100,100051,100,99973,100,100060,100,99911,100,100083,100,99910,100,100090,100,99857,100,100172,100,99821,100,100183,100,99818,100,,,,,,,,,,,,
2019-06-28 09:30:00.000000041,100046,100,100005,100,100051,100,99984,100,100060,100,99973,100,100083,100,99911,100,100090,100,99910,100,100118,100,99857,100,100172,100,99821,100,100183,100,99818,100,,,,,,,,
2019-06-28 09:30:00.000000043,100046,100,100005,100,100051,100,99984,100,100060,100,99973,100,100083,100,99911,100,100090,100,99910,100,100118,100,99900,100,100172,100,99857,100,100183,100,99821,100,,,99818,100,,,,
2019-06-28 09:30:00.000000045,100046,100,99984,100,100051,100,99973,100,100060,100,99911,100,100083,100,99910,100,100090,100,99900,100,100118,100,99857,100,100172,100,99821,100,100183,100,99818,100,,,,,,,,
2019-06-28 09:30:00.000000047,100046,100,99984,100,100051,100,99973,100,100060,100,99911,100,100083,100,99910,100,100090,100,99900,100,100118,100,99857,100,100172,100,99821,100,100183,100,99818,100,,,99771,100,,,,
2019-06-28 09:30:00.000000050,100006,100,99984,100,100046,100,99973,100,100051,100,99911,100,100060,100,99910,100,100083,100,99900,100,100090,100,99857,100,100118,100,99821,100,100172,100,99818,100,100183,100,99771,100,,,,
2019-06-28 09:30:00.000000052,100006,100,99984,100,100015,100,99982,100,100046,100,99973,100,100051,100,99931,100,100060,100,99911,100,100083,100,99910,100,100090,100,99900,100,100118,100,99857,100,100172,100,99821,100,100183,100,99818,100
2019-06-28 09:30:00.000000053,100006,100,99996,100,100015,100,99984,100,100046,100,99982,100,100051,100,99973,100,100060,100,99931,100,100083,100,99911,100,100089,100,99910,100,100090,100,99900,100,100118,100,99857,100,100172,100,99821,100
2019-06-28 09:30:00.000000054,100006,100,99996,100,100015,100,99984,100,100046,100,99982,100,100051,100,99973,100,100060,100,99931,100,100083,100,99911,100,100089,100,99910,100,100090,100,99900,100,100118,100,99857,100,100152,100,99821,100
2019-06-28 09:30:00.000000055,100006,200,99996,100,100015,100,99984,100,100046,100,99982,100,100051,100,99973,100,100060,100,99931,100,100083,100,99911,100,100089,100,99910,100,100090,100,99900,100,100118,100,99857,100,100152,100,99821,100
2019-06-28 09:30:00.000000057,100006,200,99996,100,100015,100,99984,100,100046,100,99982,100,100051,100,99973,100,100060,100,99931,100,100083,100,99918,100,100089,100,99911,100,100090,100,99910,100,100118,100,99900,100,100152,100,99857,100
2019-06-28 09:30:00.000000058,100006,200,100005,100,100015,100,99996,100,100046,100,99984,100,100051,100,99982,100,100060,100,99973,100,100083,100,99931,100,100089,100,99918,100,100090,100,99911,100,100118,100,99910,100,100152,100,99900,100
2019-06-28 09:30:00.000000061,100006,300,100005,100,100015,100,99996,100,100046,100,99984,100,100051,100,99982,100,100060,100,99973,100,100083,100,99931,100,100089,100,99918,100,100090,100,99911,200,100118,100,99910,100,100152,100,99900,100
2019-06-28 09:30:00.000000063,100006,200,100005,100,100015,100,99996,100,100046,100,99984,100,100051,100,99982,100,100052,100,99973,100,100060,100,99931,100,100083,100,99918,100,100089,100,99911,200,100090,100,99910,100,100118,100,99900,100
2019-06-28 09:30:00.000000066,100006,200,100005,100,100015,100,99996,100,100046,100,99984,100,100051,100,99982,100,100052,100,99973,100,100060,100,99942,100,100083,100,99931,100,100089,100,99918,100,100090,100,99911,200,100118,100,99910,100
2019-06-28 09:30:00.000000073,100006,200,99996,100,100015,100,99984,100,100046,100,99982,100,100051,100,99973,100,100052,100,99963,100,100060,100,99942,100,100083,100,99931,100,100089,100,99918,100,100090,100,99911,200,100118,100,99910,100
2019-06-28 09:30:00.000000075,100006,200,100005,100,100015,100,99996,100,100046,100,99984,100,100051,100,99982,100,100052,100,99973,100,100060,100,99963,100,100083,100,99945,100,100089,100,99942,100,100090,100,99931,100,100118,100,99918,100
2019-06-28 09:30:00.000000078,100006,200,99996,100,100015,100,99984,100,100046,100,99982,100,100051,100,99973,100,100052,100,99963,100,100060,100,99945,100,100083,100,99942,100,100089,100,99931,100,100090,100,99918,100,100118,100,99911,200
2019-06-28 09:30:00.000000079,100006,200,100005,100,100015,100,99996,100,100046,100,99984,100,100051,100,99982,100,100052,100,99973,100,100060,100,99963,100,100083,100,99945,100,100089,100,99942,100,100090,100,99931,100,100092,100,99918,100
2019-06-28 09:30:00.000000081,100006,200,100005,100,100015,100,99996,100,100046,100,99984,100,100051,100,99982,100,100052,100,99973,100,100060,100,99963,100,100083,100,99951,100,100089,100,99945,100,100090,100,99942,100,100092,100,99931,100
2019-06-28 09:30:00.000000082,100006,200,100005,100,100015,100,99996,100,100046,100,99984,100,100051,100,99982,100,100052,100,99973,100,100060,100,99963,100,100083,100,99951,100,100089,100,99945,100,100090,100,99942,100,100092,100,99931,100
2019-06-28 09:30:00.000000084,100006,200,100005,100,100015,100,99996,100,100046,100,99984,100,100051,100,99982,100,100052,100,99975,100,100060,100,99973,100,100083,100,99963,100,100089,100,99951,100,100090,100,99945,100,100092,100,99942,100
2019-06-28 09:30:00.000000085,100006,200,100005,100,100015,100,99996,100,100046,100,99984,100,100051,100,99982,100,100052,100,99975,100,100060,100,99973,100,100083,100,99963,100,100089,100,99951,100,100090,100,99945,100,100092,100,99942,100
2019-06-28 09:30:00.000000090,100006,200,100005,100,100015,100,99996,100,100046,100,99984,100,100051,100,99982,100,100052,100,99975,100,100060,100,99973,100,100083,100,99963,100,100089,100,99951,100,100090,100,99945,100,100092,100,99942,100
2019-06-28 09:30:00.000000092,100006,200,100005,100,100015,100,99996,100,100046,100,99984,100,100051,100,99982,100,100052,100,99975,100,100060,100,99973,100,100083,100,99963,100,100089,100,99951,100,100090,100,99945,100,100092,100,99943,100
2019-06-28 09:30:00.000000093,100006,200,100005,100,100015,100,99996,100,100046,100,99984,100,100051,100,99982,100,100052,100,99975,100,100060,100,99973,100,100083,100,99963,100,100089,100,99951,100,100090,100,99945,100,100092,100,99943,100
2019-06-28 09:30:00.000000095,100006,200,100005,100,100015,100,99996,100,100046,100,99984,100,100051,100,99982,100,100052,100,99975,100,100060,100,99973,100,100083,100,99963,100,100089,100,99962,100,100090,100,99951,100,100092,100,99945,100
2019-06-28 09:30:00.000000096,100006,200,100005,100,100015,100,99996,100,100046,100,99984,100,100051,100,99982,100,100052,100,99975,100,100060,100,99973,100,100083,100,99963,100,100089,100,99962,100,100090,100,99951,100,100092,100,99945,100
2019-06-28 09:30:00.000000097,100006,200,99996,100,100015,100,99984,100,100046,100,99982,100,100051,100,99975,100,100052,100,99973,100,100060,100,99963,100,100083,100,99962,100,100089,100,99951,100,100090,100,99945,100,100092,100,99943,100
2019-06-28 09:30:00.000000099,100006,200,99996,100,100015,100,99984,100,100046,100,99982,100,100051,100,99975,100,100052,100,99973,100,100060,100,99963,100,100068,100,99962,100,100083,100,99951,100,100089,100,99945,100,100090,100,99943,100
2019-06-28 09:30:10.000000000,100006,658,99996,558,100015,100,99984,100,100046,100,99982,100,100051,100,99975,100,100052,100,99973,100,100060,100,99963,100,100068,100,99962,100,100083,100,99951,100,100089,100,99945,100,100090,100,99943,100
2019-06-28 09:30:20.000000000,100006,429,99996,329,100015,329,99984,329,100046,100,99982,100,100051,100,99975,100,100052,100,99973,100,100060,100,99963,100,100068,100,99962,100,100083,100,99951,100,100089,100,99945,100,100090,100,99943,100
2019-06-28 09:30:30.000000000,100006,429,99996,329,100015,329,99984,329,100046,100,99982,100,100051,100,99975,100,100052,100,99973,100,100060,100,99963,100,100068,100,99962,100,100083,100,99951,100,100089,100,99945,100,100090,100,99943,100
2019-06-28 09:30:40.000000000,100006,356,99996,256,100015,251,99984,251,100046,251,99982,251,100051,100,99975,100,100052,100,99973,100,100060,100,99963,100,100068,100,99962,100,100083,100,99951,100,100089,100,99945,100,100090,100,99943,100
2019-06-28 09:30:50.000000000,100006,429,99996,329,100015,329,99984,329,100046,100,99982,100,100051,100,99975,100,100052,100,99973,100,100060,100,99963,100,100068,100,99962,100,100083,100,99951,100,100089,100,99945,100,100090,100,99943,100
2019-06-28 09:30:51.508883333,100006,429,99996,329,100015,329,99984,329,100046,100,99982,100,100051,100,99975,100,100052,100,99973,100,100060,100,99963,100,100068,100,99962,100,100083,100,99951,100,100089,100,99945,100,100090,100,99943,100
2019-06-28 09:31:00.000000000,100006,658,99996,558,100015,100,99984,100,100046,100,99982,100,100051,100,99975,100,100052,100,99973,100,100060,100,99963,100,100068,100,99962,100,100083,100,99951,100,100089,100,99945,100,100090,100,99943,100
2019-06-28 09:31:05.907874060,100006,658,99996,558,100015,100,99984,100,100046,100,99982,100,100051,100,99975,100,100052,100,99973,100,100060,100,99963,100,100068,100,99962,100,100083,100,99945,100,100089,100,99943,100,100090,100,99942,100
2019-06-28 09:31:07.777159331,100006,658,99996,558,100015,100,99984,100,100046,100,99982,100,100051,100,99975,100,100052,100,99973,100,100060,100,99963,100,100068,100,99962,100,100083,100,99945,100,100089,100,99943,100,100090,100,99942,100
2019-06-28 09:31:10.000000000,100006,429,99996,329,100015,329,99984,329,100046,100,99982,100,100051,100,99975,100,100052,100,99973,100,100060,100,99963,100,100068,100,99962,100,100083,100,99945,100,100089,100,99943,100,100090,100,99942,100
2019-06-28 09:31:20.000000000,100006,429,99996,329,100015,329,99984,329,100046,100,99982,100,100051,100,99975,100,100052,100,99973,100,100060,100,99963,100,100068,100,99962,100,100083,100,99945,100,100089,100,99943,100,100090,100,99942,100
2019-06-28 09:31:30.000000000,100006,658,99996,558,100015,100,99984,100,100046,100,99982,100,100051,100,99975,100,100052,100,99973,100,100060,100,99963,100,100068,100,99962,100,100083,100,99945,100,100089,100,99943,100,100090,100,99942,100
2019-06-28 09:31:40.000000000,100006,429,99996,329,100015,329,99984,329,100046,100,99982,100,100051,100,99975,100,100052,100,99973,100,100060,100,99963,100,100068,100,99962,100,100083,100,99945,100,100089,100,99943,100,100090,100,99942,100
2019-06-28 09:31:50.000000000,100006,314,99996,214,100015,214,99984,214,100046,214,99982,214,100051,214,99975,214,100052,100,99973,100,100060,100,99963,100,100068,100,99962,100,100083,100,99945,100,100089,100,99943,100,100090,100,99942,100
2019-06-28 09:31:57.602960709,100006,314,99996,214,100015,214,99984,214,100046,214,99982,214,100051,214,99975,214,100052,100,99973,100,100060,100,99963,100,100068,100,99962,100,100083,100,99945,100,100089,100,99943,100,100090,100,99942,100
2019-06-28 09:31:58.803621119,100006,214,99996,214,100015,214,99984,214,100046,214,99982,214,100051,214,99975,214,100052,100,99973,100,100060,100,99963,100,100068,100,99962,100,100083,100,99945,100,100089,100,99943,100,100090,100,99942,100
2019-06-28 09:32:00.000000000,100006,192,99996,192,100015,192,99984,192,100046,192,99982,192,100051,192,99975,192,100052,192,99973,192,100060,100,99963,100,100068,100,99962,100,100083,100,99945,100,100089,100,99943,100,100090,100,99942,100
2019-06-28 09:32:10.000000000,100006,256,99996,256,100015,251,99984,251,100046,251,99982,251,100051,100,99975,100,100052,100,99973,100,100060,100,99963,100,100068,100,99962,100,100083,100,99945,100,100089,100,99943,100,100090,100,99942,100
2019-06-28 09:32:12.459157257,100006,256,100005,100,100015,251,99996,256,100046,251,99984,251,100051,100,99982,251,100052,100,99975,100,100060,100,99973,100,100068,100,99963,100,100083,100,99962,100,100089,100,99945,100,100090,100,99943,100
2019-06-28 09:32:18.171201191,100006,156,100005,100,100015,251,99996,156,100046,251,99984,251,100051,100,99982,251,100052,100,99975,100,100060,100,99973,100,100068,100,99963,100,100083,100,99962,100,100089,100,99945,100,100090,100,99943,100
2019-06-28 09:32:20.000000000,100015,256,100005,256,100046,251,99984,251,100051,251,99982,251,100052,100,99975,100,100060,100,99973,100,100068,100,99963,100,100083,100,99962,100,100089,100,99945,100,100090,100,99943,100,100092,100,99942,100
2019-06-28 09:32:30.000000000,100015,558,100005,558,100046,100,99984,100,100051,100,99982,100,100052,100,99975,100,100060,100,99973,100,100068,100,99963,100,100083,100,99962,100,100089,100,99945,100,100090,100,99943,100,100092,100,99942,100
2019-06-28 09:32:30.719667626,100015,458,100005,558,100046,100,99984,100,100051,100,99982,100,100060,100,99975,100,100068,100,99973,100,100083,100,99963,100,100089,100,99962,100,100090,100,99945,100,100092,100,99943,100,100118,100,99942,100
2019-06-28 09:32:40.000000000,100046,256,100005,256,100051,251,99984,251,100060,251,99982,251,100068,100,99975,100,100083,100,99973,100,100089,100,99963,100,100090,100,99962,100,100092,100,99945,100,100118,100,99943,100,100124,100,99942,100
2019-06-28 09:32:50.000000000,100046,329,100005,329,100051,329,99984,329,100060,100,99982,100,100068,100,99975,100,100083,100,99973,100,100089,100,99963,100,100090,100,99962,100,100092,100,99945,100,100118,100,99943,100,100124,100,99942,100
2019-06-28 09:32:55.295675496,100046,329,100005,329,100051,329,99984,329,100060,100,99982,100,100068,100,99975,100,100083,100,99973,100,100089,100,99963,100,100090,100,99962,100,100092,100,99945,100,100118,100,99943,100,100124,100,99942,100
2019-06-28 09:33:00.000000000,100046,256,100005,256,100051,251,99984,251,100060,251,99982,251,100068,100,99975,100,100083,100,99973,100,100089,100,99963,100,100090,100,99962,100,100092,100,99945,100,100118,100,99943,100,100124,100,99942,100
2019-06-28 09:33:10.000000000,100046,192,100005,192,100051,192,99984,192,100060,192,99982,192,100068,192,99975,192,100083,192,99973,192,100089,100,99963,100,100090,100,99962,100,100092,100,99945,100,100118,100,99943,100,100124,100,99942,100
2019-06-28 09:33:15.892135644,100046,92,100005,192,100051,192,99984,192,100060,192,99982,192,100068,192,99975,192,100083,192,99973,192,100089,100,99963,100,100090,100,99962,100,100092,100,99945,100,100118,100,99943,100,100124,100,99942,100
2019-06-28 09:33:20.000000000,100051,214,100005,214,100060,214,99984,214,100068,214,99982,214,100083,214,99975,214,100089,100,99973,100,100090,100,99963,100,100092,100,99962,100,100118,100,99945,100,100124,100,99943,100,100152,100,99942,100
2019-06-28 09:33:30.000000000,100051,558,100005,558,100060,100,99984,100,100068,100,99982,100,100083,100,99975,100,100089,100,99973,100,100090,100,99963,100,100092,100,99962,100,100118,100,99945,100,100124,100,99943,100,100152,100,99942,100
2019-06-28 09:33:40.000000000,100051,214,100005,214,100060,214,99984,214,100068,214,99982,214,100083,214,99975,214,100089,100,99973,100,100090,100,99963,100,100092,100,99962,100,100118,100,99945,100,100124,100,99943,100,100152,100,99942,100
2019-06-28 09:33:41.501484391,100051,214,100005,214,100060,214,99984,214,100068,214,99982,214,100083,214,99975,214,100089,100,99973,100,100090,100,99963,100,100092,100,99962,100,100118,100,99945,100,100124,100,99943,100,100152,100,99942,100
2019-06-28 09:33:50.000000000,100051,192,100005,192,100060,192,99984,192,100068,192,99982,192,100083,192,99975,192,100089,192,99973,192,100090,100,99963,100,100092,100,99962,100,100118,100,99945,100,100124,100,99943,100,100152,100,99942,100
2019-06-28 09:34:00.000000000,100051,192,100005,192,100060,192,99984,192,100068,192,99982,192,100083,192,99975,192,100089,192,99973,192,100090,100,99963,100,100092,100,99962,100,100118,100,99945,100,100124,100,99943,100,100152,100,99942,100
2019-06-28 09:34:10.000000000,100051,192,100005,192,100060,192,99984,192,100068,192,99982,192,100083,192,99975,192,100089,192,99973,192,100090,100,99963,100,100092,100,99962,100,100118,100,99945,100,100124,100,99943,100,100152,100,99942,100
2019-06-28 09:34:17.270415183,100051,92,100005,192,100060,192,99984,192,100068,192,99982,192,100083,92,99975,192,100089,192,99973,192,100090,100,99963,100,100092,100,99962,100,100118,100,99945,100,100124,100,99943,100,100152,100,99942,100
2019-06-28 09:34:20.000000000,100060,256,100005,256,100068,251,99984,251,100089,251,99982,251,100090,100,99975,100,100092,100,99973,100,100118,100,99963,100,100124,100,99962,100,100152,100,99945,100,100183,100,99943,100,100186,100,99942,100
2019-06-28 09:34:23.912662873,100060,256,100005,256,100068,251,99984,251,100089,251,99982,251,100090,100,99975,100,100092,100,99973,100,100118,100,99963,100,100124,100,99962,100,100183,100,99945,100,100186,100,99943,100,100195,100,99942,100
2019-06-28 09:34:24.440733058,100060,256,100015,100,100068,251,100005,256,100089,251,99984,251,100090,100,99982,251,100092,100,99975,100,100118,100,99973,100,100124,100,99963,100,100183,100,99962,100,100186,100,99945,100,100195,100,99943,100
2019-06-28 09:34:30.000000000,100060,192,100015,192,100068,192,100005,192,100089,192,99984,192,100090,192,99982,192,100092,192,99975,192,100118,100,99973,100,100124,100,99963,100,100183,100,99962,100,100186,100,99945,100,100195,100,99943,100
2019-06-28 09:34:33.037684669,100060,192,100015,192,100068,192,100005,192,100089,192,99984,192,100090,192,99982,192,100092,192,99975,192,100118,100,99973,100,100124,100,99963,100,100183,100,99962,100,100186,100,99945,100,100195,100,99943,100
2019-06-28 09:34:40.000000000,100060,329,100015,329,100068,329,100005,329,100089,100,99984,100,100090,100,99982,100,100092,100,99975,100,100118,100,99973,100,100124,100,99963,100,100183,100,99962,100,100186,100,99945,100,100195,100,99943,100
2019-06-28 09:34:43.565082428,100060,329,100015,329,100068,329,100005,329,100089,100,99984,100,100090,100,99982,100,100092,100,99975,100,100118,100,99973,100,100124,100,99963,100,100183,100,99962,100,100186,100,99945,100,100195,100,99943,100
2019-06-28 09:34:50.000000000,100060,214,100015,214,100068,214,100005,214,100089,214,99984,214,100090,214,99982,214,100092,100,99975,100,100118,100,99973,100,100124,100,99963,100,100183,100,99962,100,100186,100,99945,100,100195,100,99943,100
2019-06-28 09:35:00.000000000,100060,558,100015,558,100068,100,100005,100,100089,100,99984,100,100090,100,99982,100,100092,100,99975,100,100118,100,99973,100,100124,100,99963,100,100183,100,99962,100,100186,100,99945,100,100195,100,99943,100
2019-06-28 09:35:05.411132085,100060,558,100015,558,100068,100,100005,100,100089,100,99984,100,100090,100,99982,100,100092,100,99975,100,100118,100,99973,100,100124,100,99963,100,100183,100,99962,100,100186,100,99945,100,100195,100,99943,100
2019-06-28 09:35:10.000000000,100060,192,100015,192,100068,192,100005,192,100089,192,99984,192,100090,192,99982,192,100092,192,99975,192,100118,100,99973,100,100124,100,99963,100,100183,100,99962,100,100186,100,99945,100,100195,100,99943,100
2019-06-28 09:35:20.000000000,100060,256,100015,256,100068,251,100005,251,100089,251,99984,251,100090,100,99982,100,100092,100,99975,100,100118,100,99973,100,100124,100,99963,100,100183,100,99962,100,100186,100,99945,100,100195,100,99943,100
2019-06-28 09:35:30.000000000,100060,256,100015,256,100068,251,100005,251,100089,251,99984,251,100090,100,99982,100,100092,100,99975,100,100118,100,99973,100,100124,100,99963,100,100183,100,99962,100,100186,100,99945,100,100195,100,99943,100
2019-06-28 09:35:30.933818763,100060,156,100015,256,100068,251,100005,251,100089,251,99984,251,100090,100,99982,100,100092,100,99975,100,100118,100,99973,100,100124,100,99963,100,100183,100,99962,100,100186,100,99945,100,100195,100,99943,100
2019-06-28 09:35:40.000000000,100068,256,100015,256,100089,251,100005,251,100090,251,99984,251,100092,100,99982,100,100118,100,99975,100,100124,100,99973,100,100183,100,99963,100,100186,100,99962,100,100195,100,99945,100,100337,100,99943,100
2019-06-28 09:35:41.731283808,100068,156,100015,256,100089,251,100005,251,100090,251,99984,251,100092,100,99982,100,100118,100,99975,100,100124,100,99973,100,100183,100,99963,100,100186,100,99962,100,100195,100,99945,100,100337,100,99943,100
2019-06-28 09:35:50.000000000,100089,256,100015,256,100090,251,100005,251,100092,251,99984,251,100118,100,99982,100,100124,100,99975,100,100183,100,99973,100,100186,100,99963,100,100195,100,99962,100,100337,100,99945,100,100441,100,99943,100
2019-06-28 09:35:54.278761361,100089,256,100015,256,100090,251,100005,251,100092,251,99984,251,100118,100,99982,100,100124,100,99975,100,100183,100,99973,100,100186,100,99963,100,100195,100,99962,100,100337,100,99945,100,100441,100,99943,100
2019-06-28 09:36:00.000000000,100089,192,100015,192,100090,192,100005,192,100092,192,99984,192,100118,192,99982,192,100124,192,99975,192,100183,100,99973,100,100186,100,99963,100,100195,100,99962,100,100337,100,99945,100,100441,100,99943,100
2019-06-28 09:36:10.000000000,100089,329,100015,329,100090,329,100005,329,100092,100,99984,100,100118,100,99982,100,100124,100,99975,100,100183,100,99973,100,100186,100,99963,100,100195,100,99962,100,100337,100,99945,100,100441,100,99943,100
2019-06-28 09:36:20.000000000,100089,214,100015,214,100090,214,100005,214,100092,214,99984,214,100118,214,99982,214,100124,100,99975,100,100183,100,99973,100,100186,100,99963,100,100195,100,99962,100,100337,100,99945,100,100441,100,99943,100
2019-06-28 09:36:30.000000000,100089,256,100015,256,100090,251,100005,251,100092,251,99984,251,100118,100,99982,100,100124,100,99975,100,100183,100,99973,100,100186,100,99963,100,100195,100,99962,100,100337,100,99945,100,100441,100,99943,100
2019-06-28 09:36:30.487542178,100089,156,100015,256,100090,251,100005,251,100092,251,99984,251,100118,100,99982,100,100124,100,99975,100,100183,100,99973,100,100186,100,99963,100,100195,100,99962,100,100337,100,99943,100,100441,100,99942,100
2019-06-28 09:36:30.759558759,100089,156,100015,256,100090,251,100005,251,100092,251,99984,251,100118,100,99982,100,100124,100,99975,100,100183,100,99973,100,100186,100,99963,100,100195,100,99962,100,100337,100,99943,100,100371,100,99942,100
2019-06-28 09:36:31.894887463,100089,156,100015,256,100090,251,100005,251,100092,251,99984,251,100118,100,99982,100,100124,100,99975,100,100183,100,99973,100,100186,100,99963,100,100195,100,99943,100,100295,100,99942,100,100337,100,99918,100
2019-06-28 09:36:40.000000000,100090,329,100015,329,100092,329,100005,329,100118,100,99984,100,100124,100,99982,100,100183,100,99975,100,100186,100,99973,100,100195,100,99963,100,100295,100,99943,100,100337,100,99942,100,100371,100,99918,100
2019-06-28 09:36:50.000000000,100090,214,100015,214,100092,214,100005,214,100118,214,99984,214,100124,214,99982,214,100183,100,99975,100,100186,100,99973,100,100195,100,99963,100,100295,100,99943,100,100337,100,99942,100,100371,100,99918,100
2019-06-28 09:37:00.000000000,100090,558,100015,558,100092,100,100005,100,100118,100,99984,100,100124,100,99982,100,100183,100,99975,100,100186,100,99973,100,100195,100,99963,100,100295,100,99943,100,100337,100,99942,100,100371,100,99918,100
2019-06-28 09:37:10.000000000,100090,214,100015,214,100092,214,100005,214,100118,214,99984,214,100124,214,99982,214,100183,100,99975,100,100186,100,99973,100,100195,100,99963,100,100295,100,99943,100,100337,100,99942,100,100371,100,99918,100
2019-06-28 09:37:11.785938257,100090,214,100015,214,100092,214,100005,214,100118,114,99984,214,100124,214,99982,214,100183,100,99975,100,100186,100,99973,100,100195,100,99963,100,100295,100,99943,100,100331,100,99942,100,100337,100,99918,100
2019-06-28 09:37:18.820771304,100090,214,100015,214,100092,214,100005,214,100118,114,99984,214,100124,214,99982,214,100183,100,99975,100,100186,100,99973,100,100195,100,99963,100,100282,100,99943,100,100295,100,99942,100,100337,100,99918,100
2019-06-28 09:37:20.000000000,100090,558,100015,558,100092,100,100005,100,100124,100,99984,100,100183,100,99982,100,100186,100,99975,100,100195,100,99973,100,100282,100,99963,100,100295,100,99943,100,100337,100,99942,100,100371,100,99918,100
2019-06-28 09:37:30.000000000,100090,329,100015,329,100092,329,100005,329,100124,100,99984,100,100183,100,99982,100,100186,100,99975,100,100195,100,99973,100,100282,100,99963,100,100295,100,99943,100,100337,100,99942,100,100371,100,99918,100
2019-06-28 09:37:40.000000000,100090,192,100015,192,100092,192,100005,192,100124,192,99984,192,100183,192,99982,192,100186,192,99975,192,100195,100,99973,100,100282,100,99963,100,100295,100,99943,100,100337,100,99942,100,100371,100,99918,100
2019-06-28 09:37:50.000000000,100090,256,100015,256,100092,251,100005,251,100124,251,99984,251,100183,100,99982,100,100186,100,99975,100,100195,100,99973,100,100282,100,99963,100,100295,100,99943,100,100337,100,99942,100,100371,100,99918,100
2019-06-28 09:38:00.000000000,100090,214,100015,214,100092,214,100005,214,100124,214,99984,214,100183,214,99982,214,100186,100,99975,100,100195,100,99973,100,100282,100,99963,100,100295,100,99943,100,100337,100,99942,100,100371,100,99918,100
2019-06-28 09:38:10.000000000,100090,329,100015,329,100092,329,100005,329,100124,100,99984,100,100183,100,99982,100,100186,100,99975,100,100195,100,99973,100,100282,100,99963,100,100295,100,99943,100,100337,100,99942,100,100371,100,99918,100
2019-06-28 09:38:16.770046543,100090,329,100015,229,100092,329,100005,329,100124,100,99984,100,100183,100,99982,100,100186,100,99975,100,100195,100,99973,100,100282,100,99963,100,100295,100,99943,100,100337,100,99942,100,100371,100,99918,100
2019-06-28 09:38:19.928207504,100090,329,100015,229,100092,329,100005,329,100124,100,99984,100,100183,100,99982,100,100186,100,99975,100,100195,100,99973,100,100282,100,99963,100,100295,100,99943,100,100337,100,99942,100,100371,100,99918,100
2019-06-28 09:38:20.000000000,100090,329,100005,329,100092,329,99984,329,100124,100,99982,100,100183,100,99975,100,100186,100,99973,100,100195,100,99963,100,100282,100,99943,100,100295,100,99942,100,100337,100,99918,100,100371,100,99911,100
2019-06-28 09:38:30.000000000,100090,214,100005,214,100092,214,99984,214,100124,214,99982,214,100183,214,99975,214,100186,100,99973,100,100195,100,99963,100,100282,100,99943,100,100295,100,99942,100,100337,100,99918,100,100371,100,99911,100
2019-06-28 09:38:40.000000000,100090,329,100005,329,100092,329,99984,329,100124,100,99982,100,100183,100,99975,100,100186,100,99973,100,100195,100,99963,100,100282,100,99943,100,100295,100,99942,100,100337,100,99918,100,100371,100,99911,100
2019-06-28 09:38:50.000000000,100090,192,100005,192,100092,192,99984,192,100124,192,99982,192,100183,192,99975,192,100186,192,99973,192,100195,100,99963,100,100282,100,99943,100,100295,100,99942,100,100337,100,99918,100,100371,100,99911,100
2019-06-28 09:39:00.000000000,100090,214,100005,214,100092,214,99984,214,100124,214,99982,214,100183,214,99975,214,100186,100,99973,100,100195,100,99963,100,100282,100,99943,100,100295,100,99942,100,100337,100,99918,100,100371,100,99911,100
2019-06-28 09:39:03.785971624,100090,214,100005,114,100092,214,99984,214,100124,214,99982,214,100183,214,99975,214,100186,100,99973,100,100195,100,99963,100,100282,100,99943,100,100295,100,99942,100,100337,100,99918,100,100371,100,99911,100
2019-06-28 09:39:10.000000000,100090,192,99984,192,100092,192,99982,192,100124,192,99975,192,100183,192,99973,192,100186,192,99963,192,100195,100,99943,100,100282,100,99942,100,100295,100,99918,100,100337,100,99911,100,100371,100,99910,100
2019-06-28 09:39:11.355286834,100090,192,99984,192,100092,192,99982,192,100124,192,99975,192,100183,192,99973,192,100186,192,99963,192,100282,100,99943,100,100295,100,99942,100,100337,100,99918,100,100371,100,99911,100,100441,100,99910,100
2019-06-28 09:39:20.000000000,100090,558,99984,558,100092,100,99982,100,100124,100,99975,100,100183,100,99973,100,100186,100,99963,100,100282,100,99943,100,100295,100,99942,100,100337,100,99918,100,100371,100,99911,100,100441,100,99910,100
2019-06-28 09:39:30.000000000,100090,256,99984,256,100092,251,99982,251,100124,251,99975,251,100183,100,99973,100,100186,100,99963,100,100282,100,99943,100,100295,100,99942,100,100337,100,99918,100,100371,100,99911,100,100441,100,99910,100
2019-06-28 09:39:40.000000000,100090,329,99984,329,100092,329,99982,329,100124,100,99975,100,100183,100,99973,100,100186,100,99963,100,100282,100,99943,100,100295,100,99942,100,100337,100,99918,100,100371,100,99911,100,100441,100,99910,100
2019-06-28 09:39:50.000000000,100090,192,99984,192,100092,192,99982,192,100124,192,99975,192,100183,192,99973,192,100186,192,99963,192,100282,100,99943,100,100295,100,99942,100,100337,100,99918,100,100371,100,99911,100,100441,100,99910,100
2019-06-28 09:39:59.582165334,100015,100,99984,192,100090,192,99982,192,100092,192,99975,192,100124,192,99973,192,100183,192,99963,192,100186,192,99943,100,100282,100,99942,100,100295,100,99918,100,100337,100,99911,100,100371,100,99910,100
2019-06-28 09:40:00.000000000,100015,192,99984,192,100090,192,99982,192,100092,192,99975,192,100124,192,99973,192,100183,192,99963,192,100186,100,99943,100,100282,100,99942,100,100295,100,99918,100,100337,100,99911,100,100371,100,99910,100
2019-06-28 09:40:10.000000000,100015,192,99984,192,100090,192,99982,192,100092,192,99975,192,100124,192,99973,192,100183,192,99963,192,100186,100,99943,100,100282,100,99942,100,100295,100,99918,100,100337,100,99911,100,100371,100,99910,100
2019-06-28 09:40:18.748081102,100015,192,99984,92,100090,192,99982,192,100092,192,99975,192,100124,192,99973,192,100183,192,99963,192,100186,100,99943,100,100282,100,99942,100,100295,100,99918,100,100337,100,99911,100,100371,100,99910,100
2019-06-28 09:40:20.000000000,100015,558,99982,558,100090,100,99975,100,100092,100,99973,100,100124,100,99963,100,100183,100,99943,100,100186,100,99942,100,100282,100,99918,100,100295,100,99911,100,100337,100,99910,100,100371,100,99901,100
2019-06-28 09:40:21.460204880,100015,658,99982,558,100090,100,99975,100,100092,100,99973,100,100124,100,99963,100,100183,100,99943,100,100186,100,99942,100,100282,100,99918,100,100295,100,99911,100,100337,100,99910,100,100371,100,99901,100
2019-06-28 09:40:30.000000000,100015,658,99982,558,100090,100,99975,100,100092,100,99973,100,100124,100,99963,100,100183,100,99943,100,100186,100,99942,100,100282,100,99918,100,100295,100,99911,100,100337,100,99910,100,100371,100,99901,100
2019-06-28 09:40:40.000000000,100015,356,99982,256,100090,251,99975,251,100092,251,99973,251,100124,100,99963,100,100183,100,99943,100,100186,100,99942,100,100282,100,99918,100,100295,100,99911,100,100337,100,99910,100,100371,100,99901,100
2019-06-28 09:40:50.000000000,100015,429,99982,329,100090,329,99975,329,100092,100,99973,100,100124,100,99963,100,100183,100,99943,100,100186,100,99942,100,100282,100,99918,100,100295,100,99911,100,100337,100,99910,100,100371,100,99901,100
2019-06-28 09:40:52.806054672,100015,429,99982,329,100090,329,99975,329,100092,100,99973,100,100124,100,99963,100,100183,100,99943,100,100186,100,99942,100,100282,100,99918,100,100295,100,99911,100,100337,100,99910,100,100371,100,99901,100
2019-06-28 09:41:00.000000000,100015,658,99982,558,100090,100,99975,100,100092,100,99973,100,100124,100,99963,100,100183,100,99943,100,100186,100,99942,100,100282,100,99918,100,100295,100,99911,100,100337,100,99910,100,100371,100,99901,100
2019-06-28 09:41:04.961988126,100015,658,99982,558,100090,100,99975,100,100092,100,99973,100,100124,100,99963,100,100183,100,99943,100,100186,100,99942,100,100282,100,99918,100,100295,100,99911,100,100337,100,99910,100,100371,100,99901,100
2019-06-28 09:41:10.000000000,100015,292,99982,192,100090,192,99975,192,100092,192,99973,192,100124,192,99963,192,100183,192,99943,192,100186,100,99942,100,100282,100,99918,100,100295,100,99911,100,100337,100,99910,100,100371,100,99901,100
2019-06-28 09:41:11.816065274,100015,292,99982,192,100090,192,99975,192,100092,192,99973,192,100124,192,99963,192,100183,192,99943,192,100186,100,99942,100,100282,100,99918,100,100295,100,99911,100,100337,100,99910,100,100371,100,99901,100
2019-06-28 09:41:15.923185119,100015,292,99982,192,100090,192,99975,192,100092,192,99973,192,100124,192,99963,192,100183,192,99943,192,100186,100,99942,100,100282,100,99918,100,100295,100,99911,100,100337,100,99910,100,100371,100,99901,100
2019-06-28 09:41:19.692812609,100015,292,99982,92,100090,192,99975,192,100092,192,99973,192,100124,192,99963,192,100183,192,99943,192,100186,100,99942,100,100282,100,99918,100,100295,100,99911,100,100337,100,99910,100,100371,100,99901,100
2019-06-28 09:41:20.000000000,100015,658,99975,558,100090,100,99973,100,100092,100,99963,100,100124,100,99943,100,100183,100,99942,100,100186,100,99918,100,100282,100,99911,100,100295,100,99910,100,100337,100,99901,100,100371,100,99900,100
2019-06-28 09:41:22.145235859,100015,658,99975,458,100090,100,99963,100,100092,100,99943,100,100124,100,99942,100,100183,100,99918,100,100186,100,99911,100,100282,100,99910,100,100295,100,99901,100,100337,100,99900,100,100371,100,99876,100
2019-06-28 09:41:30.000000000,100015,314,99963,214,100090,214,99943,214,100092,214,99942,214,100124,214,99918,214,100183,100,99911,100,100186,100,99910,100,100282,100,99901,100,100295,100,99900,100,100337,100,99876,100,100371,100,99818,100
2019-06-28 09:41:40.000000000,100015,314,99963,214,100090,214,99943,214,100092,214,99942,214,100124,214,99918,214,100183,100,99911,100,100186,100,99910,100,100282,100,99901,100,100295,100,99900,100,100337,100,99876,100,100371,100,99818,100
2019-06-28 09:41:50.000000000,100015,292,99963,192,100090,192,99943,192,100092,192,99942,192,100124,192,99918,192,100183,192,99911,192,100186,100,99910,100,100282,100,99901,100,100295,100,99900,100,100337,100,99876,100,100371,100,99818,100
2019-06-28 09:41:50.949112508,100015,292,99963,192,100090,192,99943,192,100092,192,99942,192,100124,192,99918,192,100183,192,99911,192,100186,100,99910,100,100282,100,99901,100,100295,100,99900,100,100337,100,99876,100,100371,100,99818,100
2019-06-28 09:41:57.422598284,100015,292,99963,192,100090,192,99943,192,100092,192,99942,192,100124,192,99918,192,100183,192,99911,192,100186,100,99910,100,100282,100,99901,100,100295,100,99900,100,100337,100,99876,100,100371,100,99818,100
2019-06-28 09:42:00.000000000,100015,658,99963,558,100090,100,99943,100,100092,100,99942,100,100124,100,99918,100,100183,100,99911,100,100186,100,99910,100,100282,100,99901,100,100295,100,99900,100,100337,100,99876,100,100371,100,99818,100
2019-06-28 09:42:07.274017760,99984,100,99963,558,100015,658,99943,100,100090,100,99942,100,100092,100,99918,100,100124,100,99911,100,100183,100,99910,100,100186,100,99901,100,100282,100,99900,100,100295,100,99876,100,100337,100,99818,100
2019-06-28 09:42:10.000000000,99984,192,99963,192,100015,292,99943,192,100090,192,99942,192,100092,192,99918,192,100124,192,99911,192,100183,100,99910,100,100186,100,99901,100,100282,100,99900,100,100295,100,99876,100,100337,100,99818,100
2019-06-28 09:42:10.651245851,99984,192,99963,192,100015,292,99943,192,100090,192,99942,192,100092,192,99918,192,100124,192,99911,192,100183,100,99910,100,100186,100,99901,100,100282,100,99900,100,100295,100,99876,100,100337,100,99818,100
2019-06-28 09:42:11.923281133,99984,192,99963,92,100015,292,99943,92,100090,192,99942,192,100092,192,99918,192,100124,192,99911,192,100183,100,99910,100,100186,100,99901,100,100282,100,99900,100,100295,100,99876,100,100337,100,99818,100
2019-06-28 09:42:20.000000000,99984,192,99942,192,100015,292,99918,192,100090,192,99911,192,100092,192,99910,192,100124,192,99901,192,100183,100,99900,100,100186,100,99876,100,100282,100,99818,100,100295,100,99812,100,100337,100,99767,100
2019-06-28 09:42:27.318699393,99984,192,99942,92,100015,292,99918,192,100090,192,99911,192,100092,192,99910,192,100124,192,99901,192,100183,100,99900,100,100186,100,99876,100,100282,100,99818,100,100295,100,99812,100,100337,100,99767,100
2019-06-28 09:42:30.000000000,99984,329,99918,329,100015,429,99911,329,100090,100,99910,100,100092,100,99901,100,100124,100,99900,100,100183,100,99876,100,100186,100,99818,100,100282,100,99812,100,100295,100,99767,100,100337,100,99604,100
2019-06-28 09:42:40.000000000,99984,256,99918,256,100015,351,99911,251,100090,251,99910,251,100092,100,99901,100,100124,100,99900,100,100183,100,99876,100,100186,100,99818,100,100282,100,99812,100,100295,100,99767,100,100337,100,99604,100
2019-06-28 09:42:50.000000000,99984,256,99918,256,100015,351,99911,251,100090,251,99910,251,100092,100,99901,100,100124,100,99900,100,100183,100,99876,100,100186,100,99818,100,100282,100,99812,100,100295,100,99767,100,100337,100,99604,100
2019-06-28 09:43:00.000000000,99984,329,99918,329,100015,429,99911,329,100090,100,99910,100,100092,100,99901,100,100124,100,99900,100,100183,100,99876,100,100186,100,99818,100,100282,100,99812,100,100295,100,99767,100,100337,100,99604,100
2019-06-28 09:43:05.620847704,99984,329,99918,229,100015,429,99911,329,100090,100,99910,100,100092,100,99901,100,100124,100,99900,100,100183,100,99876,100,100186,100,99818,100,100282,100,99812,100,100295,100,99767,100,100337,100,99604,100
2019-06-28 09:43:10.000000000,99984,214,99911,214,100015,314,99910,214,100090,214,99901,214,100092,214,99900,214,100124,100,99876,100,100183,100,99818,100,100186,100,99812,100,100282,100,99767,100,100295,100,99604,100,100337,100,99553,100
2019-06-28 09:43:16.687549476,99984,214,99911,214,100015,314,99910,214,100090,214,99907,100,100092,214,99901,214,100124,100,99900,214,100183,100,99876,100,100186,100,99818,100,100282,100,99812,100,100337,100,99767,100,100371,100,99604,100
2019-06-28 09:43:20.000000000,99984,558,99911,558,100015,200,99910,100,100090,100,99907,100,100092,100,99901,100,100124,100,99900,100,100183,100,99876,100,100186,100,99818,100,100282,100,99812,100,100337,100,99767,100,100371,100,99604,100
2019-06-28 09:43:30.000000000,99984,256,99911,256,100015,351,99910,251,100090,251,99907,251,100092,100,99901,100,100124,100,99900,100,100183,100,99876,100,100186,100,99818,100,100282,100,99812,100,100337,100,99767,100,100371,100,99604,100
2019-06-28 09:43:33.280823971,99984,256,99911,56,100015,351,99910,251,100090,251,99907,251,100092,100,99901,100,100124,100,99900,100,100183,100,99876,100,100186,100,99818,100,100282,100,99812,100,100337,100,99767,100,100371,100,99604,100
2019-06-28 09:43:40.000000000,99984,558,99910,558,100015,200,99907,100,100090,100,99901,100,100092,100,99900,100,100124,100,99876,100,100183,100,99818,100,100186,100,99812,100,100282,100,99767,100,100337,100,99604,100,100371,100,99553,100
2019-06-28 09:43:43.093866569,99984,558,99910,558,100015,200,99901,100,100090,100,99900,100,100092,100,99876,100,100124,100,99818,100,100183,100,99812,100,100186,100,99767,100,100282,100,99604,100,100337,100,99584,100,100371,100,99553,100
2019-06-28 09:43:44.981409509,99984,558,99910,558,100015,200,99901,100,100092,100,99900,100,100124,100,99876,100,100183,100,99818,100,100186,100,99812,100,100282,100,99767,100,100337,100,99604,100,100371,100,99584,100,100441,100,99553,100
2019-06-28 09:43:50.000000000,99984,192,99910,192,100015,292,99901,192,100092,192,99900,192,100124,192,99876,192,100183,192,99818,192,100186,100,99812,100,100282,100,99767,100,100337,100,99604,100,100371,100,99584,100,100441,100,99553,100
2019-06-28 09:44:00.000000000,99984,214,99910,214,100015,314,99901,214,100092,214,99900,214,100124,214,99876,214,100183,100,99818,100,100186,100,99812,100,100282,100,99767,100,100337,100,99604,100,100371,100,99584,100,100441,100,99553,100
2019-06-28 09:44:01.377824642,99984,214,99910,214,100015,314,99901,214,100092,214,99900,214,100124,214,99876,214,100183,100,99818,100,100186,100,99812,100,100282,100,99767,100,100337,100,99604,100,100371,100,99584,100,100441,100,99573,100
2019-06-28 09:44:05.766438996,99921,100,99910,214,99984,214,99901,214,100015,314,99900,214,100092,214,99876,214,100124,214,99812,100,100183,100,99767,100,100186,100,99604,100,100282,100,99584,100,100337,100,99573,100,100371,100,99553,100
2019-06-28 09:44:09.811499552,99921,100,99910,214,99984,214,99901,214,100015,314,99900,214,100092,214,99876,214,100124,214,99812,100,100183,100,99775,100,100186,100,99767,100,100282,100,99604,100,100337,100,99584,100,100371,100,99573,100
2019-06-28 09:44:10.000000000,99921,192,99910,192,99984,192,99901,192,100015,292,99900,192,100092,192,99876,192,100124,192,99812,192,100183,100,99775,100,100186,100,99767,100,100282,100,99604,100,100337,100,99584,100,100371,100,99573,100
2019-06-28 09:44:11.074117995,99918,100,99910,192,99921,192,99901,192,99984,192,99900,192,100015,292,99876,192,100092,192,99812,192,100124,192,99775,100,100183,100,99767,100,100186,100,99604,100,100282,100,99584,100,100337,100,99573,100
2019-06-28 09:44:20.000000000,99918,192,99910,192,99921,192,99901,192,99984,192,99900,192,100015,292,99876,192,100092,192,99812,192,100124,100,99775,100,100183,100,99767,100,100186,100,99604,100,100282,100,99584,100,100337,100,99573,100
2019-06-28 09:44:30.000000000,99918,256,99910,256,99921,251,99901,251,99984,251,99900,251,100015,200,99876,100,100092,100,99812,100,100124,100,99775,100,100183,100,99767,100,100186,100,99604,100,100282,100,99584,100,100337,100,99573,100
2019-06-28 09:44:40.000000000,99918,256,99910,256,99921,251,99901,251,99984,251,99900,251,100015,200,99876,100,100092,100,99812,100,100124,100,99775,100,100183,100,99767,100,100186,100,99604,100,100282,100,99584,100,100337,100,99573,100
2019-06-28 09:44:50.000000000,99918,558,99910,558,99921,100,99901,100,99984,100,99900,100,100015,200,99876,100,100092,100,99812,100,100124,100,99775,100,100183,100,99767,100,100186,100,99604,100,100282,100,99584,100,100337,100,99573,100
2019-06-28 09:44:53.988327156,99918,558,99910,558,99921,100,99901,100,99984,100,99900,100,100015,200,99876,100,100092,100,99812,100,100124,100,99775,100,100183,100,99767,100,100186,100,99695,100,100282,100,99604,100,100337,100,99584,100
2019-06-28 09:45:00.000000000,99918,256,99910,256,99921,251,99901,251,99984,251,99900,251,100015,200,99876,100,100092,100,99812,100,100124,100,99775,100,100183,100,99767,100,100186,100,99695,100,100282,100,99604,100,100337,100,99584,100
2019-06-28 09:45:01.830397038,99918,256,99910,256,99921,251,99901,251,99984,251,99900,251,100015,200,99876,100,100092,100,99812,100,100124,100,99775,100,100183,100,99767,100,100186,100,99695,100,100282,100,99664,100,100371,100,99604,100
2019-06-28 09:45:10.000000000,99918,558,99910,558,99921,100,99901,100,99984,100,99900,100,100015,200,99876,100,100092,100,99812,100,100124,100,99775,100,100183,100,99767,100,100186,100,99695,100,100282,100,99664,100,100371,100,99604,100
2019-06-28 09:45:20.000000000,99918,214,99910,214,99921,214,99901,214,99984,214,99900,214,100015,314,99876,214,100092,100,99812,100,100124,100,99775,100,100183,100,99767,100,100186,100,99695,100,100282,100,99664,100,100371,100,99604,100
2019-06-28 09:45:26.208862801,99918,314,99910,214,99921,214,99901,214,99984,214,99900,214,100015,314,99876,214,100092,100,99812,100,100124,100,99775,100,100183,100,99767,100,100186,100,99695,100,100282,100,99664,100,100371,100,99604,100
2019-06-28 09:45:30.000000000,99918,292,99910,192,99921,192,99901,192,99984,192,99900,192,100015,292,99876,192,100092,192,99812,192,100124,100,99775,100,100183,100,99767,100,100186,100,99695,100,100282,100,99664,100,100371,100,99604,100
2019-06-28 09:45:40.000000000,99918,292,99910,192,99921,192,99901,192,99984,192,99900,192,100015,292,99876,192,100092,192,99812,192,100124,100,99775,100,100183,100,99767,100,100186,100,99695,100,100282,100,99664,100,100371,100,99604,100
2019-06-28 09:45:50.000000000,99918,292,99910,192,99921,192,99901,192,99984,192,99900,192,100015,292,99876,192,100092,192,99812,192,100124,100,99775,100,100183,100,99767,100,100186,100,99695,100,100282,100,99664,100,100371,100,99604,100
2019-06-28 09:46:00.000000000,99918,292,99910,192,99921,192,99901,192,99984,192,99900,192,100015,292,99876,192,100092,192,99812,192,100124,100,99775,100,100183,100,99767,100,100186,100,99695,100,100282,100,99664,100,100371,100,99604,100
2019-06-28 09:46:10.000000000,99918,356,99910,256,99921,251,99901,251,99984,251,99900,251,100015,200,99876,100,100092,100,99812,100,100124,100,99775,100,100183,100,99767,100,100186,100,99695,100,100282,100,99664,100,100371,100,99604,100
2019-06-28 09:46:20.000000000,99918,429,99910,329,99921,329,99901,329,99984,100,99900,100,100015,200,99876,100,100092,100,99812,100,100124,100,99775,100,100183,100,99767,100,100186,100,99695,100,100282,100,99664,100,100371,100,99604,100
2019-06-28 09:46:25.710279285,99918,429,99910,329,99921,329,99901,329,99984,100,99900,100,100015,200,99876,100,100045,100,99812,100,100092,100,99775,100,100124,100,99767,100,100183,100,99695,100,100186,100,99664,100,100282,100,99604,100
2019-06-28 09:46:30.000000000,99918,429,99910,329,99921,329,99901,329,99984,100,99900,100,100015,200,99876,100,100045,100,99812,100,100092,100,99775,100,100124,100,99767,100,100183,100,99695,100,100186,100,99664,100,100282,100,99604,100
2019-06-28 09:46:33.709276421,99918,429,99910,329,99921,329,99901,329,99984,100,99900,100,100015,200,99876,100,100045,100,99812,100,100092,100,99775,100,100124,100,99767,100,100183,100,99695,100,100186,100,99664,100,100282,100,99605,100
2019-06-28 09:46:40.000000000,99918,429,99910,329,99921,329,99901,329,99984,100,99900,100,100015,200,99876,100,100045,100,99812,100,100092,100,99775,100,100124,100,99767,100,100183,100,99695,100,100186,100,99664,100,100282,100,99605,100
2019-06-28 09:46:50.000000000,99918,314,99910,214,99921,214,99901,214,99984,214,99900,214,100015,314,99876,214,100045,100,99812,100,100092,100,99775,100,100124,100,99767,100,100183,100,99695,100,100186,100,99664,100,100282,100,99605,100
2019-06-28 09:46:59.800078724,99918,214,99910,214,99921,214,99901,214,99984,214,99900,214,100015,314,99876,214,100045,100,99812,100,100092,100,99775,100,100124,100,99767,100,100183,100,99695,100,100186,100,99664,100,100282,100,99605,100
2019-06-28 09:47:00.000000000,99918,256,99910,256,99921,251,99901,251,99984,251,99900,251,100015,200,99876,100,100045,100,99812,100,100092,100,99775,100,100124,100,99767,100,100183,100,99695,100,100186,100,99664,100,100282,100,99605,100
2019-06-28 09:47:06.755083707,99918,256,99910,256,99921,251,99901,251,99984,251,99900,251,100015,200,99876,100,100032,100,99812,100,100045,100,99775,100,100124,100,99767,100,100183,100,99695,100,100186,100,99664,100,100282,100,99605,100
2019-06-28 09:47:10.000000000,99918,558,99910,558,99921,100,99901,100,99984,100,99900,100,100015,200,99876,100,100032,100,99812,100,100045,100,99775,100,100124,100,99767,100,100183,100,99695,100,100186,100,99664,100,100282,100,99605,100
2019-06-28 09:47:20.000000000,99918,214,99910,214,99921,214,99901,214,99984,214,99900,214,100015,314,99876,214,100032,100,99812,100,100045,100,99775,100,100124,100,99767,100,100183,100,99695,100,100186,100,99664,100,100282,100,99605,100
2019-06-28 09:47:27.348085843,99918,214,99910,214,99921,214,99901,314,99984,214,99900,214,100015,314,99876,214,100032,100,99812,100,100045,100,99775,100,100124,100,99767,100,100183,100,99695,100,100186,100,99664,100,100282,100,99605,100
2019-06-28 09:47:27.803644892,99918,214,99910,114,99921,214,99901,314,99984,214,99900,214,100015,314,99876,214,100032,100,99812,100,100045,100,99775,100,100124,100,99767,100,100183,100,99695,100,100186,100,99664,100,100282,100,99605,100
2019-06-28 09:47:30.000000000,99918,214,99901,314,99921,214,99900,214,99984,214,99876,214,100015,314,99812,214,100032,100,99775,100,100045,100,99767,100,100124,100,99695,100,100183,100,99664,100,100186,100,99605,100,100282,100,99584,100
2019-06-28 09:47:40.000000000,99918,256,99901,356,99921,251,99900,251,99984,251,99876,251,100015,200,99812,100,100032,100,99775,100,100045,100,99767,100,100124,100,99695,100,100183,100,99664,100,100186,100,99605,100,100282,100,99584,100
2019-06-28 09:47:47.537414880,99917,100,99901,356,99918,256,99900,251,99921,251,99876,251,99984,251,99812,100,100015,200,99775,100,100032,100,99767,100,100045,100,99695,100,100124,100,99664,100,100183,100,99605,100,100186,100,99584,100
2019-06-28 09:47:50.000000000,99917,329,99901,429,99918,329,99900,329,99921,100,99876,100,99984,100,99812,100,100015,200,99775,100,100032,100,99767,100,100045,100,99695,100,100124,100,99664,100,100183,100,99605,100,100186,100,99584,100
2019-06-28 09:48:00.000000000,99917,329,99901,429,99918,329,99900,329,99921,100,99876,100,99984,100,99812,100,100015,200,99775,100,100032,100,99767,100,100045,100,99695,100,100124,100,99664,100,100183,100,99605,100,100186,100,99584,100
2019-06-28 09:48:04.140426924,99917,229,99901,429,99918,329,99900,329,99921,100,99876,100,99984,100,99812,100,100015,200,99775,100,100032,100,99767,100,100045,100,99695,100,100124,100,99664,100,100183,100,99605,100,100186,100,99584,100
2019-06-28 09:48:10.000000000,99918,214,99901,314,99921,214,99900,214,99984,214,99876,214,100015,314,99812,214,100032,100,99775,100,100045,100,99767,100,100124,100,99695,100,100183,100,99664,100,100186,100,99605,100,100282,100,99584,100
2019-06-28 09:48:20.000000000,99918,329,99901,429,99921,329,99900,329,99984,100,99876,100,100015,200,99812,100,100032,100,99775,100,100045,100,99767,100,100124,100,99695,100,100183,100,99664,100,100186,100,99605,100,100282,100,99584,100
2019-06-28 09:48:20.557860727,99918,329,99901,429,99921,329,99900,329,99984,100,99876,100,100015,200,99812,100,100032,100,99775,100,100045,100,99767,100,100124,100,99718,100,100183,100,99695,100,100186,100,99664,100,100282,100,99605,100
2019-06-28 09:48:30.000000000,99918,192,99901,292,99921,192,99900,192,99984,192,99876,192,100015,292,99812,192,100032,192,99775,192,100045,100,99767,100,100124,100,99718,100,100183,100,99695,100,100186,100,99664,100,100282,100,99605,100
2019-06-28 09:48:36.087314672,99918,192,99901,192,99921,192,99900,192,99984,192,99876,192,100015,292,99812,192,100032,192,99775,192,100045,100,99767,100,100124,100,99718,100,100183,100,99695,100,100282,100,99664,100,100371,100,99605,100
2019-06-28 09:48:40.000000000,99918,558,99901,558,99921,100,99900,100,99984,100,99876,100,100015,200,99812,100,100032,100,99775,100,100045,100,99767,100,100124,100,99718,100,100183,100,99695,100,100282,100,99664,100,100371,100,99605,100
2019-06-28 09:48:46.760380175,99918,558,99901,458,99921,100,99900,100,99984,100,99876,100,100015,200,99812,100,100032,100,99775,100,100045,100,99767,100,100124,100,99718,100,100183,100,99695,100,100282,100,99664,100,100371,100,99605,100
2019-06-28 09:48:47.461265229,99918,558,99901,458,99921,100,99900,100,99984,100,99876,100,100015,200,99845,100,100032,100,99812,100,100045,100,99775,100,100124,100,99767,100,100183,100,99718,100,100282,100,99695,100,100371,100,99664,100
2019-06-28 09:48:50.000000000,99918,214,99900,214,99921,214,99876,214,99984,214,99845,214,100015,314,99812,214,100032,100,99775,100,100045,100,99767,100,100124,100,99718,100,100183,100,99695,100,100282,100,99664,100,100371,100,99605,100
2019-06-28 09:49:00.000000000,99918,256,99900,256,99921,251,99876,251,99984,251,99845,251,100015,200,99812,100,100032,100,99775,100,100045,100,99767,100,100124,100,99718,100,100183,100,99695,100,100282,100,99664,100,100371,100,99605,100
2019-06-28 09:49:10.000000000,99918,214,99900,214,99921,214,99876,214,99984,214,99845,214,100015,314,99812,214,100032,100,99775,100,100045,100,99767,100,100124,100,99718,100,100183,100,99695,100,100282,100,99664,100,100371,100,99605,100
2019-06-28 09:49:20.000000000,99918,558,99900,558,99921,100,99876,100,99984,100,99845,100,100015,200,99812,100,100032,100,99775,100,100045,100,99767,100,100124,100,99718,100,100183,100,99695,100,100282,100,99664,100,100371,100,99605,100
2019-06-28 09:49:30.000000000,99918,256,99900,256,99921,251,99876,251,99984,251,99845,251,100015,200,99812,100,100032,100,99775,100,100045,100,99767,100,100124,100,99718,100,100183,100,99695,100,100282,100,99664,100,100371,100,99605,100
2019-06-28 09:49:37.801913741,99918,256,99900,156,99921,251,99876,251,99984,251,99845,251,100015,200,99812,100,100032,100,99775,100,100045,100,99767,100,100124,100,99718,100,100183,100,99695,100,100282,100,99605,100,100371,100,99584,100
2019-06-28 09:49:40.000000000,99918,192,99876,192,99921,192,99845,192,99984,192,99812,192,100015,292,99775,192,100032,192,99767,192,100045,100,99718,100,100124,100,99695,100,100183,100,99605,100,100282,100,99584,100,100371,100,99573,100
2019-06-28 09:49:44.313852622,99918,192,99876,192,99921,192,99845,192,99984,192,99812,192,100015,292,99775,192,100032,192,99767,192,100045,100,99718,100,100124,100,99695,100,100183,100,99693,100,100282,100,99605,100,100371,100,99584,100
2019-06-28 09:49:50.000000000,99918,214,99876,214,99921,214,99845,214,99984,214,99812,214,100015,314,99775,214,100032,100,99767,100,100045,100,99718,100,100124,100,99695,100,100183,100,99693,100,100282,100,99605,100,100371,100,99584,100
2019-06-28 09:49:50.514078206,99901,100,99876,214,99918,214,99845,214,99921,214,99812,214,99984,214,99775,214,100015,314,99767,100,100032,100,99718,100,100045,100,99695,100,100124,100,99693,100,100183,100,99605,100,100282,100,99584,100
2019-06-28 09:50:00.000000000,99901,256,99876,256,99918,251,99845,251,99921,251,99812,251,99984,100,99775,100,100015,200,99767,100,100032,100,99718,100,100045,100,99695,100,100124,100,99693,100,100183,100,99605,100,100282,100,99584,100
2019-06-28 09:50:03.140610215,99901,256,99876,256,99918,251,99845,251,99921,251,99812,251,99984,100,99775,100,100015,200,99767,100,100032,100,99695,100,100045,100,99693,100,100114,100,99605,100,100124,100,99584,100,100183,100,99573,100
2019-06-28 09:50:10.000000000,99901,329,99876,329,99918,329,99845,329,99921,100,99812,100,99984,100,99775,100,100015,200,99767,100,100032,100,99695,100,100045,100,99693,100,100114,100,99605,100,100124,100,99584,100,100183,100,99573,100
2019-06-28 09:50:20.000000000,99901,558,99876,558,99918,100,99845,100,99921,100,99812,100,99984,100,99775,100,100015,200,99767,100,100032,100,99695,100,100045,100,99693,100,100114,100,99605,100,100124,100,99584,100,100183,100,99573,100
2019-06-28 09:50:30.000000000,99901,192,99876,192,99918,192,99845,192,99921,192,99812,192,99984,192,99775,192,100015,292,99767,192,100032,100,99695,100,100045,100,99693,100,100114,100,99605,100,100124,100,99584,100,100183,100,99573,100
2019-06-28 09:50:40.000000000,99901,214,99876,214,99918,214,99845,214,99921,214,99812,214,99984,214,99775,214,100015,200,99767,100,100032,100,99695,100,100045,100,99693,100,100114,100,99605,100,100124,100,99584,100,100183,100,99573,100
2019-06-28 09:50:50.000000000,99901,256,99876,256,99918,251,99845,251,99921,251,99812,251,99984,100,99775,100,100015,200,99767,100,100032,100,99695,100,100045,100,99693,100,100114,100,99605,100,100124,100,99584,100,100183,100,99573,100
2019-06-28 09:50:50.770752264,99901,256,99876,56,99918,251,99845,251,99921,251,99812,251,99984,100,99775,100,100015,200,99767,100,100032,100,99695,100,100045,100,99693,100,100114,100,99605,100,100124,100,99584,100,100183,100,99573,100
2019-06-28 09:51:00.000000000,99901,214,99845,214,99918,214,99812,214,99921,214,99775,214,99984,214,99767,214,100015,200,99695,100,100032,100,99693,100,100045,100,99605,100,100114,100,99584,100,100124,100,99573,100,100183,100,99553,100
2019-06-28 09:51:00.663436356,99901,214,99845,214,99918,214,99812,214,99921,214,99775,214,99984,214,99767,214,100015,200,99695,100,100032,100,99693,100,100045,100,99605,100,100114,100,99584,100,100124,100,99573,100,100183,100,99568,100
2019-06-28 09:51:03.820976304,99868,100,99845,214,99901,214,99812,214,99918,214,99775,214,99921,214,99767,214,99984,214,99695,100,100015,200,99693,100,100032,100,99605,100,100045,100,99584,100,100114,100,99573,100,100124,100,99568,100
2019-06-28 09:51:10.000000000,99868,214,99845,214,99901,214,99812,214,99918,214,99775,214,99921,214,99767,214,99984,100,99695,100,100015,200,99693,100,100032,100,99605,100,100045,100,99584,100,100114,100,99573,100,100124,100,99568,100
2019-06-28 09:51:17.793938955,99868,214,99845,214,99901,214,99812,214,99918,214,99775,214,99921,214,99767,214,99984,100,99695,100,100015,200,99693,100,100032,100,99605,100,100045,100,99584,100,100114,100,99576,100,100124,100,99573,100
2019-06-28 09:51:20.000000000,99868,329,99845,329,99901,329,99812,329,99918,100,99775,100,99921,100,99767,100,99984,100,99695,100,100015,200,99693,100,100032,100,99605,100,100045,100,99584,100,100114,100,99576,100,100124,100,99573,100
2019-06-28 09:51:23.417089207,99868,329,99845,129,99901,329,99812,329,99918,100,99775,100,99921,100,99767,100,99984,100,99695,100,100015,200,99693,100,100032,100,99605,100,100045,100,99584,100,100114,100,99576,100,100124,100,99573,100
2019-06-28 09:51:30.000000000,99868,256,99812,256,99901,251,99775,251,99918,251,99767,251,99921,100,99695,100,99984,100,99693,100,100015,200,99605,100,100032,100,99584,100,100045,100,99576,100,100114,100,99573,100,100124,100,99568,100
2019-06-28 09:51:38.889092990,99868,256,99812,156,99901,251,99775,251,99918,251,99767,251,99921,100,99695,100,99984,100,99693,100,100015,200,99605,100,100032,100,99584,100,100045,100,99576,100,100114,100,99573,100,100124,100,99568,100
2019-06-28 09:51:40.000000000,99868,214,99775,214,99901,214,99767,214,99918,214,99695,214,99921,214,99693,214,99984,100,99605,100,100015,200,99584,100,100032,100,99576,100,100045,100,99573,100,100114,100,99568,100,100124,100,99553,100
2019-06-28 09:51:41.001160532,99868,214,99775,114,99901,214,99767,214,99918,214,99695,214,99921,214,99693,214,99984,100,99605,100,100015,200,99584,100,100032,100,99576,100,100045,100,99573,100,100114,100,99568,100,100124,100,99553,100
2019-06-28 09:51:46.667723490,99845,100,99775,114,99868,214,99767,214,99901,214,99695,214,99918,214,99693,214,99921,214,99605,100,99984,100,99584,100,100015,200,99576,100,100032,100,99573,100,100045,100,99568,100,100114,100,99553,100
2019-06-28 09:51:50.000000000,99845,558,99767,558,99868,100,99695,100,99901,100,99693,100,99918,100,99605,100,99921,100,99584,100,99984,100,99576,100,100015,200,99573,100,100032,100,99568,100,100045,100,99553,100,100114,100,99512,100
2019-06-28 09:52:00.000000000,99845,192,99767,192,99868,192,99695,192,99901,192,99693,192,99918,192,99605,192,99921,192,99584,192,99984,100,99576,100,100015,200,99573,100,100032,100,99568,100,100045,100,99553,100,100114,100,99512,100
2019-06-28 09:52:10.000000000,99845,192,99767,192,99868,192,99695,192,99901,192,99693,192,99918,192,99605,192,99921,192,99584,192,99984,100,99576,100,100015,200,99573,100,100032,100,99568,100,100045,100,99553,100,100114,100,99512,100
2019-06-28 09:52:20.000000000,99845,329,99767,329,99868,329,99695,329,99901,100,99693,100,99918,100,99605,100,99921,100,99584,100,99984,100,99576,100,100015,200,99573,100,100032,100,99568,100,100045,100,99553,100,100114,100,99512,100
2019-06-28 09:52:21.589794209,99844,100,99767,329,99845,329,99695,329,99868,329,99693,100,99901,100,99605,100,99918,100,99584,100,99921,100,99576,100,99984,100,99573,100,100015,200,99568,100,100032,100,99553,100,100045,100,99512,100
2019-06-28 09:52:30.000000000,99844,256,99767,256,99845,251,99695,251,99868,251,99693,251,99901,100,99605,100,99918,100,99584,100,99921,100,99576,100,99984,100,99573,100,100015,200,99568,100,100032,100,99553,100,100045,100,99512,100
2019-06-28 09:52:40.000000000,99844,256,99767,256,99845,251,99695,251,99868,251,99693,251,99901,100,99605,100,99918,100,99584,100,99921,100,99576,100,99984,100,99573,100,100015,200,99568,100,100032,100,99553,100,100045,100,99512,100
2019-06-28 09:52:50.000000000,99844,558,99767,558,99845,100,99695,100,99868,100,99693,100,99901,100,99605,100,99918,100,99584,100,99921,100,99576,100,99984,100,99573,100,100015,200,99568,100,100032,100,99553,100,100045,100,99512,100
2019-06-28 09:52:57.146085410,99844,558,99767,558,99845,100,99695,100,99868,100,99693,100,99901,100,99605,100,99918,100,99584,100,99921,100,99576,100,99984,100,99573,100,100015,200,99568,100,100032,100,99553,100,100045,100,99512,100
2019-06-28 09:52:59.095679252,99844,558,99767,558,99845,100,99695,100,99868,100,99693,100,99901,100,99605,100,99918,100,99584,100,99921,100,99576,100,99984,100,99573,100,100015,200,99568,100,100032,100,99553,100,100045,100,99512,100
2019-06-28 09:53:00.000000000,99844,192,99767,192,99845,192,99695,192,99868,192,99693,192,99901,192,99605,192,99918,192,99584,192,99921,100,99576,100,99984,100,99573,100,100015,200,99568,100,100032,100,99553,100,100045,100,99512,100
2019-06-28 09:53:10.000000000,99844,329,99767,329,99845,329,99695,329,99868,100,99693,100,99901,100,99605,100,99918,100,99584,100,99921,100,99576,100,99984,100,99573,100,100015,200,99568,100,100032,100,99553,100,100045,100,99512,100
2019-06-28 09:53:20.000000000,99844,558,99767,558,99845,100,99695,100,99868,100,99693,100,99901,100,99605,100,99918,100,99584,100,99921,100,99576,100,99984,100,99573,100,100015,200,99568,100,100032,100,99553,100,100045,100,99512,100
2019-06-28 09:53:30.000000000,99844,214,99767,214,99845,214,99695,214,99868,214,99693,214,99901,214,99605,214,99918,100,99584,100,99921,100,99576,100,99984,100,99573,100,100015,200,99568,100,100032,100,99553,100,100045,100,99512,100
2019-06-28 09:53:40.000000000,99844,329,99767,329,99845,329,99695,329,99868,100,99693,100,99901,100,99605,100,99918,100,99584,100,99921,100,99576,100,99984,100,99573,100,100015,200,99568,100,100032,100,99553,100,100045,100,99512,100
2019-06-28 09:53:50.000000000,99844,329,99767,329,99845,329,99695,329,99868,100,99693,100,99901,100,99605,100,99918,100,99584,100,99921,100,99576,100,99984,100,99573,100,100015,200,99568,100,100032,100,99553,100,100045,100,99512,100
2019-06-28 09:54:00.000000000,99844,329,99767,329,99845,329,99695,329,99868,100,99693,100,99901,100,99605,100,99918,100,99584,100,99921,100,99576,100,99984,100,99573,100,100015,200,99568,100,100032,100,99553,100,100045,100,99512,100
2019-06-28 09:54:00.843876149,99844,329,99767,329,99845,329,99695,229,99868,100,99693,100,99901,100,99605,100,99918,100,99584,100,99921,100,99576,100,99984,100,99573,100,100015,200,99568,100,100032,100,99553,100,100045,100,99512,100
2019-06-28 09:54:10.000000000,99844,558,99767,558,99845,100,99693,100,99868,100,99605,100,99901,100,99584,100,99918,100,99576,100,99921,100,99573,100,99984,100,99568,100,100015,200,99553,100,100032,100,99512,100,100045,100,99202,100
2019-06-28 09:54:19.415412705,99844,558,99767,558,99845,100,99693,100,99868,100,99605,100,99901,100,99584,100,99918,100,99576,100,99921,100,99573,100,99984,100,99568,100,100015,200,99553,100,100032,100,99512,100,100045,100,99202,100
2019-06-28 09:54:20.000000000,99844,256,99767,256,99845,251,99693,251,99868,251,99605,251,99901,100,99584,100,99918,100,99576,100,99921,100,99573,100,99984,100,99568,100,100015,200,99553,100,100032,100,99512,100,100045,100,99202,100
2019-06-28 09:54:23.481908884,99844,256,99767,256,99845,251,99693,251,99868,251,99605,251,99918,100,99584,100,99921,100,99576,100,99984,100,99573,100,100015,200,99568,100,100032,100,99553,100,100045,100,99512,100,100114,100,99202,100
2019-06-28 09:54:30.000000000,99844,329,99767,329,99845,329,99693,329,99868,100,99605,100,99918,100,99584,100,99921,100,99576,100,99984,100,99573,100,100015,200,99568,100,100032,100,99553,100,100045,100,99512,100,100114,100,99202,100
2019-06-28 09:54:40.000000000,99844,558,99767,558,99845,100,99693,100,99868,100,99605,100,99918,100,99584,100,99921,100,99576,100,99984,100,99573,100,100015,200,99568,100,100032,100,99553,100,100045,100,99512,100,100114,100,99202,100
2019-06-28 09:54:47.732470822,99844,558,99767,558,99845,100,99693,100,99868,100,99605,100,99918,100,99584,100,99921,100,99576,100,99984,100,99573,100,100015,200,99568,100,100032,100,99553,100,100045,100,99512,100,100114,100,99202,100
2019-06-28 09:54:50.000000000,99844,558,99767,558,99845,100,99693,100,99868,100,99605,100,99918,100,99584,100,99921,100,99576,100,99984,100,99573,100,100015,200,99568,100,100032,100,99553,100,100045,100,99512,100,100114,100,99202,100
2019-06-28 09:55:00.000000000,99844,558,99767,558,99845,100,99693,100,99868,100,99605,100,99918,100,99584,100,99921,100,99576,100,99984,100,99573,100,100015,200,99568,100,100032,100,99553,100,100045,100,99512,100,100114,100,99202,100
2019-06-28 09:55:10.000000000,99844,329,99767,329,99845,329,99693,329,99868,100,99605,100,99918,100,99584,100,99921,100,99576,100,99984,100,99573,100,100015,200,99568,100,100032,100,99553,100,100045,100,99512,100,100114,100,99202,100
2019-06-28 09:55:20.000000000,99844,214,99767,214,99845,214,99693,214,99868,214,99605,214,99918,214,99584,214,99921,100,99576,100,99984,100,99573,100,100015,200,99568,100,100032,100,99553,100,100045,100,99512,100,100114,100,99202,100
2019-06-28 09:55:30.000000000,99844,329,99767,329,99845,329,99693,329,99868,100,99605,100,99918,100,99584,100,99921,100,99576,100,99984,100,99573,100,100015,200,99568,100,100032,100,99553,100,100045,100,99512,100,100114,100,99202,100
2019-06-28 09:55:40.000000000,99844,329,99767,329,99845,329,99693,329,99868,100,99605,100,99918,100,99584,100,99921,100,99576,100,99984,100,99573,100,100015,200,99568,100,100032,100,99553,100,100045,100,99512,100,100114,100,99202,100
2019-06-28 09:55:42.152397188,99844,229,99767,329,99845,329,99693,329,99868,100,99605,100,99918,100,99584,100,99921,100,99576,100,99984,100,99573,100,100015,200,99568,100,100032,100,99553,100,100045,100,99512,100,100124,100,99202,100
2019-06-28 09:55:50.000000000,99845,192,99767,192,99868,192,99693,192,99918,192,99605,192,99921,192,99584,192,99984,192,99576,192,100015,200,99573,100,100032,100,99568,100,100045,100,99553,100,100124,100,99512,100,100183,100,99202,100
2019-06-28 09:56:00.000000000,99845,192,99767,192,99868,192,99693,192,99918,192,99605,192,99921,192,99584,192,99984,192,99576,192,100015,200,99573,100,100032,100,99568,100,100045,100,99553,100,100124,100,99512,100,100183,100,99202,100
2019-06-28 09:56:10.000000000,99845,256,99767,256,99868,251,99693,251,99918,251,99605,251,99921,100,99584,100,99984,100,99576,100,100015,200,99573,100,100032,100,99568,100,100045,100,99553,100,100124,100,99512,100,100183,100,99202,100
2019-06-28 09:56:16.125291108,99845,256,99767,256,99868,251,99693,251,99918,251,99605,251,99921,100,99584,100,99984,100,99576,100,100015,200,99573,100,100032,100,99568,100,100045,100,99553,100,100124,100,99512,100,100183,100,99202,100
2019-06-28 09:56:20.000000000,99845,192,99767,192,99868,192,99693,192,99918,192,99605,192,99921,192,99584,192,99984,192,99576,192,100015,200,99573,100,100032,100,99568,100,100045,100,99553,100,100124,100,99512,100,100183,100,99202,100
2019-06-28 09:56:24.198708082,99845,192,99767,192,99868,192,99693,192,99918,192,99605,192,99921,192,99584,192,99984,192,99576,192,100015,200,99573,100,100032,100,99568,100,100045,100,99553,100,100124,100,99512,100,100183,100,99202,100
2019-06-28 09:56:30.000000000,99845,192,99767,192,99868,192,99693,192,99918,192,99605,192,99921,192,99584,192,99984,192,99576,192,100015,200,99573,100,100032,100,99568,100,100045,100,99553,100,100124,100,99512,100,100183,100,99202,100
2019-06-28 09:56:40.000000000,99845,256,99767,256,99868,251,99693,251,99918,251,99605,251,99921,100,99584,100,99984,100,99576,100,100015,200,99573,100,100032,100,99568,100,100045,100,99553,100,100124,100,99512,100,100183,100,99202,100
2019-06-28 09:56:44.636880210,99845,256,99767,256,99868,251,99693,251,99918,251,99605,251,99921,100,99584,100,99984,100,99576,100,100015,200,99573,100,100032,100,99568,100,100045,100,99512,100,100124,100,99202,100,100183,100,99039,100
2019-06-28 09:56:50.000000000,99845,329,99767,329,99868,329,99693,329,99918,100,99605,100,99921,100,99584,100,99984,100,99576,100,100015,200,99573,100,100032,100,99568,100,100045,100,99512,100,100124,100,99202,100,100183,100,99039,100
2019-06-28 09:56:53.455396366,99845,229,99767,329,99868,329,99693,329,99918,100,99605,100,99921,100,99584,100,99984,100,99576,100,100015,200,99573,100,100032,100,99568,100,100045,100,99512,100,100124,100,99202,100,100183,100,99039,100
2019-06-28 09:57:00.000000000,99868,329,99767,329,99918,329,99693,329,99921,100,99605,100,99984,100,99584,100,100015,200,99576,100,100032,100,99573,100,100045,100,99568,100,100124,100,99512,100,100183,100,99202,100,100282,100,99039,100
2019-06-28 09:57:06.453887389,99868,329,99767,329,99918,329,99693,329,99921,100,99605,100,99984,100,99584,100,100015,200,99576,100,100032,100,99573,100,100045,100,99568,100,100124,100,99512,100,100183,100,99202,100,100282,100,99039,100
2019-06-28 09:57:07.140309649,99868,229,99767,329,99918,329,99693,329,99921,100,99605,100,99984,100,99584,100,100015,200,99576,100,100032,100,99573,100,100045,100,99568,100,100124,100,99512,100,100183,100,99202,100,100282,100,99039,100
2019-06-28 09:57:10.000000000,99918,214,99767,214,99921,214,99693,214,99984,214,99605,214,100015,314,99584,214,100032,100,99576,100,100045,100,99573,100,100124,100,99568,100,100183,100,99512,100,100282,100,99202,100,100430,100,99039,100
2019-06-28 09:57:20.000000000,99918,256,99767,256,99921,251,99693,251,99984,251,99605,251,100015,200,99584,100,100032,100,99576,100,100045,100,99573,100,100124,100,99568,100,100183,100,99512,100,100282,100,99202,100,100430,100,99039,100
2019-06-28 09:57:28.679724028,99867,100,99767,256,99918,256,99693,251,99921,251,99605,251,99984,251,99584,100,100015,200,99576,100,100032,100,99573,100,100045,100,99568,100,100124,100,99512,100,100183,100,99202,100,100282,100,99039,100
2019-06-28 09:57:30.000000000,99867,558,99767,558,99918,100,99693,100,99921,100,99605,100,99984,100,99584,100,100015,200,99576,100,100032,100,99573,100,100045,100,99568,100,100124,100,99512,100,100183,100,99202,100,100282,100,99039,100
2019-06-28 09:57:30.446948778,99844,100,99767,558,99867,558,99693,100,99918,100,99605,100,99921,100,99584,100,99984,100,99576,100,100015,200,99573,100,100032,100,99568,100,100045,100,99512,100,100124,100,99202,100,100183,100,99039,100
2019-06-28 09:57:40.000000000,99844,256,99767,256,99867,251,99693,251,99918,251,99605,251,99921,100,99584,100,99984,100,99576,100,100015,200,99573,100,100032,100,99568,100,100045,100,99512,100,100124,100,99202,100,100183,100,99039,100
2019-06-28 09:57:45.746176447,99844,156,99767,256,99867,251,99693,251,99918,251,99605,251,99921,100,99584,100,99984,100,99576,100,100015,200,99573,100,100032,100,99568,100,100045,100,99512,100,100124,100,99202,100,100183,100,99039,100
2019-06-28 09:57:50.000000000,99867,329,99767,329,99918,329,99693,329,99921,100,99605,100,99984,100,99584,100,100015,200,99576,100,100032,100,99573,100,100045,100,99568,100,100124,100,99512,100,100183,100,99202,100,100282,100,99039,100
2019-06-28 09:57:51.816704350,99867,329,99844,100,99918,329,99767,329,99921,100,99693,329,99984,100,99605,100,100015,200,99584,100,100032,100,99576,100,100045,100,99573,100,100124,100,99568,100,100183,100,99512,100,100282,100,99202,100
2019-06-28 09:58:00.000000000,99867,558,99844,558,99918,100,99767,100,99921,100,99693,100,99984,100,99605,100,100015,200,99584,100,100032,100,99576,100,100045,100,99573,100,100124,100,99568,100,100183,100,99512,100,100282,100,99202,100
2019-06-28 09:58:01.552848708,99867,558,99844,458,99918,100,99767,100,99921,100,99693,100,99984,100,99605,100,100015,200,99584,100,100045,100,99576,100,100124,100,99573,100,100183,100,99568,100,100282,100,99512,100,100430,100,99202,100
2019-06-28 09:58:10.000000000,99867,214,99767,214,99918,214,99693,214,99921,214,99605,214,99984,214,99584,214,100015,200,99576,100,100045,100,99573,100,100124,100,99568,100,100183,100,99512,100,100282,100,99202,100,100430,100,99039,100
2019-06-28 09:58:15.726412785,99867,214,99845,100,99918,214,99767,214,99921,214,99693,214,99984,214,99605,214,100015,200,99584,214,100045,100,99576,100,100124,100,99573,100,100183,100,99568,100,100282,100,99512,100,100430,100,99202,100
2019-06-28 09:58:20.000000000,99867,214,99845,214,99918,214,99767,214,99921,214,99693,214,99984,214,99605,214,100015,200,99584,100,100045,100,99576,100,100124,100,99573,100,100183,100,99568,100,100282,100,99512,100,100430,100,99202,100
2019-06-28 09:58:30.000000000,99867,192,99845,192,99918,192,99767,192,99921,192,99693,192,99984,192,99605,192,100015,292,99584,192,100045,100,99576,100,100124,100,99573,100,100183,100,99568,100,100282,100,99512,100,100430,100,99202,100
2019-06-28 09:58:30.524132196,99867,192,99845,192,99918,192,99767,192,99921,192,99693,192,99984,192,99605,192,100015,292,99584,192,100124,100,99576,100,100183,100,99573,100,100282,100,99568,100,100430,100,99512,100,100435,100,99484,100
2019-06-28 09:58:40.000000000,99867,558,99845,558,99918,100,99767,100,99921,100,99693,100,99984,100,99605,100,100015,200,99584,100,100124,100,99576,100,100183,100,99573,100,100282,100,99568,100,100430,100,99512,100,100435,100,99484,100
2019-06-28 09:58:46.102799466,99867,558,99845,458,99918,100,99767,100,99921,100,99693,100,99984,100,99605,100,100015,200,99584,100,100124,100,99576,100,100183,100,99573,100,100282,100,99568,100,100430,100,99512,100,100435,100,99484,100
2019-06-28 09:58:50.000000000,99867,256,99767,256,99918,251,99693,251,99921,251,99605,251,99984,100,99584,100,100015,200,99576,100,100124,100,99573,100,100183,100,99568,100,100282,100,99512,100,100430,100,99484,100,100435,100,99202,100
2019-06-28 09:58:58.206489172,99867,256,99767,256,99918,251,99693,251,99921,251,99605,251,100015,200,99584,100,100124,100,99576,100,100183,100,99573,100,100282,100,99568,100,100430,100,99512,100,100435,100,99484,100,100441,100,99202,100
2019-06-28 09:59:00.000000000,99867,214,99767,214,99918,214,99693,214,99921,214,99605,214,100015,314,99584,214,100124,100,99576,100,100183,100,99573,100,100282,100,99568,100,100430,100,99512,100,100435,100,99484,100,100441,100,99202,100
2019-06-28 09:59:03.974720506,99867,214,99767,114,99918,214,99693,214,99921,214,99605,214,100015,314,99584,214,100124,100,99576,100,100183,100,99573,100,100282,100,99568,100,100430,100,99512,100,100435,100,99484,100,100441,100,99202,100
2019-06-28 09:59:10.000000000,99867,329,99693,329,99918,329,99605,329,99921,100,99584,100,100015,200,99576,100,100124,100,99573,100,100183,100,99568,100,100282,100,99512,100,100430,100,99484,100,100435,100,99202,100,100441,100,99039,100
2019-06-28 09:59:20.000000000,99867,329,99693,329,99918,329,99605,329,99921,100,99584,100,100015,200,99576,100,100124,100,99573,100,100183,100,99568,100,100282,100,99512,100,100430,100,99484,100,100435,100,99202,100,100441,100,99039,100
2019-06-28 09:59:30.000000000,99867,256,99693,256,99918,251,99605,251,99921,251,99584,251,100015,200,99576,100,100124,100,99573,100,100183,100,99568,100,100282,100,99512,100,100430,100,99484,100,100435,100,99202,100,100441,100,99039,100
2019-06-28 09:59:40.000000000,99867,558,99693,558,99918,100,99605,100,99921,100,99584,100,100015,200,99576,100,100124,100,99573,100,100183,100,99568,100,100282,100,99512,100,100430,100,99484,100,100435,100,99202,100,100441,100,99039,100
2019-06-28 09:59:50.000000000,99867,214,99693,214,99918,214,99605,214,99921,214,99584,214,100015,314,99576,214,100124,100,99573,100,100183,100,99568,100,100282,100,99512,100,100430,100,99484,100,100435,100,99202,100,100441,100,99039,100
2019-06-28 10:00:00.000000000,99867,558,99693,558,99918,100,99605,100,99921,100,99584,100,100015,200,99576,100,100124,100,99573,100,100183,100,99568,100,100282,100,99512,100,100430,100,99484,100,100435,100,99202,100,100441,100,99039,100
2019-06-28 10:00:01.841357983,99845,100,99693,558,99867,558,99605,100,99921,100,99584,100,100015,200,99576,100,100124,100,99573,100,100183,100,99568,100,100282,100,99512,100,100430,100,99484,100,100435,100,99202,100,100441,100,99039,100
2019-06-28 10:00:04.607731936,99845,100,99693,558,99867,558,99605,100,99921,100,99584,100,100015,200,99576,100,100124,100,99573,100,100183,100,99568,100,100282,100,99512,100,100430,100,99484,100,100435,100,99454,100,100441,100,99202,100
2019-06-28 10:00:04.833536782,99845,100,99693,558,99867,558,99605,100,99921,100,99584,100,100015,200,99576,100,100124,100,99573,100,100183,100,99568,100,100282,100,99531,100,100430,100,99512,100,100435,100,99484,100,100441,100,99454,100
2019-06-28 10:00:10.000000000,99845,256,99693,256,99867,251,99605,251,99921,251,99584,251,100015,200,99576,100,100124,100,99573,100,100183,100,99568,100,100282,100,99531,100,100430,100,99512,100,100435,100,99484,100,100441,100,99454,100
2019-06-28 10:00:20.000000000,99845,192,99693,192,99867,192,99605,192,99921,192,99584,192,100015,292,99576,192,100124,192,99573,192,100183,100,99568,100,100282,100,99531,100,100430,100,99512,100,100435,100,99484,100,100441,100,99454,100
2019-06-28 10:00:30.000000000,99845,192,99693,192,99867,192,99605,192,99921,192,99584,192,100015,292,99576,192,100124,192,99573,192,100183,100,99568,100,100282,100,99531,100,100430,100,99512,100,100435,100,99484,100,100441,100,99454,100
2019-06-28 10:00:40.000000000,99845,256,99693,256,99867,251,99605,251,99921,251,99584,251,100015,200,99576,100,100124,100,99573,100,100183,100,99568,100,100282,100,99531,100,100430,100,99512,100,100435,100,99484,100,100441,100,99454,100
2019-06-28 10:00:45.099702825,99845,256,99693,256,99867,251,99605,251,99921,251,99584,251,100015,200,99576,200,100124,100,99573,100,100183,100,99568,100,100282,100,99531,100,100430,100,99512,100,100435,100,99484,100,100441,100,99454,100
2019-06-28 10:00:49.871914038,99845,256,99693,256,99867,251,99641,100,99921,151,99605,251,100015,200,99584,251,100124,100,99576,200,100183,100,99573,100,100282,100,99568,100,100430,100,99531,100,100435,100,99512,100,100441,100,99484,100
2019-06-28 10:00:50.000000000,99845,558,99693,558,99867,100,99641,100,100015,200,99605,100,100124,100,99584,100,100183,100,99576,200,100282,100,99573,100,100430,100,99568,100,100435,100,99531,100,100441,100,99512,100,100589,100,99484,100
2019-06-28 10:01:00.000000000,99845,192,99693,192,99867,192,99641,192,100015,292,99605,192,100124,192,99584,192,100183,192,99576,292,100282,100,99573,100,100430,100,99568,100,100435,100,99531,100,100441,100,99512,100,100589,100,99484,100
2019-06-28 10:01:06.725060923,99845,192,99768,100,99867,192,99693,192,100015,192,99641,192,100124,192,99605,192,100183,192,99584,192,100282,100,99576,292,100430,100,99573,100,100435,100,99568,100,100441,100,99531,100,100589,100,99512,100
2019-06-28 10:01:10.000000000,99845,214,99768,214,99867,214,99693,214,100015,214,99641,214,100124,214,99605,214,100183,100,99584,100,100282,100,99576,200,100430,100,99573,100,100435,100,99568,100,100441,100,99531,100,100589,100,99512,100
2019-06-28 10:01:19.580692632,99845,114,99768,214,99867,214,99693,214,100015,214,99641,214,100124,214,99605,214,100183,100,99584,100,100282,100,99576,200,100430,100,99573,100,100435,100,99568,100,100441,100,99531,100,100589,100,99512,100
2019-06-28 10:01:20.000000000,99867,329,99768,329,100015,329,99693,329,100124,100,99641,100,100183,100,99605,100,100282,100,99584,100,100430,100,99576,200,100435,100,99573,100,100441,100,99568,100,100589,100,99531,100,100711,100,99512,100
2019-06-28 10:01:30.000000000,99867,329,99768,329,100015,329,99693,329,100124,100,99641,100,100183,100,99605,100,100282,100,99584,100,100430,100,99576,200,100435,100,99573,100,100441,100,99568,100,100589,100,99531,100,100711,100,99512,100
2019-06-28 10:01:40.000000000,99867,214,99768,214,100015,214,99693,214,100124,214,99641,214,100183,214,99605,214,100282,100,99584,100,100430,100,99576,200,100435,100,99573,100,100441,100,99568,100,100589,100,99531,100,100711,100,99512,100
2019-06-28 10:01:40.961779203,99867,114,99768,214,100015,214,99693,214,100124,214,99641,214,100183,214,99605,214,100282,100,99584,100,100430,100,99576,200,100435,100,99573,100,100441,100,99568,100,100589,100,99531,100,100711,100,99512,100
2019-06-28 10:01:50.000000000,100015,558,99768,558,100124,100,99693,100,100183,100,99641,100,100282,100,99605,100,100430,100,99584,100,100435,100,99576,200,100441,100,99573,100,100589,100,99568,100,100711,100,99531,100,100754,100,99512,100
2019-06-28 10:02:00.000000000,100015,214,99768,214,100124,214,99693,214,100183,214,99641,214,100282,214,99605,214,100430,100,99584,100,100435,100,99576,200,100441,100,99573,100,100589,100,99568,100,100711,100,99531,100,100754,100,99512,100
2019-06-28 10:02:07.550305799,100015,114,99768,214,100124,214,99693,214,100183,214,99641,214,100282,214,99605,214,100430,100,99584,100,100435,100,99576,200,100441,100,99573,100,100589,100,99568,100,100711,100,99531,100,100754,100,99484,100
2019-06-28 10:02:10.000000000,100124,256,99768,256,100183,251,99693,251,100282,251,99641,251,100430,100,99605,100,100435,100,99584,100,100441,100,99576,200,100589,100,99573,100,100711,100,99568,100,100754,100,99531,100,100776,100,99484,100
2019-06-28 10:02:11.803229263,100124,256,99768,256,100183,251,99693,251,100282,251,99641,151,100430,100,99605,100,100435,100,99584,100,100441,100,99576,200,100454,100,99573,100,100589,100,99568,100,100711,100,99531,100,100754,100,99484,100
2019-06-28 10:02:13.650057350,100124,156,99768,256,100183,251,99693,251,100282,251,99641,151,100430,100,99605,100,100435,100,99584,100,100441,100,99576,200,100454,100,99573,100,100589,100,99568,100,100711,100,99531,100,100754,100,99484,100
2019-06-28 10:02:18.223537211,100124,56,99768,256,100183,251,99693,251,100282,251,99641,151,100430,100,99605,100,100435,100,99584,100,100441,100,99576,200,100454,100,99573,100,100589,100,99568,100,100711,100,99531,100,100754,100,99484,100
2019-06-28 10:02:20.000000000,100183,558,99768,558,100282,100,99693,100,100430,100,99605,100,100435,100,99584,100,100441,100,99576,200,100454,100,99573,100,100589,100,99568,100,100711,100,99531,100,100754,100,99484,100,100776,100,99454,100
2019-06-28 10:02:30.000000000,100183,329,99768,329,100282,329,99693,329,100430,100,99605,100,100435,100,99584,100,100441,100,99576,200,100454,100,99573,100,100589,100,99568,100,100711,100,99531,100,100754,100,99484,100,100776,100,99454,100
2019-06-28 10:02:37.942698200,100183,329,100124,100,100282,329,99768,329,100430,100,99693,329,100435,100,99605,100,100441,100,99584,100,100454,100,99576,200,100589,100,99573,100,100711,100,99568,100,100754,100,99531,100,100776,100,99484,100
2019-06-28 10:02:40.000000000,100183,214,100124,214,100282,214,99768,214,100430,214,99693,214,100435,214,99605,214,100441,100,99584,100,100454,100,99576,200,100589,100,99573,100,100711,100,99568,100,100754,100,99531,100,100776,100,99484,100
2019-06-28 10:02:44.646593637,100183,214,100124,214,100282,214,99768,214,100430,214,99693,214,100435,214,99605,214,100441,100,99584,100,100454,100,99576,200,100589,100,99573,100,100711,100,99568,100,100749,100,99531,100,100754,100,99484,100
2019-06-28 10:02:47.558034653,100183,114,100124,214,100282,214,99768,214,100430,214,99693,214,100435,214,99605,214,100441,100,99584,100,100454,100,99576,200,100589,100,99573,100,100711,100,99568,100,100749,100,99531,100,100754,100,99484,100
2019-06-28 10:02:50.000000000,100282,192,100124,192,100430,192,99768,192,100435,192,99693,192,100441,192,99605,192,100454,192,99584,192,100589,100,99576,200,100711,100,99573,100,100749,100,99568,100,100754,100,99531,100,100776,100,99484,100
2019-06-28 10:03:00.000000000,100282,256,100124,256,100430,251,99768,251,100435,251,99693,251,100441,100,99605,100,100454,100,99584,100,100589,100,99576,200,100711,100,99573,100,100749,100,99568,100,100754,100,99531,100,100776,100,99484,100
2019-06-28 10:03:02.351368969,100282,256,100124,256,100430,251,99768,251,100435,251,99693,251,100441,100,99605,100,100454,100,99584,100,100589,100,99576,200,100711,100,99573,100,100749,100,99568,100,100754,100,99531,100,100825,100,99484,100
2019-06-28 10:03:10.000000000,100282,192,100124,192,100430,192,99768,192,100435,192,99693,192,100441,192,99605,192,100454,192,99584,192,100589,100,99576,200,100711,100,99573,100,100749,100,99568,100,100754,100,99531,100,100825,100,99484,100
2019-06-28 10:03:20.000000000,100282,329,100124,329,100430,329,99768,329,100435,100,99693,100,100441,100,99605,100,100454,100,99584,100,100589,100,99576,200,100711,100,99573,100,100749,100,99568,100,100754,100,99531,100,100825,100,99484,100
2019-06-28 10:03:29.438069452,100282,229,100124,329,100430,329,99768,329,100435,100,99693,100,100441,100,99605,100,100454,100,99584,100,100589,100,99576,200,100711,100,99573,100,100749,100,99568,100,100754,100,99531,100,100825,100,99484,100
2019-06-28 10:03:30.000000000,100430,329,100124,329,100435,329,99768,329,100441,100,99693,100,100454,100,99605,100,100589,100,99584,100,100711,100,99576,200,100749,100,99573,100,100754,100,99568,100,100825,100,99531,100,100856,100,99484,100
2019-06-28 10:03:30.711610253,100430,329,100183,100,100435,329,100124,329,100441,100,99768,329,100454,100,99693,100,100589,100,99605,100,100711,100,99584,100,100749,100,99576,200,100754,100,99573,100,100825,100,99568,100,100856,100,99531,100
2019-06-28 10:03:36.733959320,100430,229,100183,100,100435,329,100124,329,100441,100,99768,329,100454,100,99693,100,100589,100,99605,100,100711,100,99584,100,100749,100,99576,200,100754,100,99573,100,100825,100,99568,100,100856,100,99531,100
2019-06-28 10:03:38.743162622,100430,229,100183,100,100435,329,100124,329,100441,100,99768,329,100454,100,99693,100,100589,100,99605,100,100711,100,99584,100,100749,100,99576,200,100825,100,99573,100,100856,100,99568,100,100864,100,99531,100
2019-06-28 10:03:40.000000000,100435,192,100183,192,100441,192,100124,192,100454,192,99768,192,100589,192,99693,192,100711,192,99605,192,100749,100,99584,100,100825,100,99576,200,100856,100,99573,100,100864,100,99568,100,100865,100,99531,100
2019-06-28 10:03:50.000000000,100435,192,100183,192,100441,192,100124,192,100454,192,99768,192,100589,192,99693,192,100711,192,99605,192,100749,100,99584,100,100825,100,99576,200,100856,100,99573,100,100864,100,99568,100,100865,100,99531,100
2019-06-28 10:03:55.665636655,100435,92,100183,192,100441,192,100124,192,100454,192,99768,192,100589,192,99693,192,100711,192,99605,192,100749,100,99584,100,100825,100,99576,200,100856,100,99573,100,100864,100,99568,100,100865,100,99531,100
2019-06-28 10:04:00.000000000,100441,558,100183,558,100454,100,100124,100,100589,100,99768,100,100711,100,99693,100,100749,100,99605,100,100825,100,99584,100,100856,100,99576,200,100864,100,99573,100,100865,100,99568,100,100929,100,99531,100
2019-06-28 10:04:03.159997339,100441,558,100430,100,100454,100,100183,558,100589,100,100124,100,100711,100,99768,100,100749,100,99693,100,100825,100,99605,100,100856,100,99584,100,100864,100,99576,200,100865,100,99573,100,100929,100,99568,100
2019-06-28 10:04:05.159294584,100441,458,100430,100,100454,100,100183,558,100589,100,100124,100,100711,100,99768,100,100749,100,99693,100,100825,100,99605,100,100856,100,99584,100,100864,100,99576,200,100865,100,99573,100,100929,100,99568,100
2019-06-28 10:04:10.000000000,100454,192,100430,192,100589,192,100183,192,100711,192,100124,192,100749,192,99768,192,100825,192,99693,192,100856,100,99605,100,100864,100,99584,100,100865,100,99576,200,100929,100,99573,100,101059,100,99568,100
2019-06-28 10:04:17.113776614,100454,92,100430,192,100589,192,100183,192,100711,192,100124,192,100749,192,99768,192,100825,192,99693,192,100856,100,99605,100,100864,100,99584,100,100865,100,99576,200,100929,100,99573,100,101059,100,99568,100
2019-06-28 10:04:18.993356703,100454,92,100430,192,100589,192,100183,192,100711,192,100124,192,100749,192,99768,192,100825,192,99693,192,100856,100,99605,100,100864,100,99584,100,100865,100,99576,200,100929,100,99573,100,101059,100,99531,100
2019-06-28 10:04:20.000000000,100589,192,100430,192,100711,192,100183,192,100749,192,100124,192,100825,192,99768,192,100856,192,99693,192,100864,100,99605,100,100865,100,99584,100,100929,100,99576,200,101059,100,99573,100,101133,100,99531,100
2019-06-28 10:04:20.018272136,100589,192,100430,192,100711,192,100183,192,100749,192,100124,192,100825,192,99768,192,100856,192,99693,192,100864,100,99605,100,100865,100,99584,100,100929,100,99576,100,101059,100,99573,100,101133,100,99531,100
2019-06-28 10:04:30.000000000,100589,192,100430,192,100711,192,100183,192,100749,192,100124,192,100825,192,99768,192,100856,192,99693,192,100864,100,99605,100,100865,100,99584,100,100929,100,99576,100,101059,100,99573,100,101133,100,99531,100
2019-06-28 10:04:30.149630323,100589,192,100430,192,100711,92,100183,192,100749,192,100124,192,100825,192,99768,192,100856,192,99693,192,100864,100,99605,100,100865,100,99584,100,100929,100,99576,100,101008,100,99573,100,101059,100,99531,100
2019-06-28 10:04:34.690078387,100589,192,100441,100,100711,92,100430,192,100749,192,100183,192,100825,192,100124,192,100856,192,99768,192,100864,100,99693,192,100865,100,99605,100,100929,100,99584,100,101008,100,99576,100,101059,100,99573,100
2019-06-28 10:04:40.000000000,100589,558,100441,558,100749,100,100430,100,100825,100,100183,100,100856,100,100124,100,100864,100,99768,100,100865,100,99693,100,100929,100,99605,100,101008,100,99584,100,101059,100,99576,100,101133,100,99573,100
2019-06-28 10:04:44.190239555,100589,558,100441,558,100749,100,100430,100,100825,100,100124,100,100856,100,99768,100,100864,100,99693,100,100865,100,99605,100,100929,100,99584,100,101008,100,99576,100,101059,100,99573,100,101133,100,99531,100
2019-06-28 10:04:50.000000000,100589,558,100441,558,100749,100,100430,100,100825,100,100124,100,100856,100,99768,100,100864,100,99693,100,100865,100,99605,100,100929,100,99584,100,101008,100,99576,100,101059,100,99573,100,101133,100,99531,100
2019-06-28 10:05:00.000000000,100589,329,100441,329,100749,329,100430,329,100825,100,100124,100,100856,100,99768,100,100864,100,99693,100,100865,100,99605,100,100929,100,99584,100,101008,100,99576,100,101059,100,99573,100,101133,100,99531,100
2019-06-28 10:05:10.000000000,100589,558,100441,558,100749,100,100430,100,100825,100,100124,100,100856,100,99768,100,100864,100,99693,100,100865,100,99605,100,100929,100,99584,100,101008,100,99576,100,101059,100,99573,100,101133,100,99531,100
2019-06-28 10:05:11.579105776,100589,558,100441,558,100697,100,100430,100,100749,100,100124,100,100825,100,99768,100,100856,100,99693,100,100864,100,99605,100,100865,100,99584,100,100929,100,99576,100,101008,100,99573,100,101059,100,99531,100
2019-06-28 10:05:14.498047458,100589,558,100441,558,100697,100,100430,100,100749,100,100124,100,100825,100,99768,100,100856,100,99693,100,100864,100,99605,100,100865,100,99584,100,100929,100,99576,100,101008,100,99573,100,101059,100,99531,100
2019-06-28 10:05:20.000000000,100589,192,100441,192,100697,192,100430,192,100749,192,100124,192,100825,192,99768,192,100856,192,99693,192,100864,100,99605,100,100865,100,99584,100,100929,100,99576,100,101008,100,99573,100,101059,100,99531,100
2019-06-28 10:05:28.968628549,100589,192,100441,292,100697,192,100430,92,100749,192,100124,192,100825,192,99768,192,100856,192,99693,192,100864,100,99605,100,100865,100,99584,100,100929,100,99576,100,101008,100,99573,100,101059,100,99531,100
2019-06-28 10:05:30.000000000,100589,329,100441,429,100697,329,100124,329,100749,100,99768,100,100825,100,99693,100,100856,100,99605,100,100864,100,99584,100,100865,100,99576,100,100929,100,99573,100,101008,100,99531,100,101059,100,99484,100
2019-06-28 10:05:40.000000000,100589,329,100441,429,100697,329,100124,329,100749,100,99768,100,100825,100,99693,100,100856,100,99605,100,100864,100,99584,100,100865,100,99576,100,100929,100,99573,100,101008,100,99531,100,101059,100,99484,100
2019-06-28 10:05:40.883286285,100589,229,100441,429,100697,329,100124,329,100749,100,99768,100,100825,100,99693,100,100856,100,99605,100,100864,100,99584,100,100865,100,99576,100,100929,100,99573,100,101008,100,99531,100,101059,100,99484,100
2019-06-28 10:05:48.725921321,100589,229,100441,429,100697,329,100124,329,100749,100,99768,100,100825,100,99693,100,100856,100,99605,100,100864,100,99584,100,100865,100,99576,100,100929,100,99573,100,101008,100,99531,100,101059,100,99484,100
2019-06-28 10:05:50.000000000,100697,214,100441,314,100749,214,100124,214,100825,214,99768,214,100856,214,99693,214,100864,100,99605,100,100865,100,99584,100,100929,100,99576,100,101008,100,99573,100,101059,100,99531,100,101133,100,99484,100
2019-06-28 10:06:00.000000000,100697,558,100441,658,100749,100,100124,100,100825,100,99768,100,100856,100,99693,100,100864,100,99605,100,100865,100,99584,100,100929,100,99576,100,101008,100,99573,100,101059,100,99531,100,101133,100,99484,100
2019-06-28 10:06:05.418072417,100697,558,100441,658,100749,100,100124,100,100825,100,99768,100,100856,100,99693,100,100864,100,99605,100,100865,100,99584,100,100929,100,99576,100,101008,100,99573,100,101059,100,99531,100,101133,100,99484,100
2019-06-28 10:06:07.006856487,100697,458,100441,658,100749,100,100124,100,100825,100,99768,100,100864,100,99693,100,100865,100,99605,100,100929,100,99584,100,101008,100,99576,100,101059,100,99573,100,101133,100,99531,100,101207,100,99484,100
2019-06-28 10:06:10.000000000,100749,329,100441,429,100825,329,100124,329,100864,100,99768,100,100865,100,99693,100,100929,100,99605,100,101008,100,99584,100,101059,100,99576,100,101133,100,99573,100,101207,100,99531,100,101215,100,99484,100
2019-06-28 10:06:14.353712789,100749,329,100441,429,100825,329,100124,329,100864,100,99768,100,100865,100,99693,100,100929,100,99605,100,101008,100,99584,100,101059,100,99576,100,101072,100,99573,100,101133,100,99531,100,101207,100,99484,100
2019-06-28 10:06:20.000000000,100749,256,100441,356,100825,251,100124,251,100864,251,99768,251,100865,100,99693,100,100929,100,99605,100,101008,100,99584,100,101059,100,99576,100,101072,100,99573,100,101133,100,99531,100,101207,100,99484,100
2019-06-28 10:06:20.392822135,100749,256,100441,356,100825,251,100124,251,100864,251,99768,251,100865,100,99605,100,100929,100,99584,100,101008,100,99576,100,101059,100,99573,100,101072,100,99531,100,101133,100,99484,100,101201,100,99454,100
2019-06-28 10:06:30.000000000,100749,192,100441,292,100825,192,100124,192,100864,192,99768,192,100865,192,99605,192,100929,192,99584,192,101008,100,99576,100,101059,100,99573,100,101072,100,99531,100,101133,100,99484,100,101201,100,99454,100
2019-06-28 10:06:31.569763626,100749,92,100441,292,100825,192,100124,192,100864,192,99768,192,100865,192,99605,192,100929,192,99584,192,101008,100,99576,100,101059,100,99573,100,101072,100,99531,100,101133,100,99484,100,101201,100,99454,100
2019-06-28 10:06:35.177439781,100825,192,100749,8,100864,192,100441,292,100865,192,100124,192,100929,192,99768,192,101008,100,99605,192,101059,100,99584,192,101072,100,99576,100,101133,100,99573,100,101201,100,99531,100,101207,100,99484,100
2019-06-28 10:06:40.000000000,100825,256,100749,164,100864,251,100441,351,100865,251,100124,251,100929,100,99768,100,101008,100,99605,100,101059,100,99584,100,101072,100,99576,100,101133,100,99573,100,101201,100,99531,100,101207,100,99484,100
2019-06-28 10:06:41.241194836,100825,156,100749,164,100864,251,100441,351,100865,251,100124,251,100929,100,99768,100,101008,100,99605,100,101059,100,99584,100,101072,100,99576,100,101133,100,99573,100,101201,100,99531,100,101207,100,99484,100
2019-06-28 10:06:47.246036020,100825,56,100749,164,100864,251,100441,351,100865,251,100124,251,100929,100,99768,100,101008,100,99605,100,101059,100,99584,100,101072,100,99576,100,101133,100,99573,100,101201,100,99531,100,101207,100,99484,100
2019-06-28 10:06:49.274254541,100864,251,100825,44,100865,251,100749,164,100929,100,100441,351,101008,100,100124,251,101072,100,99768,100,101133,100,99605,100,101201,100,99584,100,101207,100,99576,100,101215,100,99573,100,101247,100,99531,100
2019-06-28 10:06:50.000000000,100864,192,100825,136,100865,192,100749,100,100929,192,100441,292,101008,192,100124,192,101072,192,99768,192,101133,100,99605,100,101201,100,99584,100,101207,100,99576,100,101215,100,99573,100,101247,100,99531,100
2019-06-28 10:06:52.318964635,100864,192,100825,236,100865,192,100749,100,100929,192,100441,292,101008,192,100124,192,101072,192,99768,192,101133,100,99605,100,101201,100,99584,100,101207,100,99576,100,101215,100,99573,100,101247,100,99531,100
2019-06-28 10:07:00.000000000,100864,558,100825,602,100865,100,100749,8,100929,100,100441,200,101008,100,100124,100,101072,100,99768,100,101133,100,99605,100,101201,100,99584,100,101207,100,99576,100,101215,100,99573,100,101247,100,99531,100
2019-06-28 10:07:00.109395021,100864,558,100825,702,100865,100,100749,8,100929,100,100441,200,101008,100,100124,100,101072,100,99768,100,101133,100,99605,100,101201,100,99584,100,101207,100,99576,100,101215,100,99573,100,101247,100,99531,100
2019-06-28 10:07:04.427304492,100864,558,100825,702,100865,100,100819,100,100929,100,100749,8,101008,100,100441,200,101072,100,100124,100,101133,100,99768,100,101201,100,99605,100,101207,100,99584,100,101215,100,99576,100,101247,100,99573,100
2019-06-28 10:07:10.000000000,100864,192,100825,336,100865,192,100819,192,100929,192,100749,100,101008,192,100441,292,101072,192,100124,192,101133,100,99768,100,101201,100,99605,100,101207,100,99584,100,101215,100,99576,100,101247,100,99573,100
2019-06-28 10:07:14.280829297,100864,192,100825,236,100865,192,100819,192,100929,192,100749,100,101008,192,100441,292,101072,192,100124,192,101133,100,99768,100,101201,100,99605,100,101207,100,99584,100,101215,100,99576,100,101247,100,99573,100
2019-06-28 10:07:20.000000000,100864,256,100825,300,100865,251,100819,251,100929,251,100749,159,101008,100,100441,200,101072,100,100124,100,101133,100,99768,100,101201,100,99605,100,101207,100,99584,100,101215,100,99576,100,101247,100,99573,100
2019-06-28 10:07:30.000000000,100864,214,100825,258,100865,214,100819,214,100929,214,100749,122,101008,214,100441,314,101072,100,100124,100,101133,100,99768,100,101201,100,99605,100,101207,100,99584,100,101215,100,99576,100,101247,100,99573,100
