,ask_price_1,ask_size_1,bid_price_1,bid_size_1,ask_price_2,ask_size_2,bid_price_2,bid_size_2,ask_price_3,ask_size_3,bid_price_3,bid_size_3,ask_price_4,ask_size_4,bid_price_4,bid_size_4,ask_price_5,ask_size_5,bid_price_5,bid_size_5,ask_price_6,ask_size_6,bid_price_6,bid_size_6,ask_price_7,ask_size_7,bid_price_7,bid_size_7,ask_price_8,ask_size_8,bid_price_8,bid_size_8,ask_price_9,ask_size_9,bid_price_9,bid_size_9,ask_price_10,ask_size_10,bid_price_10,bid_size_10
2019-06-28 09:30:00.000000002,,,99875,100,,,,,,,,,,,,,,,,,,,,,,,,,,,,,,,,,,,,
2019-06-28 09:30:00.000000004,,,99948,100,,,99875,100,,,,,,,,,,,,,,,,,,,,,,,,,,,,,,,,
2019-06-28 09:30:00.000000005,,,99977,100,,,99948,100,,,99875,100,,,,,,,,,,,,,,,,,,,,,,,,,,,,
2019-06-28 09:30:00.000000011,100127,100,99977,100,,,99948,100,,,99875,100,,,,,,,,,,,,,,,,,,,,,,,,,,,,
2019-06-28 09:30:00.000000013,100127,100,99948,100,,,99875,100,,,,,,,,,,,,,,,,,,,,,,,,,,,,,,,,
2019-06-28 09:30:00.000000014,100127,100,99948,100,,,99904,100,,,99875,100,,,,,,,,,,,,,,,,,,,,,,,,,,,,
2019-06-28 09:30:00.000000016,100127,100,99904,100,,,99875,100,,,,,,,,,,,,,,,,,,,,,,,,,,,,,,,,
2019-06-28 09:30:00.000000017,100127,100,99904,100,100140,100,99875,100,,,,,,,,,,,,,,,,,,,,,,,,,,,,,,,,
2019-06-28 09:30:00.000000020,99962,100,99904,100,100127,100,99875,100,100140,100,,,,,,,,,,,,,,,,,,,,,,,,,,,,,,
2019-06-28 09:30:00.000000022,99962,100,99904,100,100127,100,99875,100,100140,100,99874,100,,,,,,,,,,,,,,,,,,,,,,,,,,,,
2019-06-28 09:30:00.000000023,100101,100,99904,100,100127,100,99875,100,100140,100,99874,100,,,,,,,,,,,,,,,,,,,,,,,,,,,,
2019-06-28 09:30:00.000000025,100101,100,99904,100,100127,100,99875,100,100140,200,99874,100,100203,100,,,,,,,,,,,,,,,,,,,,,,,,,,
2019-06-28 09:30:00.000000027,100101,200,99904,100,100127,100,99875,100,100140,200,99874,100,100203,100,,,,,,,,,,,,,,,,,,,,,,,,,,
2019-06-28 09:30:00.000000028,100016,100,99904,100,100101,200,99875,100,100127,100,99874,100,100140,200,,,100203,100,,,,,,,,,,,,,,,,,,,,,,
2019-06-28 09:30:00.000000031,100016,100,99904,100,100036,100,99875,100,100101,200,99874,100,100127,100,,,100140,200,,,100203,100,,,100226,100,,,,,,,,,,,,,,
2019-06-28 09:30:00.000000032,100016,100,99916,100,100036,100,99904,100,100101,200,99875,100,100105,100,99874,100,100115,100,,,100127,100,,,100140,200,,,100203,100,,,100226,100,,,,,,
2019-06-28 09:30:00.000000033,100016,100,99922,100,100036,100,99916,100,100046,100,99904,100,100101,200,99875,100,100105,100,99874,100,100115,100,,,100127,100,,,100140,200,,,100203,100,,,100226,100,,
2019-06-28 09:30:00.000000036,100016,100,99922,100,100030,100,99916,100,100036,100,99904,100,100046,100,99875,100,100101,200,99874,100,100105,100,,,100115,100,,,100127,100,,,100140,200,,,100203,100,,
2019-06-28 09:30:00.000000039,100016,100,99922,100,100030,100,99916,100,100036,100,99904,100,100046,100,99875,100,100101,200,99874,100,100105,100,99757,100,100115,100,,,100127,100,,,100140,200,,,100203,100,,
2019-06-28 09:30:00.000000046,100016,100,99948,100,100030,100,99944,100,100036,100,99922,100,100046,100,99916,100,100101,200,99904,100,100105,100,99875,100,100115,100,99874,100,100127,100,99757,100,100137,100,,,100140,200,,
2019-06-28 09:30:00.000000047,99962,100,99948,100,99976,100,99944,100,100016,100,99922,100,100030,100,99916,100,100036,100,99904,100,100046,100,99875,100,100101,200,99874,100,100105,100,99757,100,100115,100,,,100127,100,,
2019-06-28 09:30:00.000000050,99962,100,99948,200,99976,100,99944,100,100016,100,99922,100,100030,100,99916,100,100036,100,99904,100,100046,100,99875,100,100101,200,99874,100,100105,100,99757,100,100115,100,,,100127,100,,
2019-06-28 09:30:00.000000054,99976,100,99955,100,100016,100,99948,200,100030,100,99944,100,100036,100,99922,100,100046,100,99916,100,100101,200,99904,100,100105,100,99875,100,100115,100,99874,100,100127,100,99757,100,100137,100,,
2019-06-28 09:30:00.000000059,99976,100,99955,100,100016,100,99948,200,100030,100,99944,100,100036,100,99922,100,100046,100,99916,100,100101,200,99904,100,100105,100,99875,100,100115,100,99874,100,100127,100,99851,100,100137,100,99757,100
2019-06-28 09:30:00.000000061,99976,100,99962,100,100016,100,99955,100,100030,100,99948,200,100036,100,99944,100,100046,100,99922,100,100101,200,99916,100,100105,100,99904,100,100115,100,99875,100,100127,100,99874,100,100137,100,99851,100
2019-06-28 09:30:00.000000066,99976,100,99955,100,100016,100,99948,200,100030,100,99944,100,100036,100,99922,100,100046,100,99916,100,100101,200,99904,100,100105,100,99875,100,100115,100,99874,100,100127,100,99851,100,100137,100,99757,100
2019-06-28 09:30:00.000000068,99976,100,99948,200,100016,100,99944,100,100030,100,99922,100,100036,100,99916,100,100046,100,99904,100,100101,200,99875,100,100105,100,99874,100,100115,100,99851,100,100127,100,99757,100,100137,100,,
2019-06-28 09:30:00.000000069,99976,100,99948,200,100016,100,99944,100,100030,100,99922,100,100036,100,99916,100,100046,100,99910,100,100079,100,99904,100,100101,200,99875,100,100105,100,99874,200,100115,100,99851,100,100127,100,99757,100
2019-06-28 09:30:00.000000070,99976,100,99948,200,100016,100,99944,100,100030,100,99922,100,100036,100,99916,100,100046,100,99910,100,100079,100,99904,100,100101,200,99875,100,100105,100,99874,200,100115,100,99851,100,100127,100,99757,100
2019-06-28 09:30:00.000000072,99976,100,99948,200,100016,100,99944,100,100030,100,99922,100,100036,100,99916,100,100046,100,99910,100,100079,100,99904,100,100101,200,99886,100,100105,100,99875,100,100115,100,99874,200,100127,100,99851,100
2019-06-28 09:30:00.000000073,99976,100,99948,200,100016,100,99944,100,100030,100,99922,100,100036,100,99916,100,100046,100,99910,100,100066,100,99904,100,100079,100,99886,100,100101,200,99875,100,100105,100,99874,200,100110,100,99851,100
2019-06-28 09:30:00.000000076,99976,100,99948,200,100016,100,99944,100,100030,100,99922,100,100036,100,99916,100,100046,100,99910,100,100066,100,99904,100,100079,100,99886,100,100101,200,99875,100,100105,100,99874,200,100110,100,99872,100
2019-06-28 09:30:00.000000079,99976,100,99955,100,100016,100,99948,200,100030,100,99944,100,100036,100,99922,100,100046,100,99916,100,100066,100,99910,100,100079,100,99904,100,100101,200,99888,100,100105,100,99886,100,100110,100,99875,100
2019-06-28 09:30:00.000000080,99962,100,99955,100,99976,100,99948,200,100016,100,99944,100,100030,100,99922,100,100036,100,99916,100,100046,100,99910,100,100066,100,99904,100,100079,100,99888,100,100101,200,99886,100,100105,100,99875,100
2019-06-28 09:30:00.000000082,99962,100,99955,100,99976,100,99948,200,100016,100,99944,100,100030,100,99922,100,100036,100,99916,100,100043,100,99910,100,100046,100,99904,100,100066,100,99888,100,100079,100,99886,100,100101,200,99875,100
2019-06-28 09:30:00.000000083,99976,100,99955,100,100016,100,99948,200,100030,100,99944,100,100036,100,99922,100,100043,100,99916,100,100046,100,99910,100,100066,100,99904,100,100079,100,99888,100,100101,200,99886,100,100105,100,99875,100
2019-06-28 09:30:00.000000084,99976,100,99955,100,100016,100,99948,200,100030,100,99944,200,100036,100,99922,100,100043,100,99916,100,100046,100,99910,100,100066,100,99904,100,100079,100,99888,100,100101,200,99886,100,100105,100,99875,100
2019-06-28 09:30:00.000000088,99976,100,99955,100,100016,100,99948,200,100030,100,99946,100,100036,100,99944,200,100043,100,99922,100,100046,100,99916,100,100066,100,99910,100,100079,100,99904,100,100101,200,99897,100,100105,100,99888,100
2019-06-28 09:30:00.000000091,99976,100,99956,100,100016,100,99955,100,100028,100,99948,200,100030,100,99946,100,100036,100,99944,200,100043,100,99922,100,100046,100,99916,100,100066,100,99910,100,100079,100,99904,100,100101,200,99897,100
2019-06-28 09:30:00.000000093,99976,100,99956,100,100016,100,99955,100,100028,100,99948,200,100030,100,99946,100,100036,100,99944,200,100043,100,99922,100,100046,100,99916,100,100066,100,99910,100,100079,100,99904,100,100101,200,99897,100
2019-06-28 09:30:00.000000095,99976,100,99956,100,100016,100,99955,100,100028,100,99948,200,100030,200,99946,100,100036,100,99944,200,100043,100,99922,100,100046,100,99916,100,100066,100,99910,100,100079,100,99904,100,100101,200,99897,100
2019-06-28 09:30:00.000000096,100016,100,99956,100,100028,100,99955,100,100030,200,99948,200,100036,100,99946,100,100043,100,99944,200,100046,100,99922,100,100066,100,99916,100,100079,100,99910,100,100101,200,99904,100,100105,100,99897,100
2019-06-28 09:30:00.000000098,100016,100,99975,100,100028,100,99956,100,100030,200,99955,100,100036,100,99948,200,100043,100,99946,100,100046,100,99944,200,100066,100,99935,100,100079,100,99922,100,100101,200,99916,100,100105,100,99910,100
2019-06-28 09:30:00.000000099,100016,100,99975,100,100028,100,99962,100,100030,200,99956,100,100036,100,99955,100,100043,100,99948,200,100046,100,99946,100,100066,100,99944,200,100079,100,99935,100,100101,200,99922,100,100105,100,99916,100
2019-06-28 09:30:00.222511595,100016,100,99975,100,100028,100,99962,100,100030,200,99956,100,100036,100,99955,100,100043,100,99948,200,100046,100,99946,100,100066,100,99944,200,100079,100,99935,100,100101,200,99922,100,100104,100,99916,100
2019-06-28 09:30:09.603935381,100016,100,99962,100,100028,100,99956,100,100030,200,99955,100,100036,100,99948,200,100043,100,99946,100,100046,100,99944,200,100066,100,99935,100,100079,100,99922,100,100101,100,99916,100,100104,100,99910,100
2019-06-28 09:30:10.000000000,100016,229,99962,229,100028,225,99956,225,100030,325,99955,225,100036,100,99948,200,100043,100,99946,100,100046,100,99944,200,100066,100,99935,100,100079,100,99922,100,100101,100,99916,100,100104,100,99910,100
2019-06-28 09:30:12.271148418,99976,100,99962,229,100016,229,99956,225,100028,225,99955,225,100030,325,99948,200,100036,100,99946,100,100043,100,99944,200,100046,100,99935,100,100066,100,99922,100,100079,100,99916,100,100101,100,99910,100
2019-06-28 09:30:20.000000000,99976,229,99962,229,100016,225,99956,225,100028,225,99955,225,100030,200,99948,200,100036,100,99946,100,100043,100,99944,200,100046,100,99935,100,100066,100,99922,100,100079,100,99916,100,100101,100,99910,100
2019-06-28 09:30:30.000000000,99976,194,99962,194,100016,194,99956,194,100028,194,99955,194,100030,294,99948,294,100036,100,99946,100,100043,100,99944,200,100046,100,99935,100,100066,100,99922,100,100079,100,99916,100,100101,100,99910,100
2019-06-28 09:30:40.000000000,99976,176,99962,176,100016,176,99956,176,100028,176,99955,176,100030,276,99948,276,100036,176,99946,176,100043,100,99944,200,100046,100,99935,100,100066,100,99922,100,100079,100,99916,100,100101,100,99910,100
2019-06-28 09:30:50.000000000,99976,194,99962,194,100016,194,99956,194,100028,194,99955,194,100030,294,99948,294,100036,100,99946,100,100043,100,99944,200,100046,100,99935,100,100066,100,99922,100,100079,100,99916,100,100101,100,99910,100
2019-06-28 09:31:00.000000000,99976,176,99962,176,100016,176,99956,176,100028,176,99955,176,100030,276,99948,276,100036,176,99946,176,100043,100,99944,200,100046,100,99935,100,100066,100,99922,100,100079,100,99916,100,100101,100,99910,100
2019-06-28 09:31:07.389823983,99976,176,99962,76,100016,176,99956,176,100028,176,99955,176,100030,276,99948,276,100036,176,99946,176,100043,100,99944,200,100046,100,99935,100,100066,100,99922,100,100079,100,99916,100,100101,100,99910,100
2019-06-28 09:31:10.000000000,99976,478,99956,478,100016,100,99955,100,100028,100,99948,200,100030,200,99946,100,100036,100,99944,200,100043,100,99935,100,100046,100,99922,100,100066,100,99916,100,100079,100,99910,100,100101,100,99904,100
2019-06-28 09:31:13.222524018,99975,100,99956,478,99976,478,99955,100,100016,100,99948,200,100028,100,99946,100,100030,200,99944,200,100036,100,99935,100,100043,100,99922,100,100046,100,99916,100,100066,100,99910,100,100079,100,99904,100
2019-06-28 09:31:20.000000000,99975,194,99956,194,99976,194,99955,194,100016,194,99948,294,100028,194,99946,194,100030,200,99944,200,100036,100,99935,100,100043,100,99922,100,100046,100,99916,100,100066,100,99910,100,100079,100,99904,100
2019-06-28 09:31:21.600384220,99975,194,99963,100,99976,194,99956,194,100016,194,99955,194,100028,194,99948,294,100030,200,99946,194,100036,100,99944,200,100043,100,99935,100,100046,100,99922,100,100066,100,99916,100,100079,100,99910,100
2019-06-28 09:31:30.000000000,99975,176,99963,176,99976,176,99956,176,100016,176,99955,176,100028,176,99948,276,100030,276,99946,176,100036,100,99944,200,100043,100,99935,100,100046,100,99922,100,100066,100,99916,100,100079,100,99910,100
2019-06-28 09:31:40.000000000,99975,289,99963,289,99976,289,99956,289,100016,100,99955,100,100028,100,99948,200,100030,200,99946,100,100036,100,99944,200,100043,100,99935,100,100046,100,99922,100,100066,100,99916,100,100079,100,99910,100
2019-06-28 09:31:50.000000000,99975,176,99963,176,99976,176,99956,176,100016,176,99955,176,100028,176,99948,276,100030,276,99946,176,100036,100,99944,200,100043,100,99935,100,100046,100,99922,100,100066,100,99916,100,100079,100,99910,100
2019-06-28 09:32:00.000000000,99975,289,99963,289,99976,289,99956,289,100016,100,99955,100,100028,100,99948,200,100030,200,99946,100,100036,100,99944,200,100043,100,99935,100,100046,100,99922,100,100066,100,99916,100,100079,100,99910,100
2019-06-28 09:32:10.000000000,99975,478,99963,478,99976,100,99956,100,100016,100,99955,100,100028,100,99948,200,100030,200,99946,100,100036,100,99944,200,100043,100,99935,100,100046,100,99922,100,100066,100,99916,100,100079,100,99910,100
2019-06-28 09:32:20.000000000,99975,229,99963,229,99976,225,99956,225,100016,225,99955,225,100028,100,99948,200,100030,200,99946,100,100036,100,99944,200,100043,100,99935,100,100046,100,99922,100,100066,100,99916,100,100079,100,99910,100
2019-06-28 09:32:24.069901657,99975,229,99963,229,99976,225,99956,225,100016,225,99955,225,100028,100,99948,200,100030,200,99946,100,100036,100,99944,200,100043,100,99935,100,100046,100,99922,100,100066,100,99916,100,100079,100,99910,100
2019-06-28 09:32:30.000000000,99975,176,99963,176,99976,176,99956,176,100016,176,99955,176,100028,176,99948,276,100030,276,99946,176,100036,100,99944,200,100043,100,99935,100,100046,100,99922,100,100066,100,99916,100,100079,100,99910,100
2019-06-28 09:32:40.000000000,99975,289,99963,289,99976,289,99956,289,100016,100,99955,100,100028,100,99948,200,100030,200,99946,100,100036,100,99944,200,100043,100,99935,100,100046,100,99922,100,100066,100,99916,100,100079,100,99910,100
2019-06-28 09:32:42.491342728,99975,289,99963,389,99976,289,99956,289,100016,100,99955,100,100028,100,99948,200,100030,200,99946,100,100036,100,99944,200,100043,100,99935,100,100046,100,99922,100,100066,100,99916,100,100079,100,99910,100
2019-06-28 09:32:48.170269462,99975,189,99963,389,99976,289,99956,289,100016,100,99955,100,100028,100,99948,200,100030,200,99946,100,100036,100,99944,200,100043,100,99935,100,100046,100,99922,100,100066,100,99916,100,100079,100,99910,100
2019-06-28 09:32:50.000000000,99976,176,99963,276,100016,176,99956,176,100028,176,99955,176,100030,276,99948,276,100036,176,99946,176,100043,100,99944,200,100046,100,99935,100,100066,100,99922,100,100079,100,99916,100,100101,100,99910,100
2019-06-28 09:32:57.312735599,99976,76,99963,276,100016,176,99956,176,100028,176,99955,176,100030,276,99948,276,100036,176,99946,176,100043,100,99944,200,100046,100,99935,100,100066,100,99922,100,100079,100,99916,100,100101,100,99910,100
2019-06-28 09:33:00.000000000,100016,176,99963,276,100028,176,99956,176,100030,276,99955,176,100036,176,99948,276,100043,176,99946,176,100046,100,99944,200,100066,100,99935,100,100079,100,99922,100,100101,100,99916,100,100104,100,99910,100
2019-06-28 09:33:10.000000000,100016,289,99963,389,100028,289,99956,289,100030,200,99955,100,100036,100,99948,200,100043,100,99946,100,100046,100,99944,200,100066,100,99935,100,100079,100,99922,100,100101,100,99916,100,100104,100,99910,100
2019-06-28 09:33:20.000000000,100016,229,99963,329,100028,225,99956,225,100030,325,99955,225,100036,100,99948,200,100043,100,99946,100,100046,100,99944,200,100066,100,99935,100,100079,100,99922,100,100101,100,99916,100,100104,100,99910,100
2019-06-28 09:33:30.000000000,100016,478,99963,578,100028,100,99956,100,100030,200,99955,100,100036,100,99948,200,100043,100,99946,100,100046,100,99944,200,100066,100,99935,100,100079,100,99922,100,100101,100,99916,100,100104,100,99910,100
2019-06-28 09:33:36.392390379,100016,378,99963,578,100028,100,99956,100,100030,200,99955,100,100036,100,99948,200,100043,100,99946,100,100046,100,99944,200,100079,100,99935,100,100101,100,99922,100,100104,100,99916,100,100105,100,99910,100
2019-06-28 09:33:39.815329904,100016,378,99963,578,100028,100,99956,100,100030,200,99955,100,100036,100,99948,200,100043,100,99946,100,100046,100,99944,200,100079,100,99935,100,100101,100,99922,100,100104,100,99916,100,100105,100,99910,100
2019-06-28 09:33:40.000000000,100028,229,99963,329,100030,325,99956,225,100036,225,99955,225,100043,100,99948,200,100046,100,99946,100,100079,100,99944,200,100101,100,99935,100,100104,100,99922,100,100105,100,99916,100,100110,100,99910,100
2019-06-28 09:33:50.000000000,100028,229,99963,329,100030,325,99956,225,100036,225,99955,225,100043,100,99948,200,100046,100,99946,100,100079,100,99944,200,100101,100,99935,100,100104,100,99922,100,100105,100,99916,100,100110,100,99910,100
2019-06-28 09:34:00.000000000,100028,478,99963,578,100030,200,99956,100,100036,100,99955,100,100043,100,99948,200,100046,100,99946,100,100079,100,99944,200,100101,100,99935,100,100104,100,99922,100,100105,100,99916,100,100110,100,99910,100
2019-06-28 09:34:02.953982587,100028,478,99963,578,100030,200,99956,100,100036,100,99955,100,100043,100,99948,200,100046,100,99946,100,100079,100,99944,200,100101,100,99935,100,100104,100,99922,100,100105,100,99916,100,100110,100,99910,100
2019-06-28 09:34:06.292443732,100028,378,99963,578,100030,200,99956,100,100036,100,99955,100,100043,100,99948,200,100046,100,99946,100,100079,100,99944,200,100101,100,99935,100,100104,100,99922,100,100105,100,99916,100,100110,100,99910,100
2019-06-28 09:34:10.000000000,100030,329,99963,329,100036,225,99956,225,100043,225,99955,225,100046,100,99948,200,100079,100,99946,100,100101,100,99944,200,100104,100,99935,100,100105,100,99922,100,100110,100,99916,100,100115,100,99910,100
2019-06-28 09:34:13.940268833,100030,229,99963,329,100036,225,99956,225,100043,225,99955,225,100046,100,99948,200,100079,100,99946,100,100101,100,99944,200,100104,100,99935,100,100105,100,99922,100,100110,100,99916,100,100115,100,99910,100
2019-06-28 09:34:18.152912673,100030,129,99963,329,100036,225,99956,225,100043,225,99955,225,100046,100,99948,200,100079,100,99946,100,100101,100,99944,200,100104,100,99935,100,100105,100,99922,100,100110,100,99916,100,100115,100,99910,100
2019-06-28 09:34:20.000000000,100036,229,99963,329,100043,225,99956,225,100046,225,99955,225,100079,100,99948,200,100101,100,99946,100,100104,100,99944,200,100105,100,99935,100,100110,100,99922,100,100115,100,99916,100,100127,100,99910,100
2019-06-28 09:34:24.012020485,100036,229,99963,329,100043,225,99956,225,100046,225,99955,225,100079,100,99948,200,100101,100,99946,100,100104,100,99944,200,100105,100,99935,100,100110,100,99922,100,100115,100,99916,100,100127,100,99910,100
2019-06-28 09:34:25.486660302,100036,129,99963,329,100043,225,99956,225,100046,225,99955,225,100079,100,99948,200,100101,100,99946,100,100104,100,99944,200,100105,100,99935,100,100110,100,99922,100,100115,100,99916,100,100127,100,99910,100
2019-06-28 09:34:27.334147434,100036,129,99963,329,100043,225,99956,225,100046,225,99955,225,100079,100,99948,200,100101,100,99946,100,100104,100,99944,200,100105,100,99935,100,100110,100,99922,100,100115,100,99916,100,100127,100,99910,100
2019-06-28 09:34:28.854302404,100036,129,100030,100,100043,225,99963,329,100046,225,99956,225,100079,100,99955,225,100101,100,99948,200,100104,100,99946,100,100105,100,99944,200,100110,100,99935,100,100115,100,99922,100,100127,100,99916,100
2019-06-28 09:34:30.000000000,100043,194,100030,194,100046,194,99963,294,100079,194,99956,194,100101,194,99955,194,100104,100,99948,200,100105,100,99946,100,100110,100,99944,200,100115,100,99935,100,100127,100,99922,100,100132,100,99916,100
2019-06-28 09:34:40.000000000,100043,176,100030,176,100046,176,99963,276,100079,176,99956,176,100101,176,99955,176,100104,176,99948,276,100105,100,99946,100,100110,100,99944,200,100115,100,99935,100,100127,100,99922,100,100132,100,99916,100
2019-06-28 09:34:41.939991982,100043,176,100030,176,100046,176,99963,176,100079,176,99956,176,100101,176,99955,176,100104,176,99948,276,100105,100,99946,100,100110,100,99944,200,100115,100,99935,100,100127,100,99922,100,100132,100,99916,100
2019-06-28 09:34:43.693535063,100043,76,100030,176,100046,176,99963,176,100079,176,99956,176,100101,176,99955,176,100104,176,99948,276,100105,100,99946,100,100110,100,99944,200,100115,100,99935,100,100127,100,99922,100,100132,100,99916,100
2019-06-28 09:34:50.000000000,100046,289,100030,289,100079,289,99963,289,100101,100,99956,100,100104,100,99955,100,100105,100,99948,200,100110,100,99946,100,100115,100,99944,200,100127,100,99935,100,100132,100,99922,100,100137,100,99916,100
2019-06-28 09:34:53.894796625,100046,289,100030,289,100079,289,99963,289,100101,100,99956,100,100104,100,99955,100,100105,100,99948,200,100110,100,99946,100,100115,100,99944,200,100127,100,99935,100,100132,100,99922,100,100137,100,99916,100
2019-06-28 09:35:00.000000000,100046,176,100030,176,100079,176,99963,176,100101,176,99956,176,100104,176,99955,176,100105,176,99948,276,100110,100,99946,100,100115,100,99944,200,100127,100,99935,100,100132,100,99922,100,100137,100,99916,100
2019-06-28 09:35:10.000000000,100046,229,100030,229,100079,225,99963,225,100101,225,99956,225,100104,100,99955,100,100105,100,99948,200,100110,100,99946,100,100115,100,99944,200,100127,100,99935,100,100132,100,99922,100,100137,100,99916,100
2019-06-28 09:35:20.000000000,100046,289,100030,289,100079,289,99963,289,100101,100,99956,100,100104,100,99955,100,100105,100,99948,200,100110,100,99946,100,100115,100,99944,200,100127,100,99935,100,100132,100,99922,100,100137,100,99916,100
2019-06-28 09:35:20.004155815,100046,189,100030,289,100079,289,99963,289,100101,100,99956,100,100104,100,99955,100,100105,100,99948,200,100110,100,99946,100,100115,100,99944,200,100127,100,99935,100,100132,100,99922,100,100137,100,99910,100
2019-06-28 09:35:30.000000000,100079,289,100030,289,100101,289,99963,289,100104,100,99956,100,100105,100,99955,100,100110,100,99948,200,100115,100,99946,100,100127,100,99944,200,100132,100,99935,100,100137,100,99922,100,100203,100,99910,100
2019-06-28 09:35:31.335064418,100079,189,100030,289,100101,289,99963,289,100104,100,99956,100,100105,100,99955,100,100115,100,99948,200,100127,100,99946,100,100132,100,99944,200,100137,100,99935,100,100203,100,99922,100,100674,100,99910,100
2019-06-28 09:35:40.000000000,100101,289,100030,289,100104,289,99963,289,100105,100,99956,100,100115,100,99955,100,100127,100,99948,200,100132,100,99946,100,100137,100,99944,200,100203,100,99935,100,100674,100,99922,100,100687,100,99910,100
2019-06-28 09:35:46.982861841,100101,289,100046,100,100104,289,100030,289,100105,100,99963,289,100115,100,99956,100,100127,100,99955,100,100132,100,99948,100,100137,100,99946,100,100203,100,99944,200,100674,100,99935,100,100687,100,99922,100
2019-06-28 09:35:50.000000000,100101,229,100046,229,100104,225,100030,225,100105,225,99963,225,100115,100,99956,100,100127,100,99955,100,100132,100,99948,100,100137,100,99946,100,100203,100,99944,200,100674,100,99935,100,100687,100,99922,100
2019-06-28 09:35:54.375690791,100101,229,100046,229,100104,225,100030,225,100105,225,99963,225,100115,100,99956,100,100127,100,99955,100,100132,100,99948,100,100137,100,99946,100,100203,100,99944,200,100506,100,99935,100,100674,100,99922,100
2019-06-28 09:36:00.000000000,100101,194,100046,194,100104,194,100030,194,100105,194,99963,194,100115,194,99956,194,100127,100,99955,100,100132,100,99948,100,100137,100,99946,100,100203,100,99944,200,100506,100,99935,100,100674,100,99922,100
2019-06-28 09:36:01.916795634,100101,94,100046,194,100104,194,100030,194,100105,194,99963,194,100115,194,99956,194,100127,100,99955,100,100132,100,99948,100,100137,100,99946,100,100203,100,99944,200,100506,100,99935,100,100674,100,99922,100
2019-06-28 09:36:10.000000000,100104,289,100046,289,100105,289,100030,289,100115,100,99963,100,100127,100,99956,100,100132,100,99955,100,100137,100,99948,100,100203,100,99946,100,100506,100,99944,200,100674,100,99935,100,100687,100,99922,100
2019-06-28 09:36:12.136442878,100104,289,100046,289,100105,289,100030,289,100115,100,99963,100,100127,100,99956,100,100132,100,99955,100,100137,100,99948,100,100203,100,99946,100,100506,100,99944,200,100579,100,99935,100,100674,100,99922,100
2019-06-28 09:36:18.110335855,100104,289,100046,289,100105,289,100030,289,100115,100,99963,100,100127,100,99956,100,100132,100,99955,100,100137,100,99948,100,100203,100,99946,100,100284,100,99944,200,100506,100,99935,100,100579,100,99922,100
2019-06-28 09:36:20.000000000,100104,229,100046,229,100105,225,100030,225,100115,225,99963,225,100127,100,99956,100,100132,100,99955,100,100137,100,99948,100,100203,100,99946,100,100284,100,99944,200,100506,100,99935,100,100579,100,99922,100
2019-06-28 09:36:25.169939315,100104,129,100046,229,100105,225,100030,225,100115,225,99963,225,100127,100,99956,100,100132,100,99955,100,100137,100,99948,100,100203,100,99946,100,100284,100,99944,200,100506,100,99935,100,100579,100,99922,100
2019-06-28 09:36:30.000000000,100105,229,100046,229,100115,225,100030,225,100127,225,99963,225,100132,100,99956,100,100137,100,99955,100,100203,100,99948,100,100284,100,99946,100,100506,100,99944,200,100579,100,99935,100,100674,100,99922,100
2019-06-28 09:36:31.969947259,100105,229,100101,100,100115,225,100046,229,100127,225,100030,225,100132,100,99963,225,100137,100,99956,100,100203,100,99955,100,100284,100,99948,100,100506,100,99946,100,100579,100,99944,200,100674,100,99935,100
2019-06-28 09:36:40.000000000,100105,176,100101,176,100115,176,100046,176,100127,176,100030,176,100132,176,99963,176,100137,176,99956,176,100203,100,99955,100,100284,100,99948,100,100506,100,99946,100,100579,100,99944,200,100674,100,99935,100
2019-06-28 09:36:41.569652205,100105,176,100101,276,100115,176,100046,176,100127,176,100030,176,100132,176,99963,76,100137,176,99956,176,100203,100,99955,100,100284,100,99948,100,100506,100,99946,100,100579,100,99944,200,100674,100,99935,100
2019-06-28 09:36:42.493953944,100105,176,100101,276,100115,176,100046,176,100127,176,100030,176,100132,176,99963,76,100137,176,99956,176,100203,100,99955,100,100284,100,99948,100,100443,100,99946,100,100506,100,99944,200,100579,100,99935,100
2019-06-28 09:36:50.000000000,100105,289,100101,389,100115,289,100046,289,100127,100,100030,100,100132,100,99956,100,100137,100,99955,100,100203,100,99948,100,100284,100,99946,100,100443,100,99944,200,100506,100,99935,100,100579,100,99910,100
2019-06-28 09:36:57.126767010,100105,289,100101,389,100115,289,100046,289,100127,100,100030,100,100132,100,99956,100,100137,100,99955,100,100203,100,99948,100,100284,100,99946,100,100422,100,99944,200,100443,100,99935,100,100506,100,99910,100
2019-06-28 09:36:59.963896750,100105,289,100101,289,100115,289,100046,289,100127,100,100030,100,100132,100,99956,100,100137,100,99955,100,100203,100,99948,100,100284,100,99946,100,100422,100,99944,200,100443,100,99935,100,100506,100,99910,100
2019-06-28 09:37:00.000000000,100105,229,100101,229,100115,225,100046,225,100127,225,100030,225,100132,100,99956,100,100137,100,99955,100,100203,100,99948,100,100284,100,99946,100,100422,100,99944,200,100443,100,99935,100,100506,100,99910,100
2019-06-28 09:37:10.000000000,100105,194,100101,194,100115,194,100046,194,100127,194,100030,194,100132,194,99956,194,100137,100,99955,100,100203,100,99948,100,100284,100,99946,100,100422,100,99944,200,100443,100,99935,100,100506,100,99910,100
2019-06-28 09:37:20.000000000,100105,176,100101,176,100115,176,100046,176,100127,176,100030,176,100132,176,99956,176,100137,176,99955,176,100203,100,99948,100,100284,100,99946,100,100422,100,99944,200,100443,100,99935,100,100506,100,99910,100
2019-06-28 09:37:30.000000000,100105,194,100101,194,100115,194,100046,194,100127,194,100030,194,100132,194,99956,194,100137,100,99955,100,100203,100,99948,100,100284,100,99946,100,100422,100,99944,200,100443,100,99935,100,100506,100,99910,100
2019-06-28 09:37:40.000000000,100105,194,100101,194,100115,194,100046,194,100127,194,100030,194,100132,194,99956,194,100137,100,99955,100,100203,100,99948,100,100284,100,99946,100,100422,100,99944,200,100443,100,99935,100,100506,100,99910,100
2019-06-28 09:37:50.000000000,100105,194,100101,194,100115,194,100046,194,100127,194,100030,194,100132,194,99956,194,100137,100,99955,100,100203,100,99948,100,100284,100,99946,100,100422,100,99944,200,100443,100,99935,100,100506,100,99910,100
2019-06-28 09:38:00.000000000,100105,289,100101,289,100115,289,100046,289,100127,100,100030,100,100132,100,99956,100,100137,100,99955,100,100203,100,99948,100,100284,100,99946,100,100422,100,99944,200,100443,100,99935,100,100506,100,99910,100
2019-06-28 09:38:10.000000000,100105,194,100101,194,100115,194,100046,194,100127,194,100030,194,100132,194,99956,194,100137,100,99955,100,100203,100,99948,100,100284,100,99946,100,100422,100,99944,200,100443,100,99935,100,100506,100,99910,100
2019-06-28 09:38:20.000000000,100105,229,100101,229,100115,225,100046,225,100127,225,100030,225,100132,100,99956,100,100137,100,99955,100,100203,100,99948,100,100284,100,99946,100,100422,100,99944,200,100443,100,99935,100,100506,100,99910,100
2019-06-28 09:38:30.000000000,100105,194,100101,194,100115,194,100046,194,100127,194,100030,194,100132,194,99956,194,100137,100,99955,100,100203,100,99948,100,100284,100,99946,100,100422,100,99944,200,100443,100,99935,100,100506,100,99910,100
2019-06-28 09:38:40.000000000,100105,229,100101,229,100115,225,100046,225,100127,225,100030,225,100132,100,99956,100,100137,100,99955,100,100203,100,99948,100,100284,100,99946,100,100422,100,99944,200,100443,100,99935,100,100506,100,99910,100
2019-06-28 09:38:41.759753217,100105,229,100101,229,100115,225,100046,225,100127,225,100030,225,100132,100,99956,100,100137,100,99955,100,100203,100,99948,100,100284,100,99946,100,100422,100,99944,200,100430,100,99935,100,100443,100,99910,100
2019-06-28 09:38:48.193385378,100105,229,100101,229,100115,225,100046,225,100127,225,100030,225,100132,100,99956,100,100137,100,99955,100,100270,100,99948,100,100284,100,99946,100,100422,100,99944,200,100430,100,99935,100,100443,100,99910,100
2019-06-28 09:38:50.000000000,100105,478,100101,478,100115,100,100046,100,100127,100,100030,100,100132,100,99956,100,100137,100,99955,100,100270,100,99948,100,100284,100,99946,100,100422,100,99944,200,100430,100,99935,100,100443,100,99910,100
2019-06-28 09:38:57.577971047,100105,478,100101,578,100115,100,100046,100,100127,100,100030,100,100132,100,99956,100,100137,100,99955,100,100270,100,99948,100,100284,100,99946,100,100422,100,99944,200,100430,100,99935,100,100443,100,99910,100
2019-06-28 09:39:00.000000000,100105,229,100101,329,100115,225,100046,225,100127,225,100030,225,100132,100,99956,100,100137,100,99955,100,100270,100,99948,100,100284,100,99946,100,100422,100,99944,200,100430,100,99935,100,100443,100,99910,100
2019-06-28 09:39:10.000000000,100105,194,100101,294,100115,194,100046,194,100127,194,100030,194,100132,194,99956,194,100137,100,99955,100,100270,100,99948,100,100284,100,99946,100,100422,100,99944,200,100430,100,99935,100,100443,100,99910,100
2019-06-28 09:39:14.253719406,100105,94,100101,294,100115,194,100046,194,100127,194,100030,194,100132,194,99956,194,100137,100,99955,100,100270,100,99948,100,100284,100,99946,100,100422,100,99944,200,100430,100,99935,100,100443,100,99910,100
2019-06-28 09:39:20.000000000,100115,229,100101,329,100127,225,100046,225,100132,225,100030,225,100137,100,99956,100,100270,100,99955,100,100284,100,99948,100,100422,100,99946,100,100430,100,99944,200,100443,100,99935,100,100506,100,99910,100
2019-06-28 09:39:30.000000000,100115,478,100101,578,100127,100,100046,100,100132,100,100030,100,100137,100,99956,100,100270,100,99955,100,100284,100,99948,100,100422,100,99946,100,100430,100,99944,200,100443,100,99935,100,100506,100,99910,100
2019-06-28 09:39:36.197634177,100115,478,100104,100,100127,100,100101,578,100132,100,100046,100,100137,100,100030,100,100270,100,99956,100,100284,100,99955,100,100422,100,99948,100,100430,100,99946,100,100443,100,99944,200,100506,100,99935,100
2019-06-28 09:39:40.000000000,100115,229,100104,229,100127,225,100101,325,100132,225,100046,225,100137,100,100030,100,100270,100,99956,100,100284,100,99955,100,100422,100,99948,100,100430,100,99946,100,100443,100,99944,200,100506,100,99935,100
2019-06-28 09:39:50.000000000,100115,289,100104,289,100127,289,100101,389,100132,100,100046,100,100137,100,100030,100,100270,100,99956,100,100284,100,99955,100,100422,100,99948,100,100430,100,99946,100,100443,100,99944,200,100506,100,99935,100
2019-06-28 09:40:00.000000000,100115,176,100104,176,100127,176,100101,276,100132,176,100046,176,100137,176,100030,176,100270,176,99956,176,100284,100,99955,100,100422,100,99948,100,100430,100,99946,100,100443,100,99944,200,100506,100,99935,100
2019-06-28 09:40:06.536588265,100115,176,100104,176,100127,176,100101,276,100132,176,100046,176,100137,176,100030,176,100270,176,99956,176,100284,100,99955,100,100422,100,99948,100,100430,100,99946,100,100443,100,99944,200,100506,100,99935,100
2019-06-28 09:40:10.000000000,100115,229,100104,229,100127,225,100101,325,100132,225,100046,225,100137,100,100030,100,100270,100,99956,100,100284,100,99955,100,100422,100,99948,100,100430,100,99946,100,100443,100,99944,200,100506,100,99935,100
2019-06-28 09:40:10.480081483,100115,129,100104,129,100127,225,100101,325,100132,225,100046,225,100137,100,100030,100,100270,100,99956,100,100284,100,99955,100,100422,100,99948,100,100430,100,99946,100,100443,100,99944,200,100506,100,99935,100
2019-06-28 09:40:17.763554043,100115,129,100104,29,100127,225,100101,225,100132,225,100046,225,100137,100,100030,100,100270,100,99956,100,100284,100,99955,100,100422,100,99948,100,100430,100,99946,100,100443,100,99944,200,100506,100,99935,100
2019-06-28 09:40:20.000000000,100127,176,100101,176,100132,176,100046,176,100137,176,100030,176,100270,176,99956,176,100284,176,99955,176,100422,100,99948,100,100430,100,99946,100,100443,100,99944,200,100506,100,99935,100,100579,100,99910,100
2019-06-28 09:40:20.772226152,100127,176,100105,100,100132,176,100101,176,100137,176,100046,176,100270,176,100030,176,100284,176,99956,176,100422,100,99955,176,100430,100,99948,100,100443,100,99946,100,100506,100,99944,200,100579,100,99935,100
2019-06-28 09:40:29.544818354,100127,176,100101,176,100132,176,100046,176,100137,176,100030,176,100270,176,99956,176,100284,176,99955,176,100422,100,99948,100,100430,100,99946,100,100443,100,99944,200,100506,100,99935,100,100579,100,99910,100
2019-06-28 09:40:30.000000000,100127,478,100101,478,100132,100,100046,100,100137,100,100030,100,100270,100,99956,100,100284,100,99955,100,100422,100,99948,100,100430,100,99946,100,100443,100,99944,200,100506,100,99935,100,100579,100,99910,100
2019-06-28 09:40:40.000000000,100127,176,100101,176,100132,176,100046,176,100137,176,100030,176,100270,176,99956,176,100284,176,99955,176,100422,100,99948,100,100430,100,99946,100,100443,100,99944,200,100506,100,99935,100,100579,100,99910,100
2019-06-28 09:40:44.769908708,100105,100,100101,176,100127,176,100046,176,100132,176,100030,176,100137,176,99956,176,100270,176,99955,176,100284,176,99948,100,100422,100,99946,100,100430,100,99944,200,100443,100,99935,100,100506,100,99910,100
2019-06-28 09:40:49.924711529,100105,100,100101,76,100127,176,100046,176,100132,176,100030,176,100137,176,99956,176,100270,176,99955,176,100284,176,99948,100,100422,100,99946,100,100430,100,99944,200,100443,100,99935,100,100506,100,99910,100
2019-06-28 09:40:50.000000000,100105,194,100046,194,100127,194,100030,194,100132,194,99956,194,100137,194,99955,194,100270,100,99948,100,100284,100,99946,100,100422,100,99944,200,100430,100,99935,100,100443,100,99910,100,100506,100,99897,100
2019-06-28 09:41:00.000000000,100105,229,100046,229,100127,225,100030,225,100132,225,99956,225,100137,100,99955,100,100270,100,99948,100,100284,100,99946,100,100422,100,99944,200,100430,100,99935,100,100443,100,99910,100,100506,100,99897,100
2019-06-28 09:41:01.160488661,100105,229,100046,229,100127,225,100030,225,100132,225,99956,225,100137,100,99955,100,100138,100,99948,100,100270,100,99946,100,100284,100,99944,200,100422,100,99935,100,100430,100,99910,100,100443,100,99897,100
2019-06-28 09:41:07.826762958,100105,229,100046,129,100127,225,100030,225,100132,225,99956,225,100137,100,99955,100,100138,100,99948,100,100270,100,99946,100,100284,100,99944,200,100422,100,99935,100,100430,100,99910,100,100443,100,99897,100
2019-06-28 09:41:10.000000000,100105,176,100030,176,100127,176,99956,176,100132,176,99955,176,100137,176,99948,176,100138,176,99946,176,100270,100,99944,200,100284,100,99935,100,100422,100,99910,100,100430,100,99897,100,100443,100,99875,100
2019-06-28 09:41:20.000000000,100105,289,100030,289,100127,289,99956,289,100132,100,99955,100,100137,100,99948,100,100138,100,99946,100,100270,100,99944,200,100284,100,99935,100,100422,100,99910,100,100430,100,99897,100,100443,100,99875,100
2019-06-28 09:41:30.000000000,100105,289,100030,289,100127,289,99956,289,100132,100,99955,100,100137,100,99948,100,100138,100,99946,100,100270,100,99944,200,100284,100,99935,100,100422,100,99910,100,100430,100,99897,100,100443,100,99875,100
2019-06-28 09:41:32.877304149,100105,189,100030,289,100127,289,99956,289,100132,100,99955,100,100137,100,99948,100,100138,100,99946,100,100270,100,99944,200,100284,100,99935,100,100422,100,99910,100,100430,100,99875,100,100443,100,99874,200
2019-06-28 09:41:34.105252069,100105,189,100030,289,100127,289,99956,289,100132,100,99955,100,100137,100,99948,100,100138,100,99946,100,100270,100,99944,200,100284,100,99910,100,100303,100,99875,100,100422,100,99874,200,100430,100,99851,100
2019-06-28 09:41:40.000000000,100127,194,100030,194,100132,194,99956,194,100137,194,99955,194,100138,194,99948,194,100270,100,99946,100,100284,100,99944,200,100303,100,99910,100,100422,100,99875,100,100430,100,99874,200,100443,100,99851,100
2019-06-28 09:41:43.934279460,100127,94,100030,194,100132,194,99956,194,100137,194,99955,194,100138,194,99948,194,100270,100,99946,100,100284,100,99944,200,100303,100,99910,100,100422,100,99875,100,100430,100,99874,200,100443,100,99851,100
2019-06-28 09:41:49.825365070,100132,194,100127,6,100137,194,100030,194,100138,194,99956,194,100270,100,99955,194,100284,100,99948,194,100303,100,99946,100,100422,100,99944,200,100430,100,99910,100,100443,100,99875,100,100506,100,99874,200
2019-06-28 09:41:50.000000000,100132,478,100127,384,100137,100,100030,100,100138,100,99956,100,100270,100,99955,100,100284,100,99948,100,100303,100,99946,100,100422,100,99944,200,100430,100,99910,100,100443,100,99875,100,100506,100,99874,200
2019-06-28 09:41:55.944241807,100132,378,100127,384,100137,100,100030,100,100138,100,99956,100,100270,100,99955,100,100284,100,99948,100,100303,100,99946,100,100422,100,99944,200,100430,100,99910,100,100443,100,99875,100,100579,100,99874,200
2019-06-28 09:41:58.161394764,100132,278,100127,384,100137,100,100030,100,100270,100,99956,100,100284,100,99955,100,100303,100,99948,100,100422,100,99946,100,100430,100,99944,200,100443,100,99910,100,100579,100,99875,100,100674,100,99874,200
2019-06-28 09:42:00.000000000,100137,478,100127,384,100270,100,100030,100,100284,100,99956,100,100303,100,99955,100,100422,100,99948,100,100430,100,99946,100,100443,100,99944,200,100579,100,99910,100,100674,100,99875,100,100687,100,99874,200
2019-06-28 09:42:10.000000000,100137,194,100127,100,100270,194,100030,194,100284,194,99956,194,100303,194,99955,194,100422,100,99948,100,100430,100,99946,100,100443,100,99944,200,100579,100,99910,100,100674,100,99875,100,100687,100,99874,200
2019-06-28 09:42:20.000000000,100137,289,100127,195,100270,289,100030,289,100284,100,99956,100,100303,100,99955,100,100422,100,99948,100,100430,100,99946,100,100443,100,99944,200,100579,100,99910,100,100674,100,99875,100,100687,100,99874,200
2019-06-28 09:42:20.158036578,100137,289,100127,195,100238,100,100030,289,100270,289,99956,100,100284,100,99955,100,100303,100,99948,100,100422,100,99946,100,100430,100,99944,200,100443,100,99910,100,100579,100,99875,100,100674,100,99874,200
2019-06-28 09:42:22.585445476,100137,189,100127,195,100238,100,100030,289,100270,289,99956,100,100284,100,99955,100,100303,100,99948,100,100422,100,99946,100,100430,100,99944,100,100443,100,99910,100,100579,100,99875,100,100674,100,99874,200
2019-06-28 09:42:30.000000000,100238,289,100127,195,100270,289,100030,289,100284,100,99956,100,100303,100,99955,100,100422,100,99948,100,100430,100,99946,100,100443,100,99944,100,100579,100,99910,100,100674,100,99875,100,100687,100,99874,200
2019-06-28 09:42:40.000000000,100238,478,100127,384,100270,100,100030,100,100284,100,99956,100,100303,100,99955,100,100422,100,99948,100,100430,100,99946,100,100443,100,99944,100,100579,100,99910,100,100674,100,99875,100,100687,100,99874,200
2019-06-28 09:42:50.000000000,100238,176,100127,82,100270,176,100030,176,100284,176,99956,176,100303,176,99955,176,100422,176,99948,176,100430,100,99946,100,100443,100,99944,100,100579,100,99910,100,100674,100,99875,100,100687,100,99874,200
2019-06-28 09:42:52.205463310,100127,18,100030,176,100238,176,99956,176,100270,176,99955,176,100284,176,99948,176,100303,176,99946,100,100422,176,99944,100,100430,100,99910,100,100443,100,99875,100,100579,100,99874,100,100674,100,99851,100
2019-06-28 09:43:00.000000000,100127,112,100030,194,100238,194,99956,194,100270,194,99955,194,100284,194,99948,194,100303,100,99946,100,100422,100,99944,100,100430,100,99910,100,100443,100,99875,100,100579,100,99874,100,100674,100,99851,100
2019-06-28 09:43:10.000000000,100127,112,100030,194,100238,194,99956,194,100270,194,99955,194,100284,194,99948,194,100303,100,99946,100,100422,100,99944,100,100430,100,99910,100,100443,100,99875,100,100579,100,99874,100,100674,100,99851,100
2019-06-28 09:43:13.518163828,100127,112,100030,94,100238,194,99956,194,100270,194,99955,194,100284,194,99948,194,100303,100,99946,100,100422,100,99944,100,100430,100,99910,100,100443,100,99875,100,100579,100,99874,100,100674,100,99851,100
2019-06-28 09:43:16.661593477,100030,6,99956,194,100127,112,99955,194,100238,194,99948,194,100270,194,99946,100,100284,194,99944,100,100303,100,99910,100,100430,100,99875,100,100443,100,99874,100,100579,100,99851,100,100674,100,,
2019-06-28 09:43:20.000000000,100030,384,99956,478,100127,18,99955,100,100238,100,99948,100,100270,100,99946,100,100284,100,99944,100,100303,100,99910,100,100430,100,99875,100,100443,100,99874,100,100579,100,99851,100,100674,100,,
2019-06-28 09:43:20.069457100,100030,384,99956,478,100127,18,99955,100,100238,100,99948,100,100270,100,99946,100,100284,100,99944,100,100303,100,99910,100,100430,100,99875,100,100443,100,99874,100,100579,100,99851,100,100674,100,99541,100
2019-06-28 09:43:28.538367023,100030,384,99956,378,100127,18,99955,100,100238,100,99948,100,100270,100,99946,100,100284,100,99944,100,100303,100,99910,100,100430,100,99875,100,100443,100,99874,100,100579,100,99851,100,100674,100,99541,100
2019-06-28 09:43:30.000000000,100030,384,99955,478,100127,18,99948,100,100238,100,99946,100,100270,100,99944,100,100284,100,99910,100,100303,100,99875,100,100430,100,99874,100,100443,100,99851,100,100579,100,99541,100,100674,100,,
2019-06-28 09:43:40.000000000,100030,195,99955,289,100127,207,99948,289,100238,100,99946,100,100270,100,99944,100,100284,100,99910,100,100303,100,99875,100,100430,100,99874,100,100443,100,99851,100,100579,100,99541,100,100674,100,,
2019-06-28 09:43:44.283686805,100030,195,99957,100,100127,207,99955,289,100238,100,99948,289,100270,100,99946,100,100284,100,99944,100,100303,100,99910,100,100430,100,99875,100,100443,100,99874,100,100579,100,99851,100,100674,100,99541,100
2019-06-28 09:43:50.000000000,100030,195,99957,289,100127,207,99955,289,100238,100,99948,100,100270,100,99946,100,100284,100,99944,100,100303,100,99910,100,100430,100,99875,100,100443,100,99874,100,100579,100,99851,100,100674,100,99541,100
2019-06-28 09:43:54.675772925,100030,95,99957,289,100127,207,99955,289,100238,100,99948,100,100270,100,99946,100,100284,100,99944,100,100303,100,99910,100,100430,100,99875,100,100443,100,99874,100,100579,100,99851,100,100674,100,99541,100
2019-06-28 09:43:54.998496516,100030,95,99958,100,100127,207,99957,289,100238,100,99955,289,100270,100,99948,100,100284,100,99946,100,100303,100,99944,100,100430,100,99910,100,100443,100,99875,100,100579,100,99874,100,100674,100,99851,100
2019-06-28 09:44:00.000000000,100127,112,99958,194,100238,194,99957,194,100270,194,99955,194,100284,194,99948,194,100303,100,99946,100,100430,100,99944,100,100443,100,99910,100,100579,100,99875,100,100674,100,99874,100,100687,100,99851,100
2019-06-28 09:44:10.000000000,100127,94,99958,176,100238,176,99957,176,100270,176,99955,176,100284,176,99948,176,100303,176,99946,176,100430,100,99944,100,100443,100,99910,100,100579,100,99875,100,100674,100,99874,100,100687,100,99851,100
2019-06-28 09:44:15.332907201,100127,94,99958,176,100238,176,99957,176,100270,176,99955,176,100284,176,99948,176,100303,176,99946,176,100336,100,99944,100,100430,100,99910,100,100443,100,99875,100,100579,100,99874,100,100674,100,99851,100
2019-06-28 09:44:20.000000000,100127,112,99958,194,100238,194,99957,194,100270,194,99955,194,100284,194,99948,194,100303,100,99946,100,100336,100,99944,100,100430,100,99910,100,100443,100,99875,100,100579,100,99874,100,100674,100,99851,100
2019-06-28 09:44:30.000000000,100127,112,99958,194,100238,194,99957,194,100270,194,99955,194,100284,194,99948,194,100303,100,99946,100,100336,100,99944,100,100430,100,99910,100,100443,100,99875,100,100579,100,99874,100,100674,100,99851,100
2019-06-28 09:44:40.000000000,100127,396,99958,478,100238,100,99957,100,100270,100,99955,100,100284,100,99948,100,100303,100,99946,100,100336,100,99944,100,100430,100,99910,100,100443,100,99875,100,100579,100,99874,100,100674,100,99851,100
2019-06-28 09:44:47.946600771,100127,396,99958,478,100238,100,99957,100,100270,100,99955,100,100284,100,99948,100,100303,100,99946,100,100336,100,99944,100,100430,100,99910,100,100443,100,99875,100,100579,100,99874,100,100674,100,99851,100
2019-06-28 09:44:49.064156639,100127,396,99958,578,100238,100,99957,100,100270,100,99955,100,100284,100,99948,100,100303,100,99946,100,100336,100,99944,100,100430,100,99910,100,100443,100,99875,100,100579,100,99874,100,100674,100,99851,100
2019-06-28 09:44:50.000000000,100127,94,99958,276,100238,176,99957,176,100270,176,99955,176,100284,176,99948,176,100303,176,99946,176,100336,100,99944,100,100430,100,99910,100,100443,100,99875,100,100579,100,99874,100,100674,100,99851,100
2019-06-28 09:45:00.000000000,100127,396,99958,578,100238,100,99957,100,100270,100,99955,100,100284,100,99948,100,100303,100,99946,100,100336,100,99944,100,100430,100,99910,100,100443,100,99875,100,100579,100,99874,100,100674,100,99851,100
2019-06-28 09:45:10.000000000,100127,207,99958,389,100238,289,99957,289,100270,100,99955,100,100284,100,99948,100,100303,100,99946,100,100336,100,99944,100,100430,100,99910,100,100443,100,99875,100,100579,100,99874,100,100674,100,99851,100
2019-06-28 09:45:20.000000000,100127,94,99958,276,100238,176,99957,176,100270,176,99955,176,100284,176,99948,176,100303,176,99946,176,100336,100,99944,100,100430,100,99910,100,100443,100,99875,100,100579,100,99874,100,100674,100,99851,100
2019-06-28 09:45:24.270914310,100127,94,99958,276,100238,176,99957,176,100270,176,99955,176,100284,176,99948,176,100303,176,99946,176,100336,100,99944,100,100430,100,99910,100,100443,100,99875,100,100579,100,99874,100,100674,100,99851,100
2019-06-28 09:45:30.000000000,100127,147,99958,329,100238,225,99957,225,100270,225,99955,225,100284,100,99948,100,100303,100,99946,100,100336,100,99944,100,100430,100,99910,100,100443,100,99875,100,100579,100,99874,100,100674,100,99851,100
2019-06-28 09:45:39.942579393,100127,47,99958,329,100238,225,99957,225,100270,225,99955,225,100284,100,99948,100,100303,100,99946,100,100336,100,99944,100,100430,100,99910,100,100443,100,99875,100,100579,100,99874,100,100674,100,99851,100
2019-06-28 09:45:40.000000000,100238,176,99958,276,100270,176,99957,176,100284,176,99955,176,100303,176,99948,176,100336,176,99946,176,100430,100,99944,100,100443,100,99910,100,100579,100,99875,100,100674,100,99874,100,100687,100,99851,100
2019-06-28 09:45:45.295148808,100238,176,99958,176,100270,176,99957,176,100284,176,99955,176,100303,176,99948,176,100336,176,99946,176,100430,100,99944,100,100443,100,99910,100,100579,100,99875,100,100674,100,99874,100,100687,100,99851,100
2019-06-28 09:45:50.000000000,100238,176,99958,176,100270,176,99957,176,100284,176,99955,176,100303,176,99948,176,100336,176,99946,176,100430,100,99944,100,100443,100,99910,100,100579,100,99875,100,100674,100,99874,100,100687,100,99851,100
2019-06-28 09:45:50.307085472,100238,76,99958,176,100270,176,99957,176,100284,176,99955,176,100303,176,99948,176,100336,176,99946,176,100430,100,99944,100,100443,100,99910,100,100579,100,99875,100,100674,100,99874,100,100687,100,99851,100
2019-06-28 09:46:00.000000000,100270,229,99958,229,100284,225,99957,225,100303,225,99955,225,100336,100,99948,100,100430,100,99946,100,100443,100,99944,100,100579,100,99910,100,100674,100,99875,100,100687,100,99874,100,100813,100,99851,100
2019-06-28 09:46:06.897225201,100270,129,99958,229,100284,225,99957,225,100303,225,99955,225,100336,100,99948,100,100443,100,99946,100,100579,100,99944,100,100674,100,99910,100,100687,100,99875,100,100813,100,99874,100,100877,100,99851,100
2019-06-28 09:46:10.000000000,100284,229,99958,229,100303,225,99957,225,100336,225,99955,225,100443,100,99948,100,100579,100,99946,100,100674,100,99944,100,100687,100,99910,100,100813,100,99875,100,100877,100,99874,100,100951,100,99851,100
2019-06-28 09:46:20.000000000,100284,478,99958,478,100303,100,99957,100,100336,100,99955,100,100443,100,99948,100,100579,100,99946,100,100674,100,99944,100,100687,100,99910,100,100813,100,99875,100,100877,100,99874,100,100951,100,99851,100
2019-06-28 09:46:23.608558890,100284,378,99958,478,100303,100,99957,100,100336,100,99955,100,100443,100,99948,100,100579,100,99946,100,100674,100,99944,100,100687,100,99910,100,100877,100,99875,100,100951,100,99874,100,,,99851,100
2019-06-28 09:46:30.000000000,100303,176,99958,176,100336,176,99957,176,100443,176,99955,176,100579,176,99948,176,100674,176,99946,176,100687,100,99944,100,100877,100,99910,100,100951,100,99875,100,,,99874,100,,,99851,100
2019-06-28 09:46:40.000000000,100303,176,99958,176,100336,176,99957,176,100443,176,99955,176,100579,176,99948,176,100674,176,99946,176,100687,100,99944,100,100877,100,99910,100,100951,100,99875,100,,,99874,100,,,99851,100
2019-06-28 09:46:50.000000000,100303,176,99958,176,100336,176,99957,176,100443,176,99955,176,100579,176,99948,176,100674,176,99946,176,100687,100,99944,100,100877,100,99910,100,100951,100,99875,100,,,99874,100,,,99851,100
2019-06-28 09:47:00.000000000,100303,229,99958,229,100336,225,99957,225,100443,225,99955,225,100579,100,99948,100,100674,100,99946,100,100687,100,99944,100,100877,100,99910,100,100951,100,99875,100,,,99874,100,,,99851,100
2019-06-28 09:47:10.000000000,100303,289,99958,289,100336,289,99957,289,100443,100,99955,100,100579,100,99948,100,100674,100,99946,100,100687,100,99944,100,100877,100,99910,100,100951,100,99875,100,,,99874,100,,,99851,100
2019-06-28 09:47:20.000000000,100303,176,99958,176,100336,176,99957,176,100443,176,99955,176,100579,176,99948,176,100674,176,99946,176,100687,100,99944,100,100877,100,99910,100,100951,100,99875,100,,,99874,100,,,99851,100
2019-06-28 09:47:22.824623839,100269,100,99958,176,100303,176,99957,176,100336,176,99955,176,100443,176,99948,176,100579,176,99946,176,100674,176,99944,100,100687,100,99910,100,100877,100,99875,100,100951,100,99874,100,,,99851,100
2019-06-28 09:47:30.000000000,100269,194,99958,194,100303,194,99957,194,100336,194,99955,194,100443,194,99948,194,100579,100,99946,100,100674,100,99944,100,100687,100,99910,100,100877,100,99875,100,100951,100,99874,100,,,99851,100
2019-06-28 09:47:39.334673786,100269,194,99958,194,100283,100,99957,194,100303,194,99955,194,100336,194,99948,194,100443,194,99946,100,100579,100,99944,100,100674,100,99910,100,100687,100,99875,100,100877,100,99874,100,100951,100,99851,100
2019-06-28 09:47:40.000000000,100269,478,99958,478,100283,100,99957,100,100303,100,99955,100,100336,100,99948,100,100443,100,99946,100,100579,100,99944,100,100674,100,99910,100,100687,100,99875,100,100877,100,99874,100,100951,100,99851,100
2019-06-28 09:47:41.270527183,100269,478,99958,478,100283,100,99957,100,100303,100,99955,100,100336,100,99948,100,100443,100,99946,100,100459,100,99944,100,100579,100,99910,100,100674,100,99875,100,100687,100,99874,100,100877,100,99851,100
2019-06-28 09:47:50.000000000,100269,289,99958,289,100283,289,99957,289,100303,100,99955,100,100336,100,99948,100,100443,100,99946,100,100459,100,99944,100,100579,100,99910,100,100674,100,99875,100,100687,100,99874,100,100877,100,99851,100
2019-06-28 09:47:51.790962648,100269,289,100107,100,100283,289,99958,289,100303,100,99957,289,100336,100,99955,100,100443,100,99948,100,100459,100,99946,100,100579,100,99944,100,100674,100,99910,100,100687,100,99875,100,100877,100,99874,100
2019-06-28 09:48:00.000000000,100269,194,100107,194,100283,194,99958,194,100303,194,99957,194,100336,194,99955,194,100443,100,99948,100,100459,100,99946,100,100579,100,99944,100,100674,100,99910,100,100687,100,99875,100,100877,100,99874,100
2019-06-28 09:48:10.000000000,100269,478,100107,478,100283,100,99958,100,100303,100,99957,100,100336,100,99955,100,100443,100,99948,100,100459,100,99946,100,100579,100,99944,100,100674,100,99910,100,100687,100,99875,100,100877,100,99874,100
2019-06-28 09:48:20.000000000,100269,478,100107,478,100283,100,99958,100,100303,100,99957,100,100336,100,99955,100,100443,100,99948,100,100459,100,99946,100,100579,100,99944,100,100674,100,99910,100,100687,100,99875,100,100877,100,99874,100
2019-06-28 09:48:30.000000000,100269,194,100107,194,100283,194,99958,194,100303,194,99957,194,100336,194,99955,194,100443,100,99948,100,100459,100,99946,100,100579,100,99944,100,100674,100,99910,100,100687,100,99875,100,100877,100,99874,100
2019-06-28 09:48:40.000000000,100269,289,100107,289,100283,289,99958,289,100303,100,99957,100,100336,100,99955,100,100443,100,99948,100,100459,100,99946,100,100579,100,99944,100,100674,100,99910,100,100687,100,99875,100,100877,100,99874,100
2019-06-28 09:48:41.915322448,100269,189,100107,289,100283,289,99958,289,100303,100,99957,100,100336,100,99955,100,100443,100,99946,100,100459,100,99944,100,100579,100,99910,100,100674,100,99875,100,100687,100,99874,100,100877,100,99851,100
2019-06-28 09:48:50.000000000,100283,229,100107,229,100303,225,99958,225,100336,225,99957,225,100443,100,99955,100,100459,100,99946,100,100579,100,99944,100,100674,100,99910,100,100687,100,99875,100,100877,100,99874,100,100951,100,99851,100
2019-06-28 09:49:00.000000000,100283,289,100107,289,100303,289,99958,289,100336,100,99957,100,100443,100,99955,100,100459,100,99946,100,100579,100,99944,100,100674,100,99910,100,100687,100,99875,100,100877,100,99874,100,100951,100,99851,100
2019-06-28 09:49:10.000000000,100283,229,100107,229,100303,225,99958,225,100336,225,99957,225,100443,100,99955,100,100459,100,99946,100,100579,100,99944,100,100674,100,99910,100,100687,100,99875,100,100877,100,99874,100,100951,100,99851,100
2019-06-28 09:49:17.284589867,100283,229,100175,100,100303,225,100107,229,100336,225,99958,225,100443,100,99957,225,100459,100,99955,100,100579,100,99946,100,100674,100,99944,100,100687,100,99910,100,100877,100,99875,100,100951,100,99874,100
2019-06-28 09:49:20.000000000,100283,176,100175,176,100303,176,100107,176,100336,176,99958,176,100443,176,99957,176,100459,176,99955,176,100579,100,99946,100,100674,100,99944,100,100687,100,99910,100,100877,100,99875,100,100951,100,99874,100
2019-06-28 09:49:28.064776533,100268,100,100175,176,100283,176,100107,176,100303,176,99958,176,100336,176,99957,176,100443,176,99955,176,100459,176,99946,100,100579,100,99944,100,100674,100,99910,100,100687,100,99875,100,100877,100,99874,100
2019-06-28 09:49:30.000000000,100268,176,100175,176,100283,176,100107,176,100303,176,99958,176,100336,176,99957,176,100443,176,99955,176,100459,100,99946,100,100579,100,99944,100,100674,100,99910,100,100687,100,99875,100,100877,100,99874,100
2019-06-28 09:49:32.160667005,100268,176,100234,100,100283,176,100175,176,100303,176,100107,176,100336,176,99958,176,100443,176,99957,176,100459,100,99955,176,100579,100,99946,100,100674,100,99944,100,100687,100,99910,100,100877,100,99875,100
2019-06-28 09:49:38.925415626,100268,176,100234,100,100283,176,100175,176,100303,76,100109,100,100336,176,100107,176,100443,176,99958,176,100459,100,99957,176,100579,100,99955,176,100674,100,99946,100,100687,100,99944,100,100877,100,99910,100
2019-06-28 09:49:40.000000000,100268,176,100234,176,100283,176,100175,176,100336,176,100109,176,100443,176,100107,176,100459,176,99958,176,100579,100,99957,100,100674,100,99955,100,100687,100,99946,100,100877,100,99944,100,100951,100,99910,100
2019-06-28 09:49:44.805445718,100268,176,100234,176,100282,100,100175,176,100283,176,100109,176,100336,176,100107,176,100443,176,99958,176,100459,176,99957,100,100579,100,99955,100,100674,100,99946,100,100687,100,99944,100,100877,100,99910,100
2019-06-28 09:49:50.000000000,100268,229,100234,229,100282,225,100175,225,100283,225,100109,225,100336,100,100107,100,100443,100,99958,100,100459,100,99957,100,100579,100,99955,100,100674,100,99946,100,100687,100,99944,100,100877,100,99910,100
2019-06-28 09:49:53.600923398,100268,229,100234,229,100282,225,100175,225,100283,225,100109,225,100328,100,100107,100,100336,100,99958,100,100443,100,99957,100,100459,100,99955,100,100579,100,99946,100,100674,100,99944,100,100687,100,99910,100
2019-06-28 09:50:00.000000000,100268,229,100234,229,100282,225,100175,225,100283,225,100109,225,100328,100,100107,100,100336,100,99958,100,100443,100,99957,100,100459,100,99955,100,100579,100,99946,100,100674,100,99944,100,100687,100,99910,100
2019-06-28 09:50:06.485716080,100268,229,100234,229,100282,225,100175,225,100283,225,100109,225,100328,100,100107,100,100336,100,99958,100,100443,100,99957,100,100459,100,99946,100,100579,100,99944,100,100674,100,99910,100,100687,100,99875,100
2019-06-28 09:50:10.000000000,100268,229,100234,229,100282,225,100175,225,100283,225,100109,225,100328,100,100107,100,100336,100,99958,100,100443,100,99957,100,100459,100,99946,100,100579,100,99944,100,100674,100,99910,100,100687,100,99875,100
2019-06-28 09:50:19.393811735,100268,229,100234,129,100282,225,100175,225,100283,225,100109,225,100328,100,100107,100,100336,100,99958,100,100443,100,99957,100,100459,100,99946,100,100579,100,99944,100,100674,100,99910,100,100687,100,99875,100
2019-06-28 09:50:20.000000000,100268,289,100175,289,100282,289,100109,289,100283,100,100107,100,100328,100,99958,100,100336,100,99957,100,100443,100,99946,100,100459,100,99944,100,100579,100,99910,100,100674,100,99875,100,100687,100,99874,100
2019-06-28 09:50:30.000000000,100268,229,100175,229,100282,225,100109,225,100283,225,100107,225,100328,100,99958,100,100336,100,99957,100,100443,100,99946,100,100459,100,99944,100,100579,100,99910,100,100674,100,99875,100,100687,100,99874,100
2019-06-28 09:50:35.414907237,100268,229,100175,129,100282,225,100109,225,100283,225,100107,225,100328,100,99958,100,100336,100,99957,100,100443,100,99946,100,100459,100,99944,100,100579,100,99910,100,100674,100,99875,100,100687,100,99874,100
2019-06-28 09:50:40.000000000,100268,289,100109,289,100282,289,100107,289,100283,100,99958,100,100328,100,99957,100,100336,100,99946,100,100443,100,99944,100,100459,100,99910,100,100579,100,99875,100,100674,100,99874,100,100687,100,99851,100
2019-06-28 09:50:44.533444651,100268,289,100109,289,100282,289,100107,289,100283,100,99958,100,100328,100,99957,100,100336,100,99946,100,100443,100,99944,100,100459,100,99910,100,100579,100,99907,100,100674,100,99875,100,100687,100,99874,100
2019-06-28 09:50:49.192805762,100154,100,100109,289,100268,289,100107,289,100282,289,99958,100,100283,100,99957,100,100328,100,99946,100,100336,100,99944,100,100443,100,99910,100,100459,100,99907,100,100579,100,99875,100,100674,100,99874,100
2019-06-28 09:50:50.000000000,100154,176,100109,176,100268,176,100107,176,100282,176,99958,176,100283,176,99957,176,100328,176,99946,176,100336,100,99944,100,100443,100,99910,100,100459,100,99907,100,100579,100,99875,100,100674,100,99874,100
2019-06-28 09:51:00.000000000,100154,176,100109,176,100268,176,100107,176,100282,176,99958,176,100283,176,99957,176,100328,176,99946,176,100336,100,99944,100,100443,100,99910,100,100459,100,99907,100,100579,100,99875,100,100674,100,99874,100
2019-06-28 09:51:10.000000000,100154,478,100109,478,100268,100,100107,100,100282,100,99958,100,100283,100,99957,100,100328,100,99946,100,100336,100,99944,100,100443,100,99910,100,100459,100,99907,100,100579,100,99875,100,100674,100,99874,100
2019-06-28 09:51:13.176341049,100154,478,100109,478,100234,100,100107,100,100268,100,99958,100,100282,100,99957,100,100283,100,99946,100,100328,100,99944,100,100336,100,99910,100,100443,100,99907,100,100459,100,99875,100,100579,100,99874,100
2019-06-28 09:51:20.000000000,100154,478,100109,478,100234,100,100107,100,100268,100,99958,100,100282,100,99957,100,100283,100,99946,100,100328,100,99944,100,100336,100,99910,100,100443,100,99907,100,100459,100,99875,100,100579,100,99874,100
2019-06-28 09:51:30.000000000,100154,478,100109,478,100234,100,100107,100,100268,100,99958,100,100282,100,99957,100,100283,100,99946,100,100328,100,99944,100,100336,100,99910,100,100443,100,99907,100,100459,100,99875,100,100579,100,99874,100
2019-06-28 09:51:40.000000000,100154,289,100109,289,100234,289,100107,289,100268,100,99958,100,100282,100,99957,100,100283,100,99946,100,100328,100,99944,100,100336,100,99910,100,100443,100,99907,100,100459,100,99875,100,100579,100,99874,100
2019-06-28 09:51:50.000000000,100154,176,100109,176,100234,176,100107,176,100268,176,99958,176,100282,176,99957,176,100283,176,99946,176,100328,100,99944,100,100336,100,99910,100,100443,100,99907,100,100459,100,99875,100,100579,100,99874,100
2019-06-28 09:52:00.000000000,100154,194,100109,194,100234,194,100107,194,100268,194,99958,194,100282,194,99957,194,100283,100,99946,100,100328,100,99944,100,100336,100,99910,100,100443,100,99907,100,100459,100,99875,100,100579,100,99874,100
2019-06-28 09:52:05.518237506,100154,194,100109,194,100234,194,100107,194,100268,194,99958,194,100282,194,99957,194,100283,100,99946,100,100328,100,99944,100,100336,100,99910,100,100443,100,99907,100,100459,100,99875,100,100579,100,99874,100
2019-06-28 09:52:10.000000000,100154,176,100109,176,100234,176,100107,176,100268,176,99958,176,100282,176,99957,176,100283,176,99946,176,100328,100,99944,100,100336,100,99910,100,100443,100,99907,100,100459,100,99875,100,100579,100,99874,100
2019-06-28 09:52:20.000000000,100154,289,100109,289,100234,289,100107,289,100268,100,99958,100,100282,100,99957,100,100283,100,99946,100,100328,100,99944,100,100336,100,99910,100,100443,100,99907,100,100459,100,99875,100,100579,100,99874,100
2019-06-28 09:52:29.574111296,100154,289,100109,289,100234,289,100107,289,100268,100,99958,100,100282,100,99957,100,100283,100,99946,100,100328,100,99910,100,100336,100,99907,100,100443,100,99875,100,100459,100,99874,100,100579,100,99851,100
2019-06-28 09:52:30.000000000,100154,229,100109,229,100234,225,100107,225,100268,225,99958,225,100282,100,99957,100,100283,100,99946,100,100328,100,99910,100,100336,100,99907,100,100443,100,99875,100,100459,100,99874,100,100579,100,99851,100
2019-06-28 09:52:30.061581373,100154,229,100109,229,100234,225,100107,225,100268,225,99958,225,100282,100,99957,100,100283,100,99946,100,100328,100,99910,100,100336,100,99875,100,100443,100,99874,100,100459,100,99851,100,100579,100,99793,100
2019-06-28 09:52:33.074379069,100154,229,100109,129,100234,225,100107,225,100268,225,99958,225,100282,100,99957,100,100283,100,99946,100,100328,100,99910,100,100336,100,99875,100,100443,100,99874,100,100459,100,99851,100,100579,100,99793,100
2019-06-28 09:52:33.838652621,100154,229,100109,29,100234,225,100107,225,100268,225,99958,225,100282,100,99957,100,100283,100,99946,100,100328,100,99910,100,100336,100,99875,100,100443,100,99874,100,100459,100,99851,100,100579,100,99793,100
2019-06-28 09:52:40.000000000,100154,229,100107,229,100234,225,99958,225,100268,225,99957,225,100282,100,99946,100,100283,100,99910,100,100328,100,99875,100,100336,100,99874,100,100443,100,99851,100,100459,100,99793,100,100579,100,99541,100
2019-06-28 09:52:50.000000000,100154,289,100107,289,100234,289,99958,289,100268,100,99957,100,100282,100,99946,100,100283,100,99910,100,100328,100,99875,100,100336,100,99874,100,100443,100,99851,100,100459,100,99793,100,100579,100,99541,100
2019-06-28 09:53:00.000000000,100154,478,100107,478,100234,100,99958,100,100268,100,99957,100,100282,100,99946,100,100283,100,99910,100,100328,100,99875,100,100336,100,99874,100,100443,100,99851,100,100459,100,99793,100,100579,100,99541,100
2019-06-28 09:53:00.511980414,100154,478,100107,478,100234,100,99958,100,100268,100,99957,100,100282,100,99946,100,100283,100,99910,100,100328,100,99875,100,100443,100,99874,100,100459,100,99851,100,100579,100,99793,100,100674,100,99541,100
2019-06-28 09:53:10.000000000,100154,289,100107,289,100234,289,99958,289,100268,100,99957,100,100282,100,99946,100,100283,100,99910,100,100328,100,99875,100,100443,100,99874,100,100459,100,99851,100,100579,100,99793,100,100674,100,99541,100
2019-06-28 09:53:20.000000000,100154,478,100107,478,100234,100,99958,100,100268,100,99957,100,100282,100,99946,100,100283,100,99910,100,100328,100,99875,100,100443,100,99874,100,100459,100,99851,100,100579,100,99793,100,100674,100,99541,100
2019-06-28 09:53:25.406734560,100109,100,100107,478,100154,478,99958,100,100234,100,99957,100,100268,100,99946,100,100283,100,99910,100,100328,100,99875,100,100443,100,99874,100,100459,100,99851,100,100579,100,99793,100,100674,100,99541,100
2019-06-28 09:53:29.013881291,100109,200,100107,478,100154,478,99957,100,100234,100,99946,100,100268,100,99910,100,100283,100,99875,100,100328,100,99874,100,100443,100,99851,100,100459,100,99793,100,100579,100,99541,100,100674,100,99364,100
2019-06-28 09:53:30.000000000,100109,329,100107,229,100154,225,99957,225,100234,225,99946,225,100268,100,99910,100,100283,100,99875,100,100328,100,99874,100,100443,100,99851,100,100459,100,99793,100,100579,100,99541,100,100674,100,99364,100
2019-06-28 09:53:31.105223128,100109,329,100107,229,100154,225,99957,225,100234,225,99946,225,100268,100,99910,100,100283,100,99875,100,100328,100,99874,100,100443,100,99851,100,100459,100,99793,100,100579,100,99541,100,100674,100,99364,100
2019-06-28 09:53:40.000000000,100109,294,100107,194,100154,194,99957,194,100234,194,99946,194,100268,194,99910,194,100283,100,99875,100,100328,100,99874,100,100443,100,99851,100,100459,100,99793,100,100579,100,99541,100,100674,100,99364,100
2019-06-28 09:53:48.836427813,100109,294,100107,194,100154,194,99957,194,100234,194,99946,194,100268,194,99910,194,100283,100,99875,100,100328,100,99874,100,100443,100,99793,100,100459,100,99541,100,100579,100,99364,100,100674,100,99363,100
2019-06-28 09:53:49.150495838,100109,294,100107,194,100154,194,99957,194,100234,194,99946,194,100268,194,99910,194,100283,100,99875,100,100328,100,99874,100,100443,100,99793,100,100459,100,99541,100,100579,100,99364,100,100674,100,99363,100
2019-06-28 09:53:50.000000000,100109,294,100107,194,100154,194,99957,194,100234,194,99946,194,100268,194,99910,194,100283,100,99875,100,100328,100,99874,100,100443,100,99793,100,100459,100,99541,100,100579,100,99364,100,100674,100,99363,100
2019-06-28 09:54:00.000000000,100109,276,100107,176,100154,176,99957,176,100234,176,99946,176,100268,176,99910,176,100283,176,99875,176,100328,100,99874,100,100443,100,99793,100,100459,100,99541,100,100579,100,99364,100,100674,100,99363,100
2019-06-28 09:54:08.412057826,100109,376,100107,176,100154,176,99957,176,100234,176,99946,176,100268,176,99910,176,100283,176,99875,176,100328,100,99874,100,100443,100,99793,100,100459,100,99541,100,100579,100,99364,100,100674,100,99363,100
2019-06-28 09:54:10.000000000,100109,376,100107,176,100154,176,99957,176,100234,176,99946,176,100268,176,99910,176,100283,176,99875,176,100328,100,99874,100,100443,100,99793,100,100459,100,99541,100,100579,100,99364,100,100674,100,99363,100
2019-06-28 09:54:20.000000000,100109,394,100107,194,100154,194,99957,194,100234,194,99946,194,100268,194,99910,194,100283,100,99875,100,100328,100,99874,100,100443,100,99793,100,100459,100,99541,100,100579,100,99364,100,100674,100,99363,100
2019-06-28 09:54:23.506935827,100109,394,100107,194,100154,194,99957,194,100234,194,99946,194,100268,194,99910,194,100283,100,99875,100,100328,100,99874,100,100443,100,99793,100,100459,100,99541,100,100579,100,99364,100,100674,100,99363,100
2019-06-28 09:54:30.000000000,100109,429,100107,229,100154,225,99957,225,100234,225,99946,225,100268,100,99910,100,100283,100,99875,100,100328,100,99874,100,100443,100,99793,100,100459,100,99541,100,100579,100,99364,100,100674,100,99363,100
2019-06-28 09:54:32.471456852,100109,429,100107,129,100154,225,99957,225,100234,225,99946,125,100268,100,99910,100,100283,100,99875,100,100328,100,99874,100,100443,100,99793,100,100459,100,99541,100,100579,100,99364,100,100674,100,99363,100
2019-06-28 09:54:40.000000000,100109,678,99957,478,100154,100,99910,100,100234,100,99875,100,100268,100,99874,100,100283,100,99793,100,100328,100,99541,100,100443,100,99364,100,100459,100,99363,100,100579,100,99298,100,100674,100,99175,100
2019-06-28 09:54:42.616005827,100109,678,99957,478,100154,100,99910,100,100234,100,99875,100,100268,100,99874,100,100283,100,99793,100,100328,100,99541,100,100443,100,99387,100,100459,100,99364,100,100579,100,99363,100,100674,100,99298,100
2019-06-28 09:54:43.557611881,100109,678,99957,478,100154,100,99910,100,100234,100,99875,100,100268,100,99874,100,100283,100,99793,100,100328,100,99563,100,100443,100,99541,100,100459,100,99387,100,100579,100,99364,100,100674,100,99363,100
2019-06-28 09:54:50.000000000,100109,678,99957,478,100154,100,99910,100,100234,100,99875,100,100268,100,99874,100,100283,100,99793,100,100328,100,99563,100,100443,100,99541,100,100459,100,99387,100,100579,100,99364,100,100674,100,99363,100
2019-06-28 09:55:00.000000000,100109,429,99957,229,100154,225,99910,225,100234,225,99875,225,100268,100,99874,100,100283,100,99793,100,100328,100,99563,100,100443,100,99541,100,100459,100,99387,100,100579,100,99364,100,100674,100,99363,100
2019-06-28 09:55:01.889060747,100109,329,99957,229,100154,225,99910,225,100234,225,99875,225,100268,100,99874,100,100283,100,99793,100,100328,100,99563,100,100443,100,99541,100,100459,100,99387,100,100579,100,99364,100,100674,100,99363,100
2019-06-28 09:55:10.000000000,100109,294,99957,194,100154,194,99910,194,100234,194,99875,194,100268,194,99874,194,100283,100,99793,100,100328,100,99563,100,100443,100,99541,100,100459,100,99387,100,100579,100,99364,100,100674,100,99363,100
2019-06-28 09:55:20.000000000,100109,329,99957,229,100154,225,99910,225,100234,225,99875,225,100268,100,99874,100,100283,100,99793,100,100328,100,99563,100,100443,100,99541,100,100459,100,99387,100,100579,100,99364,100,100674,100,99363,100
2019-06-28 09:55:30.000000000,100109,276,99957,176,100154,176,99910,176,100234,176,99875,176,100268,176,99874,176,100283,176,99793,176,100328,100,99563,100,100443,100,99541,100,100459,100,99387,100,100579,100,99364,100,100674,100,99363,100
2019-06-28 09:55:40.000000000,100109,329,99957,229,100154,225,99910,225,100234,225,99875,225,100268,100,99874,100,100283,100,99793,100,100328,100,99563,100,100443,100,99541,100,100459,100,99387,100,100579,100,99364,100,100674,100,99363,100
2019-06-28 09:55:50.000000000,100109,276,99957,176,100154,176,99910,176,100234,176,99875,176,100268,176,99874,176,100283,176,99793,176,100328,100,99563,100,100443,100,99541,100,100459,100,99387,100,100579,100,99364,100,100674,100,99363,100
2019-06-28 09:56:00.000000000,100109,578,99957,478,100154,100,99910,100,100234,100,99875,100,100268,100,99874,100,100283,100,99793,100,100328,100,99563,100,100443,100,99541,100,100459,100,99387,100,100579,100,99364,100,100674,100,99363,100
2019-06-28 09:56:07.687800368,100109,478,99957,478,100154,100,99910,100,100234,100,99875,100,100268,100,99874,100,100283,100,99793,100,100328,100,99563,100,100443,100,99541,100,100459,100,99387,100,100579,100,99364,100,100674,100,99363,100
2019-06-28 09:56:10.000000000,100109,289,99957,289,100154,289,99910,289,100234,100,99875,100,100268,100,99874,100,100283,100,99793,100,100328,100,99563,100,100443,100,99541,100,100459,100,99387,100,100579,100,99364,100,100674,100,99363,100
2019-06-28 09:56:20.000000000,100109,289,99957,289,100154,289,99910,289,100234,100,99875,100,100268,100,99874,100,100283,100,99793,100,100328,100,99563,100,100443,100,99541,100,100459,100,99387,100,100579,100,99364,100,100674,100,99363,100
2019-06-28 09:56:29.765521442,100109,189,99957,289,100154,289,99910,289,100234,100,99875,100,100268,100,99874,100,100283,100,99793,100,100328,100,99563,100,100443,100,99541,100,100459,100,99387,100,100579,100,99364,100,100674,100,99363,100
2019-06-28 09:56:30.000000000,100154,229,99957,229,100234,225,99910,225,100268,225,99875,225,100283,100,99874,100,100328,100,99793,100,100443,100,99563,100,100459,100,99541,100,100579,100,99387,100,100674,100,99364,100,100687,100,99363,100
2019-06-28 09:56:30.854983786,100154,229,99957,229,100234,225,99910,225,100268,225,99875,225,100283,100,99874,100,100328,100,99793,100,100443,100,99563,100,100459,100,99541,100,100565,100,99387,100,100579,100,99364,100,100674,100,99363,100
2019-06-28 09:56:40.000000000,100154,176,99957,176,100234,176,99910,176,100268,176,99875,176,100283,176,99874,176,100328,176,99793,176,100443,100,99563,100,100459,100,99541,100,100565,100,99387,100,100579,100,99364,100,100674,100,99363,100
2019-06-28 09:56:44.294401268,100154,176,100123,100,100234,176,99957,176,100268,176,99910,176,100283,176,99875,176,100328,176,99874,176,100443,100,99793,176,100459,100,99563,100,100565,100,99541,100,100579,100,99387,100,100674,100,99364,100
2019-06-28 09:56:47.891694918,100154,176,100123,100,100234,176,99957,176,100268,176,99910,176,100283,176,99877,100,100328,176,99875,176,100443,100,99874,176,100459,100,99793,176,100565,100,99563,100,100579,100,99541,100,100674,100,99387,100
2019-06-28 09:56:48.910518534,100154,176,100128,100,100234,176,100123,100,100268,176,99957,176,100283,176,99910,176,100328,176,99877,100,100443,100,99875,176,100459,100,99874,176,100565,100,99793,176,100579,100,99563,100,100674,100,99541,100
2019-06-28 09:56:50.000000000,100154,176,100128,176,100234,176,100123,176,100268,176,99957,176,100283,176,99910,176,100328,176,99877,176,100443,100,99875,100,100459,100,99874,100,100565,100,99793,100,100579,100,99563,100,100674,100,99541,100
2019-06-28 09:56:52.220860320,100154,176,100128,176,100234,176,100123,176,100268,176,100086,100,100283,176,99957,176,100328,176,99910,176,100443,100,99877,176,100459,100,99875,100,100565,100,99874,100,100579,100,99793,100,100674,100,99563,100
2019-06-28 09:57:00.000000000,100154,289,100128,289,100234,289,100123,289,100268,100,100086,100,100283,100,99957,100,100328,100,99910,100,100443,100,99877,100,100459,100,99875,100,100565,100,99874,100,100579,100,99793,100,100674,100,99563,100
2019-06-28 09:57:10.000000000,100154,229,100128,229,100234,225,100123,225,100268,225,100086,225,100283,100,99957,100,100328,100,99910,100,100443,100,99877,100,100459,100,99875,100,100565,100,99874,100,100579,100,99793,100,100674,100,99563,100
2019-06-28 09:57:20.000000000,100154,478,100128,478,100234,100,100123,100,100268,100,100086,100,100283,100,99957,100,100328,100,99910,100,100443,100,99877,100,100459,100,99875,100,100565,100,99874,100,100579,100,99793,100,100674,100,99563,100
2019-06-28 09:57:30.000000000,100154,478,100128,478,100234,100,100123,100,100268,100,100086,100,100283,100,99957,100,100328,100,99910,100,100443,100,99877,100,100459,100,99875,100,100565,100,99874,100,100579,100,99793,100,100674,100,99563,100
2019-06-28 09:57:40.000000000,100154,289,100128,289,100234,289,100123,289,100268,100,100086,100,100283,100,99957,100,100328,100,99910,100,100443,100,99877,100,100459,100,99875,100,100565,100,99874,100,100579,100,99793,100,100674,100,99563,100
2019-06-28 09:57:46.613700239,100154,289,100128,289,100234,289,100123,289,100268,100,100086,100,100283,100,99957,100,100328,100,99926,100,100443,100,99910,100,100459,100,99877,100,100565,100,99875,100,100674,100,99874,100,100687,100,99793,100
2019-06-28 09:57:50.000000000,100154,176,100128,176,100234,176,100123,176,100268,176,100086,176,100283,176,99957,176,100328,176,99926,176,100443,100,99910,100,100459,100,99877,100,100565,100,99875,100,100674,100,99874,100,100687,100,99793,100
2019-06-28 09:57:56.613571941,100154,76,100128,176,100234,176,100123,176,100268,176,100086,176,100283,176,99957,176,100328,176,99926,176,100443,100,99910,100,100459,100,99877,100,100565,100,99875,100,100674,100,99874,100,100687,100,99793,100
2019-06-28 09:58:00.000000000,100234,478,100128,478,100268,100,100123,100,100283,100,100086,100,100328,100,99957,100,100443,100,99926,100,100459,100,99910,100,100565,100,99877,100,100674,100,99875,100,100687,100,99874,100,100877,100,99793,100
2019-06-28 09:58:07.385440980,100234,478,100128,478,100268,100,100123,100,100283,100,100086,100,100328,100,99957,100,100443,100,99926,100,100459,100,99921,100,100565,100,99910,100,100674,100,99877,100,100687,100,99875,100,100877,100,99874,100
2019-06-28 09:58:10.000000000,100234,176,100128,176,100268,176,100123,176,100283,176,100086,176,100328,176,99957,176,100443,176,99926,176,100459,100,99921,100,100565,100,99910,100,100674,100,99877,100,100687,100,99875,100,100877,100,99874,100
2019-06-28 09:58:18.738514600,100234,176,100128,176,100268,176,100123,176,100283,176,100086,276,100328,176,99957,176,100443,176,99926,176,100459,100,99921,100,100565,100,99910,100,100674,100,99877,100,100687,100,99875,100,100877,100,99874,100
2019-06-28 09:58:20.000000000,100234,229,100128,229,100268,225,100123,225,100283,225,100086,325,100328,100,99957,100,100443,100,99926,100,100459,100,99921,100,100565,100,99910,100,100674,100,99877,100,100687,100,99875,100,100877,100,99874,100
2019-06-28 09:58:26.436244760,100234,229,100128,129,100268,225,100123,225,100283,225,100086,325,100328,100,99957,100,100443,100,99926,100,100459,100,99921,100,100565,100,99910,100,100674,100,99877,100,100687,100,99875,100,100877,100,99874,100
2019-06-28 09:58:30.000000000,100234,478,100123,478,100268,100,100086,200,100283,100,99957,100,100328,100,99926,100,100443,100,99921,100,100459,100,99910,100,100565,100,99877,100,100674,100,99875,100,100687,100,99874,100,100877,100,99793,100
2019-06-28 09:58:40.000000000,100234,229,100123,229,100268,225,100086,325,100283,225,99957,225,100328,100,99926,100,100443,100,99921,100,100459,100,99910,100,100565,100,99877,100,100674,100,99875,100,100687,100,99874,100,100877,100,99793,100
2019-06-28 09:58:50.000000000,100234,229,100123,229,100268,225,100086,325,100283,225,99957,225,100328,100,99926,100,100443,100,99921,100,100459,100,99910,100,100565,100,99877,100,100674,100,99875,100,100687,100,99874,100,100877,100,99793,100
2019-06-28 09:58:52.705207965,100234,229,100123,229,100268,225,100086,325,100283,225,99957,225,100328,100,99926,100,100443,100,99921,100,100459,100,99910,100,100565,100,99877,100,100674,100,99875,100,100687,100,99874,100,100749,100,99793,100
2019-06-28 09:59:00.000000000,100234,229,100123,229,100268,225,100086,325,100283,225,99957,225,100328,100,99926,100,100443,100,99921,100,100459,100,99910,100,100565,100,99877,100,100674,100,99875,100,100687,100,99874,100,100749,100,99793,100
2019-06-28 09:59:10.000000000,100234,176,100123,176,100268,176,100086,276,100283,176,99957,176,100328,176,99926,176,100443,176,99921,176,100459,100,99910,100,100565,100,99877,100,100674,100,99875,100,100687,100,99874,100,100749,100,99793,100
2019-06-28 09:59:20.000000000,100234,229,100123,229,100268,225,100086,325,100283,225,99957,225,100328,100,99926,100,100443,100,99921,100,100459,100,99910,100,100565,100,99877,100,100674,100,99875,100,100687,100,99874,100,100749,100,99793,100
2019-06-28 09:59:30.000000000,100234,229,100123,229,100268,225,100086,325,100283,225,99957,225,100328,100,99926,100,100443,100,99921,100,100459,100,99910,100,100565,100,99877,100,100674,100,99875,100,100687,100,99874,100,100749,100,99793,100
2019-06-28 09:59:33.758257050,100234,129,100123,229,100268,225,100086,325,100283,225,99957,225,100328,100,99926,100,100443,100,99921,100,100459,100,99910,100,100565,100,99877,100,100674,100,99875,100,100749,100,99874,100,100877,100,99793,100
2019-06-28 09:59:36.402429397,100234,129,100123,229,100268,225,100113,100,100283,225,100086,325,100328,100,99957,225,100443,100,99926,100,100459,100,99921,100,100565,100,99910,100,100749,100,99877,100,100877,100,99875,100,100951,100,99874,100
2019-06-28 09:59:40.000000000,100268,289,100123,289,100283,289,100113,289,100328,100,100086,200,100443,100,99957,100,100459,100,99926,100,100565,100,99921,100,100749,100,99910,100,100877,100,99877,100,100951,100,99875,100,,,99874,100
2019-06-28 09:59:50.000000000,100268,289,100123,289,100283,289,100113,289,100328,100,100086,200,100443,100,99957,100,100459,100,99926,100,100565,100,99921,100,100749,100,99910,100,100877,100,99877,100,100951,100,99875,100,,,99874,100
2019-06-28 09:59:54.469555792,100268,289,100123,289,100283,289,100113,289,100328,100,100086,100,100443,100,99958,100,100459,100,99957,100,100565,100,99926,100,100749,100,99921,100,100877,100,99910,100,100951,100,99877,100,,,99875,100
2019-06-28 10:00:00.000000000,100268,478,100123,478,100283,100,100113,100,100328,100,100086,100,100443,100,99958,100,100459,100,99957,100,100565,100,99926,100,100749,100,99921,100,100877,100,99910,100,100951,100,99877,100,,,99875,100
2019-06-28 10:00:04.511124288,100268,478,100123,478,100283,100,100113,100,100328,100,100096,100,100443,100,100086,100,100459,100,99958,100,100565,100,99957,100,100749,100,99926,100,100877,100,99921,100,100951,100,99910,100,,,99877,100
2019-06-28 10:00:10.000000000,100268,194,100123,194,100283,194,100113,194,100328,194,100096,194,100443,194,100086,194,100459,100,99958,100,100565,100,99957,100,100749,100,99926,100,100877,100,99921,100,100951,100,99910,100,,,99877,100
2019-06-28 10:00:13.537299085,100268,194,100123,194,100283,194,100113,194,100287,100,100096,194,100328,194,100086,194,100443,194,99958,100,100459,100,99957,100,100565,100,99926,100,100749,100,99910,100,100877,100,99877,100,100951,100,99875,100
2019-06-28 10:00:20.000000000,100268,176,100123,176,100283,176,100113,176,100287,176,100096,176,100328,176,100086,176,100443,176,99958,176,100459,100,99957,100,100565,100,99926,100,100749,100,99910,100,100877,100,99877,100,100951,100,99875,100
2019-06-28 10:00:30.000000000,100268,478,100123,478,100283,100,100113,100,100287,100,100096,100,100328,100,100086,100,100443,100,99958,100,100459,100,99957,100,100565,100,99926,100,100749,100,99910,100,100877,100,99877,100,100951,100,99875,100
2019-06-28 10:00:40.000000000,100268,289,100123,289,100283,289,100113,289,100287,100,100096,100,100328,100,100086,100,100443,100,99958,100,100459,100,99957,100,100565,100,99926,100,100749,100,99910,100,100877,100,99877,100,100951,100,99875,100
2019-06-28 10:00:50.000000000,100268,194,100123,194,100283,194,100113,194,100287,194,100096,194,100328,194,100086,194,100443,100,99958,100,100459,100,99957,100,100565,100,99926,100,100749,100,99910,100,100877,100,99877,100,100951,100,99875,100
2019-06-28 10:01:00.000000000,100268,194,100123,194,100283,194,100113,194,100287,194,100096,194,100328,194,100086,194,100443,100,99958,100,100459,100,99957,100,100565,100,99926,100,100749,100,99910,100,100877,100,99877,100,100951,100,99875,100
2019-06-28 10:01:10.000000000,100268,194,100123,194,100283,194,100113,194,100287,194,100096,194,100328,194,100086,194,100443,100,99958,100,100459,100,99957,100,100565,100,99926,100,100749,100,99910,100,100877,100,99877,100,100951,100,99875,100
2019-06-28 10:01:20.000000000,100268,176,100123,176,100283,176,100113,176,100287,176,100096,176,100328,176,100086,176,100443,176,99958,176,100459,100,99957,100,100565,100,99926,100,100749,100,99910,100,100877,100,99877,100,100951,100,99875,100
2019-06-28 10:01:26.502541576,100268,176,100123,176,100283,176,100113,176,100287,176,100096,176,100328,176,100086,76,100443,176,99958,176,100459,100,99957,100,100565,100,99926,100,100749,100,99910,100,100877,100,99877,100,100951,100,99875,100
2019-06-28 10:01:28.441896315,100268,176,100123,76,100283,176,100113,176,100287,176,100096,176,100328,176,100086,76,100443,176,99958,176,100459,100,99957,100,100565,100,99926,100,100749,100,99910,100,100877,100,99877,100,100951,100,99875,100
2019-06-28 10:01:30.000000000,100268,176,100113,176,100283,176,100096,176,100287,176,99958,176,100328,176,99957,176,100443,176,99926,176,100459,100,99910,100,100565,100,99877,100,100749,100,99875,100,100877,100,99874,100,100951,100,99793,100
2019-06-28 10:01:40.000000000,100268,229,100113,229,100283,225,100096,225,100287,225,99958,225,100328,100,99957,100,100443,100,99926,100,100459,100,99910,100,100565,100,99877,100,100749,100,99875,100,100877,100,99874,100,100951,100,99793,100
2019-06-28 10:01:43.467786591,100268,229,100113,229,100283,225,100096,225,100287,225,99958,225,100328,100,99957,100,100443,100,99926,100,100459,100,99910,100,100565,100,99877,100,100749,100,99875,100,100877,100,99874,100,100951,100,99793,100
2019-06-28 10:01:50.000000000,100268,194,100113,194,100283,194,100096,194,100287,194,99958,194,100328,194,99957,194,100443,100,99926,100,100459,100,99910,100,100565,100,99877,100,100749,100,99875,100,100877,100,99874,100,100951,100,99793,100
2019-06-28 10:02:00.000000000,100268,176,100113,176,100283,176,100096,176,100287,176,99958,176,100328,176,99957,176,100443,176,99926,176,100459,100,99910,100,100565,100,99877,100,100749,100,99875,100,100877,100,99874,100,100951,100,99793,100
2019-06-28 10:02:10.000000000,100268,478,100113,478,100283,100,100096,100,100287,100,99958,100,100328,100,99957,100,100443,100,99926,100,100459,100,99910,100,100565,100,99877,100,100749,100,99875,100,100877,100,99874,100,100951,100,99793,100
2019-06-28 10:02:20.000000000,100268,176,100113,176,100283,176,100096,176,100287,176,99958,176,100328,176,99957,176,100443,176,99926,176,100459,100,99910,100,100565,100,99877,100,100749,100,99875,100,100877,100,99874,100,100951,100,99793,100
2019-06-28 10:02:21.775512268,100268,176,100113,76,100283,176,100096,176,100287,176,99958,176,100328,176,99957,176,100443,176,99926,176,100459,100,99910,100,100565,100,99877,100,100749,100,99875,100,100877,100,99874,100,100951,100,99793,100
2019-06-28 10:02:30.000000000,100268,194,100096,194,100283,194,99958,194,100287,194,99957,194,100328,194,99926,194,100443,100,99910,100,100459,100,99877,100,100565,100,99875,100,100749,100,99874,100,100877,100,99793,100,100951,100,99563,100
2019-06-28 10:02:33.183700863,100123,100,100096,194,100268,194,99958,194,100283,194,99957,194,100287,194,99926,194,100328,194,99910,100,100443,100,99877,100,100459,100,99875,100,100565,100,99874,100,100749,100,99793,100,100877,100,99563,100
2019-06-28 10:02:40.000000000,100123,478,100096,478,100268,100,99958,100,100283,100,99957,100,100287,100,99926,100,100328,100,99910,100,100443,100,99877,100,100459,100,99875,100,100565,100,99874,100,100749,100,99793,100,100877,100,99563,100
2019-06-28 10:02:50.000000000,100123,229,100096,229,100268,225,99958,225,100283,225,99957,225,100287,100,99926,100,100328,100,99910,100,100443,100,99877,100,100459,100,99875,100,100565,100,99874,100,100749,100,99793,100,100877,100,99563,100
2019-06-28 10:02:56.498025235,100123,329,100096,229,100268,225,99958,225,100283,225,99957,225,100287,100,99926,100,100328,100,99910,100,100443,100,99877,100,100459,100,99875,100,100565,100,99874,100,100749,100,99793,100,100877,100,99563,100
2019-06-28 10:03:00.000000000,100123,578,100096,478,100268,100,99958,100,100283,100,99957,100,100287,100,99926,100,100328,100,99910,100,100443,100,99877,100,100459,100,99875,100,100565,100,99874,100,100749,100,99793,100,100877,100,99563,100
2019-06-28 10:03:10.000000000,100123,294,100096,194,100268,194,99958,194,100283,194,99957,194,100287,194,99926,194,100328,100,99910,100,100443,100,99877,100,100459,100,99875,100,100565,100,99874,100,100749,100,99793,100,100877,100,99563,100
2019-06-28 10:03:20.000000000,100123,276,100096,176,100268,176,99958,176,100283,176,99957,176,100287,176,99926,176,100328,176,99910,176,100443,100,99877,100,100459,100,99875,100,100565,100,99874,100,100749,100,99793,100,100877,100,99563,100
2019-06-28 10:03:25.948866169,100123,276,100096,76,100268,176,99958,176,100283,176,99957,176,100287,176,99926,176,100328,176,99910,176,100443,100,99877,100,100459,100,99875,100,100565,100,99874,100,100749,100,99793,100,100877,100,99563,100
2019-06-28 10:03:30.000000000,100123,578,99958,478,100268,100,99957,100,100283,100,99926,100,100287,100,99910,100,100328,100,99877,100,100443,100,99875,100,100459,100,99874,100,100565,100,99793,100,100749,100,99563,100,100877,100,99541,100
2019-06-28 10:03:40.000000000,100123,389,99958,289,100268,289,99957,289,100283,100,99926,100,100287,100,99910,100,100328,100,99877,100,100443,100,99875,100,100459,100,99874,100,100565,100,99793,100,100749,100,99563,100,100877,100,99541,100
2019-06-28 10:03:47.002144007,100113,100,99958,289,100123,289,99957,289,100268,289,99926,100,100283,100,99910,100,100287,100,99877,100,100328,100,99875,100,100443,100,99874,100,100459,100,99793,100,100565,100,99563,100,100749,100,99541,100
2019-06-28 10:03:50.000000000,100113,478,99958,478,100123,100,99957,100,100268,100,99926,100,100283,100,99910,100,100287,100,99877,100,100328,100,99875,100,100443,100,99874,100,100459,100,99793,100,100565,100,99563,100,100749,100,99541,100
2019-06-28 10:03:59.992046504,100113,478,99958,478,100123,100,99957,100,100268,100,99926,100,100283,100,99910,100,100287,100,99877,100,100328,100,99875,100,100443,100,99874,100,100459,100,99793,100,100565,100,99563,100,100749,100,99541,100
2019-06-28 10:04:00.000000000,100113,176,99958,176,100123,176,99957,176,100268,176,99926,176,100283,176,99910,176,100287,176,99877,176,100328,100,99875,100,100443,100,99874,100,100459,100,99793,100,100565,100,99563,100,100749,100,99541,100
2019-06-28 10:04:10.000000000,100113,229,99958,229,100123,225,99957,225,100268,225,99926,225,100283,100,99910,100,100287,100,99877,100,100328,100,99875,100,100443,100,99874,100,100459,100,99793,100,100565,100,99563,100,100749,100,99541,100
2019-06-28 10:04:20.000000000,100113,194,99958,194,100123,194,99957,194,100268,194,99926,194,100283,194,99910,194,100287,100,99877,100,100328,100,99875,100,100443,100,99874,100,100459,100,99793,100,100565,100,99563,100,100749,100,99541,100
2019-06-28 10:04:30.000000000,100113,289,99958,289,100123,289,99957,289,100268,100,99926,100,100283,100,99910,100,100287,100,99877,100,100328,100,99875,100,100443,100,99874,100,100459,100,99793,100,100565,100,99563,100,100749,100,99541,100
2019-06-28 10:04:35.065943657,100113,289,99958,189,100123,289,99957,289,100268,100,99926,100,100283,100,99910,100,100287,100,99877,100,100328,100,99875,100,100443,100,99874,100,100459,100,99793,100,100565,100,99563,100,100749,100,99541,100
2019-06-28 10:04:40.000000000,100113,229,99957,229,100123,225,99926,225,100268,225,99910,225,100283,100,99877,100,100287,100,99875,100,100328,100,99874,100,100443,100,99793,100,100459,100,99563,100,100565,100,99541,100,100749,100,99498,100
2019-06-28 10:04:47.727702457,100113,229,99957,229,100123,225,99926,225,100268,225,99910,225,100283,100,99877,100,100287,100,99875,100,100328,100,99874,100,100443,100,99793,100,100459,100,99563,100,100565,100,99541,100,100877,100,99498,100
2019-06-28 10:04:50.000000000,100113,289,99957,289,100123,289,99926,289,100268,100,99910,100,100283,100,99877,100,100287,100,99875,100,100328,100,99874,100,100443,100,99793,100,100459,100,99563,100,100565,100,99541,100,100877,100,99498,100
2019-06-28 10:05:00.000000000,100113,289,99957,289,100123,289,99926,289,100268,100,99910,100,100283,100,99877,100,100287,100,99875,100,100328,100,99874,100,100443,100,99793,100,100459,100,99563,100,100565,100,99541,100,100877,100,99498,100
2019-06-28 10:05:03.104030225,100113,289,99957,289,100123,289,99926,289,100283,100,99910,100,100287,100,99877,100,100328,100,99875,100,100443,100,99874,100,100459,100,99793,100,100565,100,99563,100,100877,100,99541,100,100951,100,99498,100
2019-06-28 10:05:04.280537000,100113,289,99957,189,100123,289,99926,289,100283,100,99910,100,100287,100,99877,100,100328,100,99875,100,100443,100,99874,100,100459,100,99793,100,100565,100,99563,100,100877,100,99541,100,100951,100,99498,100
2019-06-28 10:05:10.000000000,100113,478,99926,478,100123,100,99910,100,100283,100,99877,100,100287,100,99875,100,100328,100,99874,100,100443,100,99793,100,100459,100,99563,100,100565,100,99541,100,100877,100,99498,100,100951,100,99364,100
2019-06-28 10:05:10.952573121,99958,100,99926,478,100113,478,99910,100,100123,100,99877,100,100283,100,99875,100,100287,100,99874,100,100328,100,99793,100,100443,100,99563,100,100459,100,99541,100,100565,100,99498,100,100877,100,99364,100
2019-06-28 10:05:20.000000000,99958,478,99926,478,100113,100,99910,100,100123,100,99877,100,100283,100,99875,100,100287,100,99874,100,100328,100,99793,100,100443,100,99563,100,100459,100,99541,100,100565,100,99498,100,100877,100,99364,100
2019-06-28 10:05:28.202719060,99958,478,99926,478,100113,100,99910,100,100123,100,99877,100,100287,100,99875,100,100328,100,99874,100,100443,100,99793,100,100459,100,99563,100,100565,100,99541,100,100877,100,99498,100,100951,100,99364,100
2019-06-28 10:05:30.000000000,99958,194,99926,194,100113,194,99910,194,100123,194,99877,194,100287,194,99875,194,100328,100,99874,100,100443,100,99793,100,100459,100,99563,100,100565,100,99541,100,100877,100,99498,100,100951,100,99364,100
2019-06-28 10:05:40.000000000,99958,289,99926,289,100113,289,99910,289,100123,100,99877,100,100287,100,99875,100,100328,100,99874,100,100443,100,99793,100,100459,100,99563,100,100565,100,99541,100,100877,100,99498,100,100951,100,99364,100
2019-06-28 10:05:50.000000000,99958,289,99926,289,100113,289,99910,289,100123,100,99877,100,100287,100,99875,100,100328,100,99874,100,100443,100,99793,100,100459,100,99563,100,100565,100,99541,100,100877,100,99498,100,100951,100,99364,100
2019-06-28 10:05:57.677537801,99958,289,99926,189,100113,289,99910,289,100123,100,99877,100,100287,100,99875,100,100328,100,99874,100,100443,100,99793,100,100459,100,99563,100,100565,100,99541,100,100877,100,99498,100,100951,100,99364,100
2019-06-28 10:06:00.000000000,99958,289,99910,289,100113,289,99877,289,100123,100,99875,100,100287,100,99874,100,100328,100,99793,100,100443,100,99563,100,100459,100,99541,100,100565,100,99498,100,100877,100,99364,100,100951,100,99363,100
2019-06-28 10:06:07.313028359,99958,289,99910,289,100113,289,99877,189,100123,100,99875,100,100287,100,99874,100,100328,100,99793,100,100443,100,99563,100,100459,100,99541,100,100565,100,99498,100,100877,100,99364,100,100951,100,99363,100
2019-06-28 10:06:10.000000000,99958,229,99910,229,100113,225,99875,225,100123,225,99874,225,100287,100,99793,100,100328,100,99563,100,100443,100,99541,100,100459,100,99498,100,100565,100,99364,100,100877,100,99363,100,100951,100,99298,100
2019-06-28 10:06:11.401895154,99958,229,99910,129,100113,225,99875,225,100123,225,99874,225,100287,100,99793,100,100328,100,99541,100,100443,100,99498,100,100459,100,99364,100,100565,100,99363,100,100877,100,99298,100,100951,100,99284,100
2019-06-28 10:06:14.689948255,99958,229,99910,129,100113,225,99875,225,100123,225,99874,225,100287,100,99793,100,100328,100,99541,100,100443,100,99498,100,100459,100,99364,100,100565,100,99363,100,100877,100,99298,100,100951,100,99284,100
2019-06-28 10:06:20.000000000,99958,478,99875,478,100113,100,99874,100,100123,100,99793,100,100287,100,99541,100,100328,100,99498,100,100443,100,99364,100,100459,100,99363,100,100565,100,99298,100,100877,100,99284,100,100951,100,99228,100
2019-06-28 10:06:30.000000000,99958,289,99875,289,100113,289,99874,289,100123,100,99793,100,100287,100,99541,100,100328,100,99498,100,100443,100,99364,100,100459,100,99363,100,100565,100,99298,100,100877,100,99284,100,100951,100,99228,100
2019-06-28 10:06:40.000000000,99958,478,99875,478,100113,100,99874,100,100123,100,99793,100,100287,100,99541,100,100328,100,99498,100,100443,100,99364,100,100459,100,99363,100,100565,100,99298,100,100877,100,99284,100,100951,100,99228,100
2019-06-28 10:06:46.165942887,99958,478,99875,478,100113,100,99874,100,100123,100,99793,100,100287,100,99541,100,100328,100,99498,100,100443,100,99364,100,100459,100,99363,100,100565,100,99298,100,100877,100,99284,100,100951,100,99228,100
2019-06-28 10:06:47.625273514,99958,478,99875,378,100113,100,99874,100,100123,100,99793,100,100287,100,99541,100,100328,100,99498,100,100443,100,99364,100,100459,100,99363,100,100565,100,99298,100,100877,100,99284,100,100951,100,99228,100
2019-06-28 10:06:50.000000000,99958,229,99874,229,100113,225,99793,225,100123,225,99541,225,100287,100,99498,100,100328,100,99364,100,100443,100,99363,100,100459,100,99298,100,100565,100,99284,100,100877,100,99228,100,100951,100,98984,100
2019-06-28 10:07:00.000000000,99958,289,99874,289,100113,289,99793,289,100123,100,99541,100,100287,100,99498,100,100328,100,99364,100,100443,100,99363,100,100459,100,99298,100,100565,100,99284,100,100877,100,99228,100,100951,100,98984,100
2019-06-28 10:07:10.000000000,99958,229,99874,229,100113,225,99793,225,100123,225,99541,225,100287,100,99498,100,100328,100,99364,100,100443,100,99363,100,100459,100,99298,100,100565,100,99284,100,100877,100,99228,100,100951,100,98984,100
2019-06-28 10:07:20.000000000,99958,194,99874,194,100113,194,99793,194,100123,194,99541,194,100287,194,99498,194,100328,100,99364,100,100443,100,99363,100,100459,100,99298,100,100565,100,99284,100,100877,100,99228,100,100951,100,98984,100
2019-06-28 10:07:30.000000000,99958,289,99874,289,100113,289,99793,289,100123,100,99541,100,100287,100,99498,100,100328,100,99364,100,100443,100,99363,100,100459,100,99298,100,100565,100,99284,100,100877,100,99228,100,100951,100,98984,100
2019-06-28 10:07:37.711912598,99910,100,99874,289,99958,289,99793,289,100113,289,99541,100,100123,100,99498,100,100287,100,99364,100,100328,100,99363,100,100443,100,99298,100,100459,100,99284,100,100565,100,99228,100,100877,100,98984,100
2019-06-28 10:07:40.000000000,99910,229,99874,229,99958,225,99793,225,100113,225,99541,225,100123,100,99498,100,100287,100,99364,100,100328,100,99363,100,100443,100,99298,100,100459,100,99284,100,100565,100,99228,100,100877,100,98984,100
2019-06-28 10:07:50.000000000,99910,289,99874,289,99958,289,99793,289,100113,100,99541,100,100123,100,99498,100,100287,100,99364,100,100328,100,99363,100,100443,100,99298,100,100459,100,99284,100,100565,100,99228,100,100877,100,98984,100
2019-06-28 10:07:52.855522116,99910,289,99874,189,99958,289,99793,289,100113,100,99541,100,100123,100,99498,100,100287,100,99364,100,100328,100,99363,100,100443,100,99298,100,100459,100,99284,100,100565,100,99228,100,100877,100,98984,100
2019-06-28 10:08:00.000000000,99910,229,99793,229,99958,225,99541,225,100113,225,99498,225,100123,100,99364,100,100287,100,99363,100,100328,100,99298,100,100443,100,99284,100,100459,100,99228,100,100565,100,98984,100,100877,100,98958,100
2019-06-28 10:08:00.484611350,99910,229,99793,229,99958,225,99541,225,100113,225,99498,225,100123,100,99364,100,100287,100,99363,100,100328,100,99298,100,100443,100,99284,100,100459,100,99228,100,100565,100,98984,100,100877,100,98958,100
