,ask_price_1,ask_size_1,bid_price_1,bid_size_1,ask_price_2,ask_size_2,bid_price_2,bid_size_2,ask_price_3,ask_size_3,bid_price_3,bid_size_3,ask_price_4,ask_size_4,bid_price_4,bid_size_4,ask_price_5,ask_size_5,bid_price_5,bid_size_5,ask_price_6,ask_size_6,bid_price_6,bid_size_6,ask_price_7,ask_size_7,bid_price_7,bid_size_7,ask_price_8,ask_size_8,bid_price_8,bid_size_8,ask_price_9,ask_size_9,bid_price_9,bid_size_9,ask_price_10,ask_size_10,bid_price_10,bid_size_10
2019-06-28 09:30:00.000000001,100027,100,,,,,,,,,,,,,,,,,,,,,,,,,,,,,,,,,,,,,,
2019-06-28 09:30:00.000000004,100027,100,99929,100,,,,,,,,,,,,,,,,,,,,,,,,,,,,,,,,,,,,
2019-06-28 09:30:00.000000007,100027,100,99972,100,100111,100,99929,100,,,,,,,,,,,,,,,,,,,,,,,,,,,,,,,,
2019-06-28 09:30:00.000000009,100027,100,99972,100,100051,100,99929,100,100111,100,,,,,,,,,,,,,,,,,,,,,,,,,,,,,,
2019-06-28 09:30:00.000000011,100007,100,99972,100,100027,100,99929,100,100051,100,99920,100,100111,100,,,100186,100,,,,,,,,,,,,,,,,,,,,,,
2019-06-28 09:30:00.000000013,100007,100,99976,100,100027,100,99972,100,100051,100,99931,100,100111,100,99929,100,100186,100,99920,100,,,,,,,,,,,,,,,,,,,,
2019-06-28 09:30:00.000000014,100007,100,99976,100,100027,100,99972,100,100051,100,99931,100,100053,100,99929,100,100111,100,99920,100,100186,100,,,,,,,,,,,,,,,,,,
2019-06-28 09:30:00.000000017,100007,100,99976,100,100027,100,99972,100,100051,100,99931,100,100053,100,99929,100,100111,100,99920,100,100186,100,99904,100,,,,,,,,,,,,,,,,
2019-06-28 09:30:00.000000018,100007,100,99976,100,100027,100,99972,100,100051,100,99931,100,100053,100,99929,100,100085,100,99920,100,100098,100,99904,100,100111,100,,,100186,100,,,,,,,,,,
2019-06-28 09:30:00.000000020,100027,100,99976,100,100051,100,99972,100,100053,100,99931,100,100085,100,99929,100,100098,100,99920,100,100111,100,99904,100,100186,100,,,,,,,,,,,,,,
2019-06-28 09:30:00.000000025,100027,100,99976,100,100051,100,99972,100,100053,100,99931,100,100085,100,99929,100,100098,100,99920,100,100111,100,99904,100,100141,100,99900,100,100186,100,,,,,,,,,,
2019-06-28 09:30:00.000000028,100051,100,99976,100,100053,100,99972,100,100085,100,99970,100,100098,100,99931,100,100111,100,99929,100,100141,100,99920,100,100186,100,99904,100,,,99900,100,,,,,,,,
2019-06-28 09:30:00.000000029,100051,100,99976,100,100053,100,99972,100,100085,100,99970,100,100098,100,99931,100,100111,100,99929,100,100141,100,99920,100,100186,100,99904,100,,,99900,100,,,99759,100,,,,
2019-06-28 09:30:00.000000031,100051,100,99976,100,100053,100,99972,100,100085,100,99970,100,100098,100,99931,100,100111,100,99929,100,100141,100,99923,100,100186,100,99920,100,,,99904,100,,,99900,100,,,99802,100
2019-06-28 09:30:00.000000032,100051,100,100043,100,100053,100,99976,100,100085,100,99972,100,100098,100,99970,100,100111,100,99931,100,100141,100,99929,100,100186,100,99923,100,,,99920,100,,,99904,100,,,99900,100
2019-06-28 09:30:00.000000039,100051,100,100043,100,100053,100,99976,100,100085,100,99972,100,100098,100,99970,100,100111,100,99931,100,100141,100,99929,100,100186,100,99923,100,,,99920,100,,,99904,100,,,99900,100
2019-06-28 09:30:00.000000040,100051,100,100043,100,100053,100,99982,100,100085,100,99976,100,100091,100,99972,100,100098,100,99970,100,100111,100,99931,100,100141,100,99929,100,100186,100,99923,100,,,99920,100,,,99904,100
2019-06-28 09:30:00.000000043,100051,100,100043,100,100053,100,99982,100,100085,100,99976,100,100091,100,99972,100,100098,100,99970,100,100111,100,99931,100,100126,100,99929,100,100141,100,99923,100,100186,100,99920,100,,,99904,100
2019-06-28 09:30:00.000000046,100048,100,100043,100,100053,100,99982,100,100085,100,99976,100,100091,100,99972,100,100098,100,99970,100,100111,100,99931,100,100126,100,99929,100,100141,100,99923,100,100186,100,99920,100,,,99904,100
2019-06-28 09:30:00.000000047,100048,100,99976,100,100053,100,99972,100,100085,100,99970,100,100091,100,99931,100,100098,100,99929,100,100111,100,99923,100,100126,100,99920,100,100141,100,99904,100,100186,100,99900,100,,,99869,100
2019-06-28 09:30:00.000000048,100043,100,99976,100,100048,100,99972,100,100053,100,99970,100,100085,100,99931,100,100091,100,99929,100,100098,100,99923,100,100111,100,99920,100,100126,100,99904,100,100141,100,99900,100,100186,100,99888,100
2019-06-28 09:30:00.000000051,100043,100,99976,100,100048,100,99972,100,100053,100,99970,100,100085,100,99931,100,100091,100,99929,100,100098,100,99923,100,100111,100,99920,100,100126,100,99904,100,100136,100,99900,100,100141,100,99888,100
2019-06-28 09:30:00.000000053,100043,100,99976,100,100048,100,99972,100,100053,100,99970,100,100085,100,99931,100,100091,100,99929,100,100098,100,99923,100,100111,100,99920,100,100126,100,99913,100,100136,100,99904,100,100141,100,99900,100
2019-06-28 09:30:00.000000055,100043,100,99976,100,100048,100,99972,100,100053,100,99970,100,100085,100,99931,100,100091,100,99929,100,100098,100,99923,100,100111,100,99920,100,100126,100,99913,100,100136,100,99912,100,100141,100,99904,100
2019-06-28 09:30:00.000000056,100048,100,99976,100,100053,100,99972,100,100085,100,99970,100,100091,100,99931,100,100098,100,99929,100,100111,100,99923,100,100126,100,99920,100,100136,100,99913,100,100141,100,99912,100,100186,100,99904,100
2019-06-28 09:30:00.000000058,99995,100,99976,100,100048,100,99972,100,100053,100,99970,100,100085,100,99931,100,100091,100,99929,100,100098,100,99923,100,100111,100,99920,100,100126,100,99913,100,100136,100,99912,100,100141,100,99904,100
2019-06-28 09:30:00.000000059,99995,100,99976,100,100048,100,99972,100,100053,100,99970,100,100085,100,99931,100,100091,100,99929,100,100098,100,99923,100,100111,100,99920,100,100126,100,99913,100,100136,100,99912,100,100141,100,99904,100
2019-06-28 09:30:00.000000060,99995,100,99976,100,100048,100,99972,100,100053,100,99970,100,100085,100,99962,100,100091,100,99931,100,100098,100,99929,100,100111,100,99923,100,100126,100,99920,100,100136,100,99913,100,100141,100,99912,100
2019-06-28 09:30:00.000000064,99995,100,99976,100,100048,100,99972,100,100053,100,99970,100,100055,100,99962,100,100085,100,99931,100,100091,100,99929,100,100098,100,99923,100,100111,100,99920,100,100126,100,99913,100,100136,100,99912,100
2019-06-28 09:30:00.000000066,99995,100,99982,100,100048,100,99976,100,100053,100,99972,100,100055,100,99970,100,100085,100,99962,100,100091,100,99931,100,100098,100,99929,100,100111,100,99923,100,100126,100,99920,100,100136,100,99913,100
2019-06-28 09:30:00.000000067,99995,100,99982,100,100048,100,99976,100,100053,100,99972,100,100055,100,99970,100,100085,100,99962,100,100091,100,99961,100,100098,100,99931,100,100111,100,99929,100,100126,100,99923,100,100136,100,99920,100
2019-06-28 09:30:00.000000069,99995,100,99982,100,100036,100,99976,100,100043,100,99972,100,100048,100,99970,100,100053,100,99962,100,100055,100,99961,100,100085,100,99931,100,100091,100,99929,100,100098,100,99923,100,100111,100,99920,100
2019-06-28 09:30:00.000000070,99986,100,99982,200,99995,100,99976,100,100036,100,99972,100,100043,100,99970,100,100048,100,99962,100,100053,100,99961,100,100055,100,99951,100,100085,100,99931,100,100091,100,99929,100,100098,100,99923,100
2019-06-28 09:30:00.000000071,99986,100,99982,200,99995,100,99976,100,100036,100,99972,100,100043,100,99970,100,100048,100,99962,100,100053,100,99961,100,100055,100,99951,100,100085,100,99931,100,100091,100,99929,100,100098,100,99923,100
2019-06-28 09:30:00.000000072,99986,100,99982,200,99995,100,99976,100,100036,100,99972,100,100043,100,99970,100,100048,100,99962,100,100053,100,99961,100,100055,100,99951,100,100085,100,99931,100,100091,100,99929,100,100098,100,99923,100
2019-06-28 09:30:00.000000073,99986,100,99982,200,99995,100,99976,100,100036,100,99972,100,100043,200,99970,100,100048,100,99962,100,100053,100,99961,100,100055,100,99951,100,100085,100,99931,100,100091,100,99929,100,100098,100,99923,100
2019-06-28 09:30:00.000000076,99986,100,99982,200,99995,100,99976,100,100036,100,99972,100,100043,200,99970,100,100048,100,99962,100,100053,100,99961,100,100055,100,99955,100,100085,100,99951,100,100091,100,99931,100,100098,100,99929,100
2019-06-28 09:30:00.000000082,99986,100,99982,200,99995,100,99976,100,100036,100,99972,100,100043,300,99970,100,100048,100,99962,100,100053,100,99961,100,100055,100,99955,100,100085,100,99951,100,100091,100,99931,100,100098,100,99929,100
2019-06-28 09:30:00.000000083,99986,100,99982,200,99995,100,99976,100,100036,100,99972,100,100043,300,99970,100,100048,100,99962,100,100053,100,99961,100,100055,100,99955,100,100085,100,99951,100,100091,100,99931,100,100098,100,99929,100
2019-06-28 09:30:00.000000087,99986,100,99982,200,99995,100,99976,100,100036,100,99972,100,100043,400,99970,100,100048,100,99962,100,100053,100,99961,100,100055,100,99955,100,100085,100,99951,100,100091,100,99931,100,100098,100,99929,100
2019-06-28 09:30:00.000000089,99986,100,99982,200,99995,100,99976,100,100036,100,99972,100,100043,400,99970,100,100048,100,99962,100,100053,100,99961,100,100055,100,99955,100,100085,100,99951,100,100091,100,99931,100,100098,100,99929,100
2019-06-28 09:30:00.000000091,99986,100,99982,200,99995,100,99976,100,100036,100,99972,100,100043,500,99970,100,100048,100,99962,100,100053,100,99961,100,100055,100,99955,100,100085,100,99951,100,100091,100,99931,100,100098,100,99929,100
2019-06-28 09:30:00.000000096,99986,100,99982,200,99995,100,99976,100,100036,100,99972,100,100043,600,99970,100,100048,100,99962,100,100053,100,99961,100,100055,100,99955,100,100085,100,99951,100,100091,100,99931,100,100098,100,99929,100
2019-06-28 09:30:00.000000097,99986,100,99982,300,99995,100,99976,100,100036,100,99972,100,100043,700,99970,100,100048,100,99962,100,100053,100,99961,100,100055,100,99955,100,100085,100,99951,100,100091,100,99931,100,100098,100,99929,100
2019-06-28 09:30:00.000000098,99986,100,99982,300,99995,100,99976,100,100036,100,99972,100,100043,700,99970,100,100048,100,99962,100,100053,100,99961,100,100055,100,99955,100,100085,100,99951,100,100091,100,99931,100,100098,100,99929,100
2019-06-28 09:30:00.000000099,99986,100,99982,300,99995,100,99976,100,100036,100,99972,100,100043,800,99970,100,100048,100,99962,100,100053,100,99961,100,100055,100,99955,100,100085,100,99951,100,100091,100,99931,100,100098,100,99929,100
2019-06-28 09:30:01.296131116,99986,100,99982,300,99995,100,99976,100,100036,100,99972,100,100043,800,99970,100,100048,100,99962,100,100053,100,99961,100,100055,100,99955,100,100085,100,99951,100,100091,100,99931,100,100098,100,99929,100
2019-06-28 09:30:07.922970544,99986,100,99982,300,99995,100,99976,100,100036,100,99972,100,100043,800,99970,100,100048,100,99962,100,100053,100,99961,100,100055,100,99955,100,100085,100,99951,100,100091,100,99931,100,100098,100,99929,100
2019-06-28 09:30:10.000000000,99986,206,99982,406,99995,206,99976,206,100036,206,99972,206,100043,906,99970,206,100048,100,99962,100,100053,100,99961,100,100055,100,99955,100,100085,100,99951,100,100091,100,99931,100,100098,100,99929,100
2019-06-28 09:30:14.766610989,99986,206,99982,406,99995,206,99976,206,100036,206,99972,206,100043,906,99970,206,100048,100,99962,100,100053,100,99961,100,100055,100,99955,100,100085,100,99951,100,100091,100,99931,100,100098,100,99929,100
2019-06-28 09:30:20.000000000,99986,243,99982,443,99995,239,99976,239,100036,239,99972,239,100043,800,99970,100,100048,100,99962,100,100053,100,99961,100,100055,100,99955,100,100085,100,99951,100,100091,100,99931,100,100098,100,99929,100
2019-06-28 09:30:30.000000000,99986,243,99982,443,99995,239,99976,239,100036,239,99972,239,100043,800,99970,100,100048,100,99962,100,100053,100,99961,100,100055,100,99955,100,100085,100,99951,100,100091,100,99931,100,100098,100,99929,100
2019-06-28 09:30:40.000000000,99986,184,99982,384,99995,184,99976,184,100036,184,99972,184,100043,884,99970,184,100048,184,99962,184,100053,100,99961,100,100055,100,99955,100,100085,100,99951,100,100091,100,99931,100,100098,100,99929,100
2019-06-28 09:30:50.000000000,99986,184,99982,384,99995,184,99976,184,100036,184,99972,184,100043,884,99970,184,100048,184,99962,184,100053,100,99961,100,100055,100,99955,100,100085,100,99951,100,100091,100,99931,100,100098,100,99929,100
2019-06-28 09:30:57.997035619,99986,84,99982,384,99995,184,99976,184,100036,184,99972,184,100043,884,99970,184,100048,184,99962,184,100053,100,99961,100,100055,100,99955,100,100085,100,99931,100,100091,100,99929,100,100098,100,99923,100
2019-06-28 09:31:00.000000000,99995,311,99982,511,100036,311,99976,311,100043,800,99972,100,100048,100,99970,100,100053,100,99962,100,100055,100,99961,100,100085,100,99955,100,100091,100,99931,100,100098,100,99929,100,100101,100,99923,100
2019-06-28 09:31:10.000000000,99995,311,99982,511,100036,311,99976,311,100043,800,99972,100,100048,100,99970,100,100053,100,99962,100,100055,100,99961,100,100085,100,99955,100,100091,100,99931,100,100098,100,99929,100,100101,100,99923,100
2019-06-28 09:31:20.000000000,99995,311,99982,511,100036,311,99976,311,100043,800,99972,100,100048,100,99970,100,100053,100,99962,100,100055,100,99961,100,100085,100,99955,100,100091,100,99931,100,100098,100,99929,100,100101,100,99923,100
2019-06-28 09:31:30.000000000,99995,243,99982,443,100036,239,99976,239,100043,939,99972,239,100048,100,99970,100,100053,100,99962,100,100055,100,99961,100,100085,100,99955,100,100091,100,99931,100,100098,100,99929,100,100101,100,99923,100
2019-06-28 09:31:40.000000000,99995,206,99982,406,100036,206,99976,206,100043,906,99972,206,100048,206,99970,206,100053,100,99962,100,100055,100,99961,100,100085,100,99955,100,100091,100,99931,100,100098,100,99929,100,100101,100,99923,100
2019-06-28 09:31:48.841021967,99995,206,99982,406,100036,206,99976,206,100043,906,99972,206,100048,206,99970,206,100053,100,99962,100,100055,100,99961,100,100085,100,99955,100,100091,100,99931,100,100098,100,99929,100,100101,100,99923,100
2019-06-28 09:31:50.000000000,99995,311,99982,511,100036,311,99976,311,100043,800,99972,100,100048,100,99970,100,100053,100,99962,100,100055,100,99961,100,100085,100,99955,100,100091,100,99931,100,100098,100,99929,100,100101,100,99923,100
2019-06-28 09:32:00.000000000,99995,522,99982,722,100036,100,99976,100,100043,800,99972,100,100048,100,99970,100,100053,100,99962,100,100055,100,99961,100,100085,100,99955,100,100091,100,99931,100,100098,100,99929,100,100101,100,99923,100
2019-06-28 09:32:10.000000000,99995,206,99982,406,100036,206,99976,206,100043,906,99972,206,100048,206,99970,206,100053,100,99962,100,100055,100,99961,100,100085,100,99955,100,100091,100,99931,100,100098,100,99929,100,100101,100,99923,100
2019-06-28 09:32:15.985173504,99995,206,99986,100,100036,206,99982,406,100043,906,99976,206,100048,206,99972,206,100053,100,99970,206,100055,100,99962,100,100085,100,99961,100,100091,100,99955,100,100098,100,99931,100,100101,100,99929,100
2019-06-28 09:32:20.000000000,99995,311,99986,311,100036,311,99982,511,100043,800,99976,100,100048,100,99972,100,100053,100,99970,100,100055,100,99962,100,100085,100,99961,100,100091,100,99955,100,100098,100,99931,100,100101,100,99929,100
2019-06-28 09:32:30.000000000,99995,243,99986,243,100036,239,99982,439,100043,939,99976,239,100048,100,99972,100,100053,100,99970,100,100055,100,99962,100,100085,100,99961,100,100091,100,99955,100,100098,100,99931,100,100101,100,99929,100
2019-06-28 09:32:35.293459472,99995,243,99986,343,100036,239,99982,439,100043,839,99976,239,100048,100,99972,100,100053,100,99970,100,100055,100,99962,100,100085,100,99961,100,100091,100,99955,100,100098,100,99931,100,100101,100,99929,100
2019-06-28 09:32:37.717721650,99995,243,99986,243,100036,239,99982,439,100043,839,99976,239,100048,100,99972,100,100053,100,99970,100,100055,100,99962,100,100085,100,99961,100,100091,100,99955,100,100098,100,99931,100,100101,100,99929,100
2019-06-28 09:32:39.707550162,99995,243,99986,243,100036,239,99982,339,100043,839,99976,239,100048,100,99972,100,100053,100,99970,100,100055,100,99962,100,100085,100,99961,100,100091,100,99955,100,100098,100,99931,100,100101,100,99929,100
2019-06-28 09:32:40.000000000,99995,184,99986,184,100036,184,99982,284,100043,784,99976,184,100048,184,99972,184,100053,184,99970,184,100055,100,99962,100,100085,100,99961,100,100091,100,99955,100,100098,100,99931,100,100101,100,99929,100
2019-06-28 09:32:50.000000000,99995,243,99986,243,100036,239,99982,339,100043,839,99976,239,100048,100,99972,100,100053,100,99970,100,100055,100,99962,100,100085,100,99961,100,100091,100,99955,100,100098,100,99931,100,100101,100,99929,100
2019-06-28 09:32:53.676344717,99995,243,99986,343,100036,239,99982,339,100043,739,99976,239,100048,100,99972,100,100053,100,99970,100,100055,100,99962,100,100085,100,99961,100,100091,100,99955,100,100098,100,99931,100,100101,100,99929,100
2019-06-28 09:33:00.000000000,99995,243,99986,343,100036,239,99982,339,100043,739,99976,239,100048,100,99972,100,100053,100,99970,100,100055,100,99962,100,100085,100,99961,100,100091,100,99955,100,100098,100,99931,100,100101,100,99929,100
2019-06-28 09:33:10.000000000,99995,522,99986,622,100036,100,99982,200,100043,600,99976,100,100048,100,99972,100,100053,100,99970,100,100055,100,99962,100,100085,100,99961,100,100091,100,99955,100,100098,100,99931,100,100101,100,99929,100
2019-06-28 09:33:10.259591965,99995,422,99986,622,100036,100,99982,200,100043,600,99976,100,100048,100,99972,100,100053,100,99970,100,100055,100,99962,100,100085,100,99961,100,100091,100,99955,100,100098,100,99931,100,100101,100,99929,100
2019-06-28 09:33:20.000000000,100036,311,99986,411,100043,811,99982,411,100048,100,99976,100,100053,100,99972,100,100055,100,99970,100,100085,100,99962,100,100091,100,99961,100,100098,100,99955,100,100101,100,99931,100,100111,100,99929,100
2019-06-28 09:33:22.811344972,100036,311,99987,100,100043,711,99986,411,100048,100,99982,411,100053,100,99976,100,100055,100,99972,100,100085,100,99970,100,100091,100,99962,100,100098,100,99961,100,100101,100,99955,100,100111,100,99931,100
2019-06-28 09:33:30.000000000,100036,184,99987,184,100043,584,99986,284,100048,184,99982,284,100053,184,99976,184,100055,184,99972,184,100085,100,99970,100,100091,100,99962,100,100098,100,99961,100,100101,100,99955,100,100111,100,99931,100
2019-06-28 09:33:31.455236920,100036,84,99987,184,100043,584,99986,284,100048,184,99982,284,100053,184,99976,184,100055,184,99972,184,100085,100,99970,100,100091,100,99962,100,100098,100,99961,100,100101,100,99955,100,100111,100,99931,100
2019-06-28 09:33:31.985146735,100036,84,99995,100,100043,584,99987,184,100048,184,99986,284,100053,184,99982,284,100055,184,99976,184,100085,100,99972,184,100091,100,99970,100,100098,100,99962,100,100101,100,99961,100,100111,100,99955,100
2019-06-28 09:33:36.181661801,100043,584,100036,16,100048,184,99995,100,100053,184,99987,184,100055,84,99986,284,100085,100,99982,284,100091,100,99976,184,100098,100,99972,184,100101,100,99970,100,100111,100,99962,100,100112,100,99961,100
2019-06-28 09:33:40.000000000,100043,606,100036,122,100048,206,99995,206,100053,206,99987,206,100085,206,99986,306,100091,100,99982,200,100098,100,99976,100,100101,100,99972,100,100111,100,99970,100,100112,100,99962,100,100126,100,99961,100
2019-06-28 09:33:45.472137618,100043,506,100036,122,100048,206,99995,206,100053,206,99987,206,100085,206,99986,306,100091,100,99982,200,100098,100,99976,100,100101,100,99972,100,100111,100,99970,100,100112,100,99962,100,100126,100,99961,100
2019-06-28 09:33:50.000000000,100043,506,100036,122,100048,206,99995,206,100053,206,99987,206,100085,206,99986,306,100091,100,99982,200,100098,100,99976,100,100101,100,99972,100,100111,100,99970,100,100112,100,99962,100,100126,100,99961,100
2019-06-28 09:34:00.000000000,100043,543,100036,159,100048,239,99995,239,100053,239,99987,239,100085,100,99986,200,100091,100,99982,200,100098,100,99976,100,100101,100,99972,100,100111,100,99970,100,100112,100,99962,100,100126,100,99961,100
2019-06-28 09:34:10.000000000,100043,484,100036,100,100048,184,99995,184,100053,184,99987,184,100085,184,99986,284,100091,184,99982,284,100098,100,99976,100,100101,100,99972,100,100111,100,99970,100,100112,100,99962,100,100126,100,99961,100
2019-06-28 09:34:15.397508507,100043,484,99995,184,100048,184,99987,184,100053,184,99986,284,100085,184,99982,284,100091,184,99976,100,100098,100,99972,100,100101,100,99970,100,100111,100,99962,100,100112,100,99961,100,100126,100,99955,100
2019-06-28 09:34:18.571275987,100043,484,99995,84,100048,184,99987,184,100053,184,99986,284,100085,184,99982,284,100091,184,99976,100,100098,100,99972,100,100101,100,99970,100,100111,100,99962,100,100112,100,99961,100,100126,100,99955,100
2019-06-28 09:34:19.073108240,99995,16,99987,184,100043,484,99986,284,100048,184,99982,284,100053,184,99976,100,100085,184,99972,100,100091,184,99970,100,100098,100,99962,100,100101,100,99961,100,100111,100,99955,100,100112,100,99931,100
2019-06-28 09:34:20.000000000,99995,438,99987,522,100043,400,99986,200,100048,100,99982,200,100053,100,99976,100,100085,100,99972,100,100091,100,99970,100,100098,100,99962,100,100101,100,99961,100,100111,100,99955,100,100112,100,99931,100
2019-06-28 09:34:21.288592522,99995,438,99987,522,100043,400,99986,200,100048,100,99982,200,100053,100,99976,100,100085,100,99972,100,100091,100,99970,100,100098,100,99962,100,100101,100,99961,100,100111,100,99955,100,100112,100,99931,100
2019-06-28 09:34:30.000000000,99995,438,99987,522,100043,400,99986,200,100048,100,99982,200,100053,100,99976,100,100085,100,99972,100,100091,100,99970,100,100098,100,99962,100,100101,100,99961,100,100111,100,99955,100,100112,100,99931,100
2019-06-28 09:34:40.000000000,99995,100,99987,184,100043,484,99986,284,100048,184,99982,284,100053,184,99976,184,100085,184,99972,184,100091,100,99970,100,100098,100,99962,100,100101,100,99961,100,100111,100,99955,100,100112,100,99931,100
2019-06-28 09:34:44.267162782,99995,100,99987,184,100043,484,99986,284,100048,184,99982,284,100053,184,99976,184,100085,184,99972,184,100091,100,99970,100,100098,100,99962,100,100101,100,99961,100,100111,100,99955,100,100112,100,99931,100
2019-06-28 09:34:50.000000000,99995,159,99987,243,100043,539,99986,339,100048,239,99982,339,100053,100,99976,100,100085,100,99972,100,100091,100,99970,100,100098,100,99962,100,100101,100,99961,100,100111,100,99955,100,100112,100,99931,100
2019-06-28 09:35:00.000000000,99995,438,99987,522,100043,400,99986,200,100048,100,99982,200,100053,100,99976,100,100085,100,99972,100,100091,100,99970,100,100098,100,99962,100,100101,100,99961,100,100111,100,99955,100,100112,100,99931,100
2019-06-28 09:35:10.000000000,99995,438,99987,522,100043,400,99986,200,100048,100,99982,200,100053,100,99976,100,100085,100,99972,100,100091,100,99970,100,100098,100,99962,100,100101,100,99961,100,100111,100,99955,100,100112,100,99931,100
2019-06-28 09:35:20.000000000,99995,159,99987,243,100043,539,99986,339,100048,239,99982,339,100053,100,99976,100,100085,100,99972,100,100091,100,99970,100,100098,100,99962,100,100101,100,99961,100,100111,100,99955,100,100112,100,99931,100
2019-06-28 09:35:30.000000000,99995,438,99987,522,100043,400,99986,200,100048,100,99982,200,100053,100,99976,100,100085,100,99972,100,100091,100,99970,100,100098,100,99962,100,100101,100,99961,100,100111,100,99955,100,100112,100,99931,100
2019-06-28 09:35:37.981895493,99995,438,99987,522,100043,400,99986,200,100048,100,99982,200,100053,100,99976,100,100085,100,99972,100,100091,100,99970,100,100098,100,99962,100,100101,100,99961,100,100111,100,99955,100,100112,100,99931,100
2019-06-28 09:35:40.000000000,99995,159,99987,243,100043,539,99986,339,100048,239,99982,339,100053,100,99976,100,100085,100,99972,100,100091,100,99970,100,100098,100,99962,100,100101,100,99961,100,100111,100,99955,100,100112,100,99931,100
2019-06-28 09:35:44.991149131,99995,159,99987,243,100043,539,99986,239,100048,239,99982,339,100053,100,99976,100,100085,100,99972,100,100091,100,99970,100,100098,100,99962,100,100101,100,99961,100,100111,100,99955,100,100112,100,99931,100
2019-06-28 09:35:49.895770478,99995,159,99987,143,100043,539,99986,239,100048,239,99982,339,100053,100,99976,100,100085,100,99972,100,100091,100,99970,100,100098,100,99962,100,100101,100,99961,100,100111,100,99955,100,100112,100,99931,100
2019-06-28 09:35:50.000000000,99995,438,99986,522,100043,400,99982,200,100048,100,99976,100,100053,100,99972,100,100085,100,99970,100,100091,100,99962,100,100098,100,99961,100,100101,100,99955,100,100111,100,99931,100,100112,100,99929,100
2019-06-28 09:35:51.492487021,99995,438,99986,522,100043,400,99982,200,100048,100,99976,100,100053,100,99972,100,100085,100,99970,100,100091,100,99962,200,100098,100,99961,100,100101,100,99955,100,100111,100,99931,100,100112,100,99929,100
2019-06-28 09:36:00.000000000,99995,438,99986,522,100043,400,99982,200,100048,100,99976,100,100053,100,99972,100,100085,100,99970,100,100091,100,99962,200,100098,100,99961,100,100101,100,99955,100,100111,100,99931,100,100112,100,99929,100
2019-06-28 09:36:10.000000000,99995,438,99986,522,100043,400,99982,200,100048,100,99976,100,100053,100,99972,100,100085,100,99970,100,100091,100,99962,200,100098,100,99961,100,100101,100,99955,100,100111,100,99931,100,100112,100,99929,100
2019-06-28 09:36:15.249022074,99995,438,99988,100,100043,400,99986,522,100048,100,99982,200,100053,100,99976,100,100085,100,99972,100,100091,100,99970,100,100098,100,99962,200,100101,100,99961,100,100111,100,99955,100,100112,100,99931,100
2019-06-28 09:36:20.000000000,99995,100,99988,184,100043,484,99986,184,100048,184,99982,284,100053,184,99976,184,100085,184,99972,184,100091,100,99970,100,100098,100,99962,200,100101,100,99961,100,100111,100,99955,100,100112,100,99931,100
2019-06-28 09:36:30.000000000,99995,227,99988,311,100043,611,99986,311,100048,100,99982,200,100053,100,99976,100,100085,100,99972,100,100091,100,99970,100,100098,100,99962,200,100101,100,99961,100,100111,100,99955,100,100112,100,99931,100
2019-06-28 09:36:40.000000000,99995,100,99988,184,100043,484,99986,184,100048,184,99982,284,100053,184,99976,184,100085,184,99972,184,100091,100,99970,100,100098,100,99962,200,100101,100,99961,100,100111,100,99955,100,100112,100,99931,100
2019-06-28 09:36:40.440171985,99995,100,99988,184,100043,484,99986,184,100048,184,99982,284,100053,184,99976,184,100085,184,99972,184,100091,100,99970,100,100098,100,99962,200,100101,100,99961,100,100111,100,99955,100,100112,100,99934,100
2019-06-28 09:36:42.562167173,100043,484,99988,184,100048,184,99986,184,100053,184,99982,284,100085,184,99976,184,100091,100,99972,184,100098,100,99970,100,100101,100,99962,200,100111,100,99955,100,100112,100,99934,100,100126,100,99931,100
2019-06-28 09:36:50.000000000,100043,484,99988,184,100048,184,99986,184,100053,184,99982,284,100085,184,99976,184,100091,184,99972,184,100098,100,99970,100,100101,100,99962,200,100111,100,99955,100,100112,100,99934,100,100126,100,99931,100
2019-06-28 09:36:53.083595762,100043,484,99988,184,100048,184,99986,184,100053,184,99982,284,100085,184,99976,184,100091,184,99972,184,100098,100,99970,100,100101,100,99962,200,100111,100,99955,100,100126,100,99934,100,100136,100,99931,100
2019-06-28 09:37:00.000000000,100043,611,99988,311,100048,311,99986,311,100053,100,99982,200,100085,100,99976,100,100091,100,99972,100,100098,100,99970,100,100101,100,99962,200,100111,100,99955,100,100126,100,99934,100,100136,100,99931,100
2019-06-28 09:37:10.000000000,100043,484,99988,184,100048,184,99986,184,100053,184,99982,284,100085,184,99976,184,100091,184,99972,184,100098,100,99970,100,100101,100,99962,200,100111,100,99955,100,100126,100,99934,100,100136,100,99931,100
2019-06-28 09:37:18.726219955,100043,484,99988,184,100048,184,99986,184,100053,184,99982,284,100061,100,99976,184,100085,184,99972,184,100091,184,99970,100,100098,100,99962,200,100101,100,99955,100,100111,100,99934,100,100126,100,99931,100
2019-06-28 09:37:20.000000000,100043,484,99988,184,100048,184,99986,184,100053,184,99982,284,100061,184,99976,184,100085,184,99972,184,100091,100,99970,100,100098,100,99962,200,100101,100,99955,100,100111,100,99934,100,100126,100,99931,100
2019-06-28 09:37:30.000000000,100043,506,99988,206,100048,206,99986,206,100053,206,99982,306,100061,206,99976,206,100085,100,99972,100,100091,100,99970,100,100098,100,99962,200,100101,100,99955,100,100111,100,99934,100,100126,100,99931,100
2019-06-28 09:37:38.884112382,99994,100,99988,206,100043,506,99986,206,100048,206,99982,206,100053,206,99976,206,100061,206,99972,100,100085,100,99970,100,100091,100,99962,200,100098,100,99955,100,100101,100,99934,100,100111,100,99931,100
2019-06-28 09:37:40.000000000,99994,206,99988,206,100043,506,99986,206,100048,206,99982,206,100053,206,99976,206,100061,100,99972,100,100085,100,99970,100,100091,100,99962,200,100098,100,99955,100,100101,100,99934,100,100111,100,99931,100
2019-06-28 09:37:40.123724859,99994,106,99988,206,100043,506,99986,206,100048,206,99982,206,100053,206,99976,206,100061,100,99972,100,100085,100,99970,100,100091,100,99962,200,100098,100,99934,100,100101,100,99931,100,100111,100,99929,100
2019-06-28 09:37:50.000000000,100043,822,99988,522,100048,100,99986,100,100053,100,99982,100,100061,100,99976,100,100085,100,99972,100,100091,100,99970,100,100098,100,99962,200,100101,100,99934,100,100111,100,99931,100,100126,100,99929,100
2019-06-28 09:37:57.686678777,100043,822,99994,100,100048,100,99988,522,100053,100,99986,100,100061,100,99982,100,100085,100,99976,100,100091,100,99972,100,100098,100,99970,100,100101,100,99962,200,100111,100,99934,100,100126,100,99931,100
2019-06-28 09:38:00.000000000,100043,611,99994,311,100048,311,99988,311,100053,100,99986,100,100061,100,99982,100,100085,100,99976,100,100091,100,99972,100,100098,100,99970,100,100101,100,99962,200,100111,100,99934,100,100126,100,99931,100
2019-06-28 09:38:10.000000000,100043,611,99994,311,100048,311,99988,311,100053,100,99986,100,100061,100,99982,100,100085,100,99976,100,100091,100,99972,100,100098,100,99970,100,100101,100,99962,200,100111,100,99934,100,100126,100,99931,100
2019-06-28 09:38:10.044328894,100043,611,99994,311,100048,311,99988,311,100053,100,99986,100,100061,100,99982,100,100085,100,99976,200,100091,100,99972,100,100098,100,99970,100,100101,100,99962,200,100111,100,99934,100,100126,100,99931,100
2019-06-28 09:38:20.000000000,100043,484,99994,184,100048,184,99988,184,100053,184,99986,184,100061,184,99982,184,100085,184,99976,284,100091,100,99972,100,100098,100,99970,100,100101,100,99962,200,100111,100,99934,100,100126,100,99931,100
2019-06-28 09:38:25.961607127,100043,484,100030,100,100048,184,99994,184,100053,184,99988,184,100061,184,99986,184,100085,184,99982,184,100091,100,99976,284,100098,100,99972,100,100101,100,99970,100,100111,100,99962,200,100126,100,99934,100
2019-06-28 09:38:30.000000000,100043,484,100030,184,100048,184,99994,184,100053,184,99988,184,100061,184,99986,184,100085,184,99982,184,100091,100,99976,200,100098,100,99972,100,100101,100,99970,100,100111,100,99962,200,100126,100,99934,100
2019-06-28 09:38:40.000000000,100043,506,100030,206,100048,206,99994,206,100053,206,99988,206,100061,206,99986,206,100085,100,99982,100,100091,100,99976,200,100098,100,99972,100,100101,100,99970,100,100111,100,99962,200,100126,100,99934,100
2019-06-28 09:38:41.141345491,100043,506,100030,106,100048,206,99994,206,100053,206,99988,206,100061,206,99986,206,100091,100,99982,100,100098,100,99976,200,100101,100,99972,100,100111,100,99970,100,100126,100,99962,200,100136,100,99934,100
2019-06-28 09:38:46.707616361,100043,506,100030,6,100048,206,99994,206,100053,206,99988,206,100061,206,99986,206,100091,100,99982,100,100098,100,99976,200,100101,100,99972,100,100111,100,99970,100,100126,100,99962,200,100136,100,99934,100
2019-06-28 09:38:49.594925434,100030,94,99994,206,100043,506,99988,206,100048,206,99986,206,100053,206,99982,100,100061,206,99976,200,100091,100,99972,100,100098,100,99970,100,100101,100,99962,200,100111,100,99934,100,100126,100,99931,100
2019-06-28 09:38:50.000000000,100030,178,99994,184,100043,484,99988,184,100048,184,99986,184,100053,184,99982,184,100061,184,99976,284,100091,100,99972,100,100098,100,99970,100,100101,100,99962,200,100111,100,99934,100,100126,100,99931,100
2019-06-28 09:39:00.000000000,100030,237,99994,243,100043,539,99988,239,100048,239,99986,239,100053,100,99982,100,100061,100,99976,200,100091,100,99972,100,100098,100,99970,100,100101,100,99962,200,100111,100,99934,100,100126,100,99931,100
2019-06-28 09:39:09.152718592,100030,337,99994,243,100043,539,99988,239,100048,239,99986,239,100053,100,99982,100,100061,100,99976,200,100091,100,99972,100,100098,100,99970,100,100101,100,99962,200,100111,100,99934,100,100126,100,99931,100
2019-06-28 09:39:10.000000000,100030,300,99994,206,100043,506,99988,206,100048,206,99986,206,100053,206,99982,206,100061,100,99976,200,100091,100,99972,100,100098,100,99970,100,100101,100,99962,200,100111,100,99934,100,100126,100,99931,100
2019-06-28 09:39:13.548470853,100030,400,99994,206,100043,506,99988,206,100048,206,99986,206,100053,206,99982,206,100061,100,99976,200,100091,100,99972,100,100098,100,99970,100,100101,100,99962,200,100111,100,99934,100,100126,100,99931,100
2019-06-28 09:39:20.000000000,100030,505,99994,311,100043,611,99988,311,100048,100,99986,100,100053,100,99982,100,100061,100,99976,200,100091,100,99972,100,100098,100,99970,100,100101,100,99962,200,100111,100,99934,100,100126,100,99931,100
2019-06-28 09:39:29.512962730,100030,505,99994,211,100043,611,99988,311,100048,100,99986,100,100053,100,99982,100,100061,100,99976,200,100091,100,99972,100,100098,100,99970,100,100101,100,99962,200,100111,100,99934,100,100126,100,99931,100
2019-06-28 09:39:30.000000000,100030,400,99988,206,100043,506,99986,206,100048,206,99982,206,100053,206,99976,306,100061,100,99972,100,100091,100,99970,100,100098,100,99962,200,100101,100,99934,100,100111,100,99931,100,100126,100,99929,100
2019-06-28 09:39:39.668739973,100030,400,99988,206,100043,506,99986,206,100048,206,99982,206,100053,206,99976,206,100061,100,99972,100,100091,100,99970,100,100098,100,99962,200,100101,100,99934,100,100111,100,99931,100,100126,100,99929,100
2019-06-28 09:39:40.000000000,100030,437,99988,243,100043,539,99986,239,100048,239,99982,239,100053,100,99976,100,100061,100,99972,100,100091,100,99970,100,100098,100,99962,200,100101,100,99934,100,100111,100,99931,100,100126,100,99929,100
2019-06-28 09:39:40.670432052,100030,437,99988,143,100043,539,99986,239,100048,239,99982,239,100053,100,99976,100,100061,100,99972,100,100091,100,99970,100,100098,100,99962,200,100111,100,99934,100,100126,100,99931,100,100136,100,99929,100
2019-06-28 09:39:50.000000000,100030,378,99986,184,100043,484,99982,184,100048,184,99976,184,100053,184,99972,184,100061,184,99970,184,100091,100,99962,200,100098,100,99934,100,100111,100,99931,100,100126,100,99929,100,100136,100,99923,100
2019-06-28 09:39:59.339102268,100030,378,99986,184,100043,484,99982,184,100048,184,99976,184,100053,184,99972,184,100061,184,99970,184,100091,100,99962,200,100098,100,99934,100,100111,100,99931,100,100126,100,99929,100,100136,100,99923,100
2019-06-28 09:40:00.000000000,100030,505,99986,311,100043,611,99982,311,100048,100,99976,100,100053,100,99972,100,100061,100,99970,100,100091,100,99962,200,100098,100,99934,100,100111,100,99931,100,100126,100,99929,100,100136,100,99923,100
2019-06-28 09:40:10.000000000,100030,505,99986,311,100043,611,99982,311,100048,100,99976,100,100053,100,99972,100,100061,100,99970,100,100091,100,99962,200,100098,100,99934,100,100111,100,99931,100,100126,100,99929,100,100136,100,99923,100
2019-06-28 09:40:20.000000000,100030,716,99986,522,100043,400,99982,100,100048,100,99976,100,100053,100,99972,100,100061,100,99970,100,100091,100,99962,200,100098,100,99934,100,100111,100,99931,100,100126,100,99929,100,100136,100,99923,100
2019-06-28 09:40:30.000000000,100030,437,99986,243,100043,539,99982,239,100048,239,99976,239,100053,100,99972,100,100061,100,99970,100,100091,100,99962,200,100098,100,99934,100,100111,100,99931,100,100126,100,99929,100,100136,100,99923,100
2019-06-28 09:40:40.000000000,100030,400,99986,206,100043,506,99982,206,100048,206,99976,206,100053,206,99972,206,100061,100,99970,100,100091,100,99962,200,100098,100,99934,100,100111,100,99931,100,100126,100,99929,100,100136,100,99923,100
2019-06-28 09:40:46.139984678,100030,400,99995,100,100043,506,99986,206,100048,206,99982,206,100053,206,99976,206,100061,100,99972,206,100091,100,99970,100,100098,100,99962,200,100111,100,99934,100,100126,100,99931,100,100136,100,99929,100
2019-06-28 09:40:50.000000000,100030,400,99995,206,100043,506,99986,206,100048,206,99982,206,100053,206,99976,206,100061,100,99972,100,100091,100,99970,100,100098,100,99962,200,100111,100,99934,100,100126,100,99931,100,100136,100,99929,100
2019-06-28 09:41:00.000000000,100030,437,99995,243,100043,539,99986,239,100048,239,99982,239,100053,100,99976,100,100061,100,99972,100,100091,100,99970,100,100098,100,99962,200,100111,100,99934,100,100126,100,99931,100,100136,100,99929,100
2019-06-28 09:41:10.000000000,100030,437,99995,243,100043,539,99986,239,100048,239,99982,239,100053,100,99976,100,100061,100,99972,100,100091,100,99970,100,100098,100,99962,200,100111,100,99934,100,100126,100,99931,100,100136,100,99929,100
2019-06-28 09:41:20.000000000,100030,400,99995,206,100043,506,99986,206,100048,206,99982,206,100053,206,99976,206,100061,100,99972,100,100091,100,99970,100,100098,100,99962,200,100111,100,99934,100,100126,100,99931,100,100136,100,99929,100
2019-06-28 09:41:30.000000000,100030,716,99995,522,100043,400,99986,100,100048,100,99982,100,100053,100,99976,100,100061,100,99972,100,100091,100,99970,100,100098,100,99962,200,100111,100,99934,100,100126,100,99931,100,100136,100,99929,100
2019-06-28 09:41:37.224260142,100030,716,99995,522,100043,400,99986,100,100048,100,99982,100,100053,100,99976,100,100061,100,99972,100,100091,100,99970,100,100098,100,99962,200,100111,100,99934,100,100126,100,99931,100,100136,100,99929,100
2019-06-28 09:41:40.000000000,100030,378,99995,184,100043,484,99986,184,100048,184,99982,184,100053,184,99976,184,100061,184,99972,184,100091,100,99970,100,100098,100,99962,200,100111,100,99934,100,100126,100,99931,100,100136,100,99929,100
2019-06-28 09:41:44.460244644,100030,378,99995,84,100043,484,99986,184,100048,184,99982,184,100053,184,99976,184,100061,184,99972,184,100091,100,99970,100,100098,100,99962,200,100111,100,99934,100,100126,100,99931,100,100136,100,99929,100
2019-06-28 09:41:50.000000000,100030,378,99986,184,100043,484,99982,184,100048,184,99976,184,100053,184,99972,184,100061,184,99970,184,100091,100,99962,200,100098,100,99934,100,100111,100,99931,100,100126,100,99929,100,100136,100,99923,100
2019-06-28 09:41:56.009264801,100030,378,99986,84,100043,484,99982,184,100048,184,99976,184,100053,184,99972,184,100061,184,99970,184,100091,100,99962,100,100098,100,99934,100,100111,100,99931,100,100126,100,99929,100,100136,100,99923,100
2019-06-28 09:41:58.111527793,100001,100,99986,84,100030,378,99982,184,100043,484,99976,84,100048,184,99972,184,100053,184,99970,184,100061,184,99962,100,100091,100,99934,100,100098,100,99931,100,100111,100,99929,100,100126,100,99923,100
2019-06-28 09:42:00.000000000,100001,243,99982,243,100030,433,99972,239,100043,539,99970,239,100048,100,99962,100,100053,100,99934,100,100061,100,99931,100,100091,100,99929,100,100098,100,99923,100,100111,100,99920,100,100126,100,99918,100
2019-06-28 09:42:07.827058439,100001,243,99982,243,100030,433,99972,239,100043,539,99970,239,100048,100,99962,100,100053,100,99934,100,100061,100,99931,100,100091,100,99929,100,100111,100,99923,100,100126,100,99920,100,100136,100,99918,100
2019-06-28 09:42:10.000000000,100001,243,99982,243,100030,433,99972,239,100043,539,99970,239,100048,100,99962,100,100053,100,99934,100,100061,100,99931,100,100091,100,99929,100,100111,100,99923,100,100126,100,99920,100,100136,100,99918,100
2019-06-28 09:42:20.000000000,100001,522,99982,522,100030,294,99972,100,100043,400,99970,100,100048,100,99962,100,100053,100,99934,100,100061,100,99931,100,100091,100,99929,100,100111,100,99923,100,100126,100,99920,100,100136,100,99918,100
2019-06-28 09:42:30.000000000,100001,184,99982,184,100030,378,99972,184,100043,484,99970,184,100048,184,99962,184,100053,184,99934,184,100061,100,99931,100,100091,100,99929,100,100111,100,99923,100,100126,100,99920,100,100136,100,99918,100
2019-06-28 09:42:31.634072933,100001,184,99982,84,100030,378,99972,184,100043,484,99970,184,100048,184,99962,184,100053,184,99934,184,100061,100,99931,100,100091,100,99929,100,100111,100,99923,100,100126,100,99920,100,100136,100,99918,100
2019-06-28 09:42:36.575641611,100001,184,99982,84,100030,378,99972,184,100043,484,99970,184,100048,184,99962,184,100053,184,99934,184,100061,100,99931,100,100091,100,99929,100,100111,100,99923,100,100126,100,99920,100,100136,100,99918,100
2019-06-28 09:42:40.000000000,100001,206,99972,206,100030,400,99970,206,100043,506,99962,206,100048,206,99934,206,100053,100,99931,100,100061,100,99929,100,100091,100,99923,100,100111,100,99920,100,100126,100,99918,100,100136,100,99913,100
2019-06-28 09:42:49.947803976,100001,206,99972,206,100030,400,99970,206,100043,506,99962,206,100048,206,99934,206,100053,100,99931,100,100061,100,99923,100,100091,100,99920,100,100111,100,99918,100,100126,100,99913,100,100136,100,99912,100
2019-06-28 09:42:50.000000000,100001,184,99972,184,100030,378,99970,184,100043,484,99962,184,100048,184,99934,184,100053,184,99931,184,100061,100,99923,100,100091,100,99920,100,100111,100,99918,100,100126,100,99913,100,100136,100,99912,100
2019-06-28 09:43:00.000000000,100001,311,99972,311,100030,505,99970,311,100043,400,99962,100,100048,100,99934,100,100053,100,99931,100,100061,100,99923,100,100091,100,99920,100,100111,100,99918,100,100126,100,99913,100,100136,100,99912,100
2019-06-28 09:43:10.000000000,100001,243,99972,243,100030,433,99970,239,100043,539,99962,239,100048,100,99934,100,100053,100,99931,100,100061,100,99923,100,100091,100,99920,100,100111,100,99918,100,100126,100,99913,100,100136,100,99912,100
2019-06-28 09:43:20.000000000,100001,206,99972,206,100030,400,99970,206,100043,506,99962,206,100048,206,99934,206,100053,100,99931,100,100061,100,99923,100,100091,100,99920,100,100111,100,99918,100,100126,100,99913,100,100136,100,99912,100
2019-06-28 09:43:22.539641356,99986,100,99972,206,100001,206,99970,206,100030,400,99962,206,100043,506,99934,206,100048,206,99931,100,100053,100,99923,100,100061,100,99920,100,100091,100,99918,100,100111,100,99913,100,100126,100,99912,100
2019-06-28 09:43:28.354745963,99986,100,99972,206,100001,206,99970,206,100030,400,99962,206,100043,506,99934,206,100048,206,99931,100,100053,100,99923,100,100061,100,99920,100,100091,100,99918,100,100111,100,99913,100,100126,100,99912,100
2019-06-28 09:43:29.584159688,99986,100,99972,206,100001,206,99970,106,100030,400,99962,206,100043,506,99934,206,100048,206,99931,100,100053,100,99923,100,100061,100,99920,100,100091,100,99918,100,100111,100,99913,100,100126,100,99912,100
2019-06-28 09:43:30.000000000,99986,522,99972,522,100001,100,99962,100,100030,294,99934,100,100043,400,99931,100,100048,100,99923,100,100053,100,99920,100,100061,100,99918,100,100091,100,99913,100,100111,100,99912,100,100126,100,99904,100
2019-06-28 09:43:31.865892508,99986,522,99972,422,100001,100,99962,100,100030,294,99934,100,100043,400,99931,100,100048,100,99923,100,100053,100,99920,100,100061,100,99918,100,100091,100,99913,100,100111,100,99912,100,100126,100,99904,100
2019-06-28 09:43:36.296695019,99986,522,99972,322,100001,100,99962,100,100030,294,99934,100,100043,400,99931,100,100048,100,99923,100,100053,100,99920,100,100061,100,99918,100,100091,100,99913,100,100111,100,99912,100,100126,100,99904,100
2019-06-28 09:43:40.000000000,99986,522,99962,522,100001,100,99934,100,100030,294,99931,100,100043,400,99923,100,100048,100,99920,100,100053,100,99918,100,100061,100,99913,100,100091,100,99912,100,100111,100,99904,100,100126,100,99863,100
2019-06-28 09:43:50.000000000,99986,243,99962,243,100001,239,99934,239,100030,433,99931,239,100043,400,99923,100,100048,100,99920,100,100053,100,99918,100,100061,100,99913,100,100091,100,99912,100,100111,100,99904,100,100126,100,99863,100
2019-06-28 09:43:57.870321211,99986,243,99962,143,100001,239,99934,239,100030,433,99931,239,100043,400,99923,100,100048,100,99920,100,100053,100,99918,100,100061,100,99913,100,100091,100,99912,100,100111,100,99904,100,100126,100,99863,100
2019-06-28 09:43:58.459893967,99986,243,99962,43,100001,239,99934,239,100030,433,99931,239,100043,400,99923,100,100048,100,99920,100,100053,100,99918,100,100061,100,99913,100,100091,100,99912,100,100111,100,99904,100,100126,100,99863,100
2019-06-28 09:44:00.000000000,99986,206,99934,206,100001,206,99931,206,100030,400,99923,206,100043,506,99920,206,100048,100,99918,100,100053,100,99913,100,100061,100,99912,100,100091,100,99904,100,100111,100,99863,100,100126,100,99845,100
2019-06-28 09:44:00.143881102,99986,206,99934,106,100001,206,99931,206,100030,400,99923,206,100043,506,99920,206,100048,100,99918,100,100053,100,99913,100,100061,100,99912,100,100091,100,99904,100,100111,100,99863,100,100126,100,99845,100
2019-06-28 09:44:10.000000000,99986,206,99931,206,100001,206,99923,206,100030,400,99920,206,100043,506,99918,206,100048,100,99913,100,100053,100,99912,100,100061,100,99904,100,100091,100,99863,100,100111,100,99845,100,100126,100,99815,100
2019-06-28 09:44:20.000000000,99986,311,99931,311,100001,311,99923,311,100030,294,99920,100,100043,400,99918,100,100048,100,99913,100,100053,100,99912,100,100061,100,99904,100,100091,100,99863,100,100111,100,99845,100,100126,100,99815,100
2019-06-28 09:44:30.000000000,99986,243,99931,243,100001,239,99923,239,100030,433,99920,239,100043,400,99918,100,100048,100,99913,100,100053,100,99912,100,100061,100,99904,100,100091,100,99863,100,100111,100,99845,100,100126,100,99815,100
2019-06-28 09:44:40.000000000,99986,522,99931,522,100001,100,99923,100,100030,294,99920,100,100043,400,99918,100,100048,100,99913,100,100053,100,99912,100,100061,100,99904,100,100091,100,99863,100,100111,100,99845,100,100126,100,99815,100
2019-06-28 09:44:50.000000000,99986,184,99931,184,100001,184,99923,184,100030,378,99920,184,100043,484,99918,184,100048,184,99913,184,100053,100,99912,100,100061,100,99904,100,100091,100,99863,100,100111,100,99845,100,100126,100,99815,100
2019-06-28 09:45:00.000000000,99986,206,99931,206,100001,206,99923,206,100030,400,99920,206,100043,506,99918,206,100048,100,99913,100,100053,100,99912,100,100061,100,99904,100,100091,100,99863,100,100111,100,99845,100,100126,100,99815,100
2019-06-28 09:45:07.542637767,99986,206,99931,106,100001,206,99923,206,100030,400,99920,206,100043,506,99918,206,100048,100,99913,100,100053,100,99912,100,100061,100,99904,100,100091,100,99863,100,100111,100,99845,100,100126,100,99815,100
2019-06-28 09:45:10.000000000,99986,243,99923,243,100001,239,99920,239,100030,433,99918,239,100043,400,99913,100,100048,100,99912,100,100053,100,99904,100,100061,100,99863,100,100091,100,99845,100,100111,100,99815,100,100126,100,99802,100
2019-06-28 09:45:20.000000000,99986,206,99923,206,100001,206,99920,206,100030,400,99918,206,100043,506,99913,206,100048,100,99912,100,100053,100,99904,100,100061,100,99863,100,100091,100,99845,100,100111,100,99815,100,100126,100,99802,100
2019-06-28 09:45:30.000000000,99986,184,99923,184,100001,184,99920,184,100030,378,99918,184,100043,484,99913,184,100048,184,99912,184,100053,100,99904,100,100061,100,99863,100,100091,100,99845,100,100111,100,99815,100,100126,100,99802,100
2019-06-28 09:45:34.358770127,99986,184,99923,184,100001,184,99920,184,100030,378,99918,184,100043,484,99913,184,100048,184,99912,184,100053,100,99904,100,100061,100,99863,100,100091,100,99845,100,100111,100,99815,100,100126,100,99802,100
2019-06-28 09:45:40.000000000,99986,522,99923,522,100001,100,99920,100,100030,294,99918,100,100043,400,99913,100,100048,100,99912,100,100053,100,99904,100,100061,100,99863,100,100091,100,99845,100,100111,100,99815,100,100126,100,99802,100
2019-06-28 09:45:40.030122280,99986,522,99923,422,100001,100,99920,100,100030,294,99918,100,100043,400,99913,100,100048,100,99912,100,100053,100,99904,100,100061,100,99863,100,100091,100,99845,100,100111,100,99815,100,100126,100,99802,100
2019-06-28 09:45:50.000000000,99986,184,99920,184,100001,184,99918,184,100030,378,99913,184,100043,484,99912,184,100048,184,99904,184,100053,100,99863,100,100061,100,99845,100,100091,100,99815,100,100111,100,99802,100,100126,100,99774,100
2019-06-28 09:45:53.308525534,99986,184,99920,84,100001,184,99918,184,100030,378,99913,184,100043,484,99912,184,100048,184,99904,184,100053,100,99863,100,100061,100,99845,100,100091,100,99815,100,100111,100,99802,100,100126,100,99774,100
2019-06-28 09:46:00.000000000,99986,522,99918,522,100001,100,99913,100,100030,294,99912,100,100043,400,99904,100,100048,100,99863,100,100053,100,99845,100,100061,100,99815,100,100091,100,99802,100,100111,100,99774,100,100126,100,99648,100
2019-06-28 09:46:10.000000000,99986,243,99918,243,100001,239,99913,239,100030,433,99912,239,100043,400,99904,100,100048,100,99863,100,100053,100,99845,100,100061,100,99815,100,100091,100,99802,100,100111,100,99774,100,100126,100,99648,100
2019-06-28 09:46:18.261094304,99923,100,99918,243,99986,243,99913,239,100001,239,99912,239,100030,433,99904,100,100043,400,99863,100,100048,100,99845,100,100053,100,99815,100,100061,100,99802,100,100091,100,99774,100,100111,100,99648,100
2019-06-28 09:46:20.000000000,99923,184,99918,184,99986,184,99913,184,100001,184,99912,184,100030,378,99904,184,100043,484,99863,184,100048,100,99845,100,100053,100,99815,100,100061,100,99802,100,100091,100,99774,100,100111,100,99648,100
2019-06-28 09:46:29.786005996,99923,184,99918,184,99986,184,99913,184,100001,184,99912,184,100030,378,99904,184,100043,484,99863,184,100048,100,99845,100,100053,100,99815,100,100061,100,99802,100,100091,100,99774,100,100111,100,99743,100
2019-06-28 09:46:30.000000000,99923,243,99918,243,99986,239,99913,239,100001,239,99912,239,100030,294,99904,100,100043,400,99863,100,100048,100,99845,100,100053,100,99815,100,100061,100,99802,100,100091,100,99774,100,100111,100,99743,100
2019-06-28 09:46:36.797329978,99923,243,99918,243,99986,239,99913,239,100001,239,99912,239,100030,294,99904,100,100043,400,99863,100,100048,100,99845,100,100053,100,99802,100,100061,100,99774,100,100091,100,99743,100,100111,100,99648,100
2019-06-28 09:46:38.661995311,99923,243,99918,243,99986,239,99913,239,100001,239,99912,239,100030,294,99904,100,100043,400,99863,100,100048,100,99845,100,100053,100,99802,100,100061,100,99774,100,100091,100,99743,100,100111,100,99648,100
2019-06-28 09:46:40.000000000,99923,206,99918,206,99986,206,99913,206,100001,206,99912,206,100030,400,99904,206,100043,400,99863,100,100048,100,99845,100,100053,100,99802,100,100061,100,99774,100,100091,100,99743,100,100111,100,99648,100
2019-06-28 09:46:50.000000000,99923,184,99918,184,99986,184,99913,184,100001,184,99912,184,100030,378,99904,184,100043,484,99863,184,100048,100,99845,100,100053,100,99802,100,100061,100,99774,100,100091,100,99743,100,100111,100,99648,100
2019-06-28 09:46:58.895970654,99923,184,99918,184,99986,184,99913,184,100001,184,99912,184,100030,378,99904,184,100043,484,99863,184,100048,100,99845,100,100053,100,99802,100,100061,100,99774,100,100091,100,99743,100,100111,100,99742,100
2019-06-28 09:47:00.000000000,99923,522,99918,522,99986,100,99913,100,100001,100,99912,100,100030,294,99904,100,100043,400,99863,100,100048,100,99845,100,100053,100,99802,100,100061,100,99774,100,100091,100,99743,100,100111,100,99742,100
2019-06-28 09:47:08.069526959,99923,422,99918,522,99986,100,99913,100,100001,100,99912,100,100030,294,99904,100,100043,400,99863,100,100048,100,99845,100,100053,100,99802,100,100061,100,99774,100,100091,100,99743,100,100111,100,99742,100
2019-06-28 09:47:10.000000000,99986,311,99918,311,100001,311,99913,311,100030,294,99912,100,100043,400,99904,100,100048,100,99863,100,100053,100,99845,100,100061,100,99802,100,100091,100,99774,100,100111,100,99743,100,100126,100,99742,100
2019-06-28 09:47:20.000000000,99986,206,99918,206,100001,206,99913,206,100030,400,99912,206,100043,506,99904,206,100048,100,99863,100,100053,100,99845,100,100061,100,99802,100,100091,100,99774,100,100111,100,99743,100,100126,100,99742,100
2019-06-28 09:47:30.000000000,99986,311,99918,311,100001,311,99913,311,100030,294,99912,100,100043,400,99904,100,100048,100,99863,100,100053,100,99845,100,100061,100,99802,100,100091,100,99774,100,100111,100,99743,100,100126,100,99742,100
2019-06-28 09:47:36.575412380,99986,311,99918,211,100001,311,99913,311,100030,294,99912,100,100043,400,99904,100,100048,100,99863,100,100053,100,99845,100,100061,100,99802,100,100091,100,99774,100,100111,100,99743,100,100126,100,99742,100
2019-06-28 09:47:38.538160136,99986,311,99918,211,100001,311,99913,211,100030,294,99912,100,100043,400,99904,100,100048,100,99863,100,100053,100,99845,100,100061,100,99802,100,100091,100,99774,100,100111,100,99743,100,100126,100,99742,100
2019-06-28 09:47:40.000000000,99986,522,99912,522,100001,100,99904,100,100030,294,99863,100,100043,400,99845,100,100048,100,99802,100,100053,100,99774,100,100061,100,99743,100,100091,100,99742,100,100111,100,99657,100,100126,100,99648,100
2019-06-28 09:47:50.000000000,99986,206,99912,206,100001,206,99904,206,100030,400,99863,206,100043,506,99845,206,100048,100,99802,100,100053,100,99774,100,100061,100,99743,100,100091,100,99742,100,100111,100,99657,100,100126,100,99648,100
2019-06-28 09:47:56.036893582,99986,206,99912,106,100001,206,99904,206,100030,400,99863,206,100043,506,99845,206,100048,100,99802,100,100053,100,99774,100,100061,100,99743,100,100091,100,99742,100,100111,100,99657,100,100126,100,99648,100
2019-06-28 09:48:00.000000000,99986,184,99904,184,100001,184,99863,184,100030,378,99845,184,100043,484,99802,184,100048,184,99774,184,100053,100,99743,100,100061,100,99742,100,100091,100,99657,100,100111,100,99648,100,100126,100,99522,100
2019-06-28 09:48:02.080087635,99986,184,99904,184,100001,184,99863,184,100030,378,99845,184,100043,484,99802,184,100048,184,99774,184,100061,100,99743,100,100091,100,99742,100,100111,100,99657,100,100126,100,99648,100,100136,100,99522,100
2019-06-28 09:48:10.000000000,99986,311,99904,311,100001,311,99863,311,100030,294,99845,100,100043,400,99802,100,100048,100,99774,100,100061,100,99743,100,100091,100,99742,100,100111,100,99657,100,100126,100,99648,100,100136,100,99522,100
2019-06-28 09:48:20.000000000,99986,206,99904,206,100001,206,99863,206,100030,400,99845,206,100043,506,99802,206,100048,100,99774,100,100061,100,99743,100,100091,100,99742,100,100111,100,99657,100,100126,100,99648,100,100136,100,99522,100
2019-06-28 09:48:23.763933966,99986,206,99904,206,100001,206,99863,206,100030,400,99845,206,100043,506,99802,206,100048,100,99774,100,100061,100,99743,100,100091,100,99742,100,100111,100,99657,100,100126,100,99648,100,100136,100,99590,100
2019-06-28 09:48:29.278795271,99986,206,99904,106,100001,206,99863,206,100030,400,99845,206,100043,506,99802,206,100048,100,99774,100,100061,100,99743,100,100091,100,99742,100,100111,100,99657,100,100126,100,99648,100,100136,100,99590,100
2019-06-28 09:48:30.000000000,99986,311,99863,311,100001,311,99845,311,100030,294,99802,100,100043,400,99774,100,100048,100,99743,100,100061,100,99742,100,100091,100,99657,100,100111,100,99648,100,100126,100,99590,100,100136,100,99522,100
2019-06-28 09:48:39.822852554,99986,311,99863,311,100001,311,99845,311,100030,294,99802,100,100043,400,99774,100,100048,100,99743,100,100061,100,99742,100,100091,100,99724,100,100111,100,99657,100,100126,100,99648,100,100136,100,99590,100
2019-06-28 09:48:40.000000000,99986,243,99863,243,100001,239,99845,239,100030,433,99802,239,100043,400,99774,100,100048,100,99743,100,100061,100,99742,100,100091,100,99724,100,100111,100,99657,100,100126,100,99648,100,100136,100,99590,100
2019-06-28 09:48:50.000000000,99986,311,99863,311,100001,311,99845,311,100030,294,99802,100,100043,400,99774,100,100048,100,99743,100,100061,100,99742,100,100091,100,99724,100,100111,100,99657,100,100126,100,99648,100,100136,100,99590,100
2019-06-28 09:48:59.544946056,99986,311,99863,311,99988,100,99845,311,100001,311,99802,100,100030,294,99774,100,100043,400,99743,100,100048,100,99742,100,100061,100,99724,100,100091,100,99657,100,100111,100,99648,100,100126,100,99590,100
2019-06-28 09:49:00.000000000,99986,206,99863,206,99988,206,99845,206,100001,206,99802,206,100030,400,99774,206,100043,400,99743,100,100048,100,99742,100,100061,100,99724,100,100091,100,99657,100,100111,100,99648,100,100126,100,99590,100
2019-06-28 09:49:10.000000000,99986,243,99863,243,99988,239,99845,239,100001,239,99802,239,100030,294,99774,100,100043,400,99743,100,100048,100,99742,100,100061,100,99724,100,100091,100,99657,100,100111,100,99648,100,100126,100,99590,100
2019-06-28 09:49:20.000000000,99986,311,99863,311,99988,311,99845,311,100001,100,99802,100,100030,294,99774,100,100043,400,99743,100,100048,100,99742,100,100061,100,99724,100,100091,100,99657,100,100111,100,99648,100,100126,100,99590,100
2019-06-28 09:49:30.000000000,99986,522,99863,522,99988,100,99845,100,100001,100,99802,100,100030,294,99774,100,100043,400,99743,100,100048,100,99742,100,100061,100,99724,100,100091,100,99657,100,100111,100,99648,100,100126,100,99590,100
2019-06-28 09:49:33.703801916,99986,522,99863,522,99988,100,99845,100,100001,100,99802,100,100030,294,99774,100,100043,400,99743,100,100048,100,99742,100,100061,100,99724,100,100091,100,99648,100,100111,100,99590,100,100126,100,99522,100
2019-06-28 09:49:40.000000000,99986,243,99863,243,99988,239,99845,239,100001,239,99802,239,100030,294,99774,100,100043,400,99743,100,100048,100,99742,100,100061,100,99724,100,100091,100,99648,100,100111,100,99590,100,100126,100,99522,100
2019-06-28 09:49:50.000000000,99986,243,99863,243,99988,239,99845,239,100001,239,99802,239,100030,294,99774,100,100043,400,99743,100,100048,100,99742,100,100061,100,99724,100,100091,100,99648,100,100111,100,99590,100,100126,100,99522,100
2019-06-28 09:50:00.000000000,99986,206,99863,206,99988,206,99845,206,100001,206,99802,206,100030,400,99774,206,100043,400,99743,100,100048,100,99742,100,100061,100,99724,100,100091,100,99648,100,100111,100,99590,100,100126,100,99522,100
2019-06-28 09:50:03.114413221,99986,206,99930,100,99988,206,99863,206,100001,206,99845,206,100030,400,99802,206,100043,400,99774,206,100048,100,99743,100,100061,100,99742,100,100091,100,99724,100,100111,100,99648,100,100126,100,99590,100
2019-06-28 09:50:10.000000000,99986,522,99930,522,99988,100,99863,100,100001,100,99845,100,100030,294,99802,100,100043,400,99774,100,100048,100,99743,100,100061,100,99742,100,100091,100,99724,100,100111,100,99648,100,100126,100,99590,100
2019-06-28 09:50:20.000000000,99986,184,99930,184,99988,184,99863,184,100001,184,99845,184,100030,378,99802,184,100043,484,99774,184,100048,100,99743,100,100061,100,99742,100,100091,100,99724,100,100111,100,99648,100,100126,100,99590,100
2019-06-28 09:50:30.000000000,99986,311,99930,311,99988,311,99863,311,100001,100,99845,100,100030,294,99802,100,100043,400,99774,100,100048,100,99743,100,100061,100,99742,100,100091,100,99724,100,100111,100,99648,100,100126,100,99590,100
2019-06-28 09:50:40.000000000,99986,184,99930,184,99988,184,99863,184,100001,184,99845,184,100030,378,99802,184,100043,484,99774,184,100048,100,99743,100,100061,100,99742,100,100091,100,99724,100,100111,100,99648,100,100126,100,99590,100
2019-06-28 09:50:45.626243945,99986,184,99930,84,99988,184,99863,184,100001,184,99845,184,100030,378,99802,184,100043,384,99774,184,100048,100,99743,100,100061,100,99742,100,100091,100,99724,100,100111,100,99648,100,100126,100,99590,100
2019-06-28 09:50:50.000000000,99986,311,99863,311,99988,311,99845,311,100001,100,99802,100,100030,294,99774,100,100043,300,99743,100,100048,100,99742,100,100061,100,99724,100,100091,100,99648,100,100111,100,99590,100,100126,100,99522,100
2019-06-28 09:50:52.560998554,99986,311,99964,100,99988,311,99863,311,100001,100,99845,311,100030,294,99802,100,100043,300,99774,100,100048,100,99743,100,100061,100,99742,100,100091,100,99724,100,100111,100,99648,100,100126,100,99590,100
2019-06-28 09:50:53.314693817,99986,311,99863,311,99988,311,99845,311,100001,100,99802,100,100030,294,99774,100,100043,300,99743,100,100048,100,99742,100,100061,100,99724,100,100091,100,99648,100,100111,100,99590,100,100126,100,99522,100
2019-06-28 09:51:00.000000000,99986,243,99863,243,99988,239,99845,239,100001,239,99802,239,100030,294,99774,100,100043,300,99743,100,100048,100,99742,100,100061,100,99724,100,100091,100,99648,100,100111,100,99590,100,100126,100,99522,100
2019-06-28 09:51:10.000000000,99986,184,99863,184,99988,184,99845,184,100001,184,99802,184,100030,378,99774,184,100043,384,99743,184,100048,100,99742,100,100061,100,99724,100,100091,100,99648,100,100111,100,99590,100,100126,100,99522,100
2019-06-28 09:51:13.457431429,99911,100,99863,184,99986,184,99845,184,99988,184,99802,184,100001,184,99774,184,100030,378,99743,184,100043,384,99742,100,100048,100,99724,100,100061,100,99648,100,100091,100,99590,100,100111,100,99522,100
2019-06-28 09:51:20.000000000,99911,206,99863,206,99986,206,99845,206,99988,206,99802,206,100001,206,99774,206,100030,294,99743,100,100043,300,99742,100,100048,100,99724,100,100061,100,99648,100,100091,100,99590,100,100111,100,99522,100
2019-06-28 09:51:25.284393279,99911,206,99863,106,99986,206,99845,206,99988,206,99802,206,100001,206,99774,206,100030,294,99743,100,100043,300,99742,100,100048,100,99724,100,100061,100,99648,100,100091,100,99590,100,100111,100,99522,100
2019-06-28 09:51:30.000000000,99911,184,99845,184,99986,184,99802,184,99988,184,99774,184,100001,184,99743,184,100030,378,99742,184,100043,300,99724,100,100048,100,99648,100,100061,100,99590,100,100091,100,99522,100,100111,100,99388,100
2019-06-28 09:51:33.138328231,99910,100,99845,184,99911,184,99802,184,99986,184,99774,184,99988,184,99743,184,100001,184,99742,184,100030,378,99724,100,100043,300,99648,100,100048,100,99590,100,100061,100,99522,100,100091,100,99388,100
2019-06-28 09:51:40.000000000,99910,522,99845,522,99911,100,99802,100,99986,100,99774,100,99988,100,99743,100,100001,100,99742,100,100030,294,99724,100,100043,300,99648,100,100048,100,99590,100,100061,100,99522,100,100091,100,99388,100
2019-06-28 09:51:50.000000000,99910,184,99845,184,99911,184,99802,184,99986,184,99774,184,99988,184,99743,184,100001,184,99742,184,100030,294,99724,100,100043,300,99648,100,100048,100,99590,100,100061,100,99522,100,100091,100,99388,100
2019-06-28 09:52:00.000000000,99910,522,99845,522,99911,100,99802,100,99986,100,99774,100,99988,100,99743,100,100001,100,99742,100,100030,294,99724,100,100043,300,99648,100,100048,100,99590,100,100061,100,99522,100,100091,100,99388,100
2019-06-28 09:52:01.779421511,99910,522,99845,422,99911,100,99802,100,99986,100,99774,100,99988,100,99743,100,100001,100,99742,100,100030,294,99724,100,100043,300,99648,100,100048,100,99590,100,100061,100,99522,100,100091,100,99388,100
2019-06-28 09:52:10.000000000,99910,311,99802,311,99911,311,99774,311,99986,100,99743,100,99988,100,99742,100,100001,100,99724,100,100030,294,99648,100,100043,300,99590,100,100048,100,99522,100,100061,100,99388,100,100091,100,,
2019-06-28 09:52:20.000000000,99910,522,99802,522,99911,100,99774,100,99986,100,99743,100,99988,100,99742,100,100001,100,99724,100,100030,294,99648,100,100043,300,99590,100,100048,100,99522,100,100061,100,99388,100,100091,100,,
2019-06-28 09:52:24.302053242,99863,100,99802,522,99910,522,99774,100,99911,100,99743,100,99986,100,99742,100,99988,100,99724,100,100001,100,99648,100,100030,294,99590,100,100043,300,99522,100,100048,100,99388,100,100061,100,,
2019-06-28 09:52:26.031369879,99863,100,99802,522,99910,522,99774,100,99911,100,99743,100,99986,100,99742,100,99988,100,99724,100,100001,100,99648,100,100030,294,99590,100,100043,300,99522,100,100048,100,99488,100,100061,100,99388,100
2019-06-28 09:52:30.000000000,99863,522,99802,522,99910,100,99774,100,99911,100,99743,100,99986,100,99742,100,99988,100,99724,100,100001,100,99648,100,100030,294,99590,100,100043,300,99522,100,100048,100,99488,100,100061,100,99388,100
2019-06-28 09:52:39.578451294,99863,522,99802,422,99910,100,99774,100,99911,100,99743,100,99986,100,99742,100,99988,100,99724,100,100001,100,99648,100,100030,294,99590,100,100043,300,99522,100,100048,100,99488,100,100061,100,99388,100
2019-06-28 09:52:40.000000000,99863,206,99774,206,99910,206,99743,206,99911,206,99742,206,99986,206,99724,206,99988,100,99648,100,100001,100,99590,100,100030,294,99522,100,100043,300,99488,100,100048,100,99388,100,100061,100,,
2019-06-28 09:52:42.762667119,99863,206,99774,206,99910,206,99743,206,99911,206,99742,206,99986,206,99724,206,99988,100,99678,100,100001,100,99648,100,100030,294,99590,100,100043,300,99522,100,100048,100,99488,100,100061,100,99388,100
2019-06-28 09:52:44.631433921,99845,100,99774,206,99863,206,99743,206,99910,206,99742,206,99911,206,99724,206,99986,206,99678,100,99988,100,99648,100,100001,100,99590,100,100030,294,99522,100,100043,300,99488,100,100048,100,99388,100
2019-06-28 09:52:45.345332798,99845,200,99774,206,99863,206,99743,206,99910,206,99742,206,99911,206,99724,206,99986,206,99678,100,99988,100,99648,100,100001,100,99590,100,100030,294,99522,100,100043,300,99488,100,100048,100,99388,100
2019-06-28 09:52:50.000000000,99845,306,99774,206,99863,206,99743,206,99910,206,99742,206,99911,206,99724,206,99986,100,99678,100,99988,100,99648,100,100001,100,99590,100,100030,294,99522,100,100043,300,99488,100,100048,100,99388,100
2019-06-28 09:53:00.000000000,99845,622,99774,522,99863,100,99743,100,99910,100,99742,100,99911,100,99724,100,99986,100,99678,100,99988,100,99648,100,100001,100,99590,100,100030,294,99522,100,100043,300,99488,100,100048,100,99388,100
2019-06-28 09:53:10.000000000,99845,622,99774,522,99863,100,99743,100,99910,100,99742,100,99911,100,99724,100,99986,100,99678,100,99988,100,99648,100,100001,100,99590,100,100030,294,99522,100,100043,300,99488,100,100048,100,99388,100
2019-06-28 09:53:19.213791294,99845,622,99780,100,99863,100,99774,522,99910,100,99743,100,99911,100,99742,100,99986,100,99724,100,99988,100,99678,100,100001,100,99648,100,100030,294,99590,100,100043,300,99522,100,100048,100,99488,100
2019-06-28 09:53:20.000000000,99845,284,99780,184,99863,184,99774,184,99910,184,99743,184,99911,184,99742,184,99986,184,99724,184,99988,100,99678,100,100001,100,99648,100,100030,294,99590,100,100043,300,99522,100,100048,100,99488,100
2019-06-28 09:53:30.000000000,99845,343,99780,243,99863,239,99774,239,99910,239,99743,239,99911,100,99742,100,99986,100,99724,100,99988,100,99678,100,100001,100,99648,100,100030,294,99590,100,100043,300,99522,100,100048,100,99488,100
2019-06-28 09:53:40.000000000,99845,622,99780,522,99863,100,99774,100,99910,100,99743,100,99911,100,99742,100,99986,100,99724,100,99988,100,99678,100,100001,100,99648,100,100030,294,99590,100,100043,300,99522,100,100048,100,99488,100
2019-06-28 09:53:43.034577482,99845,522,99780,522,99863,100,99774,100,99910,100,99743,100,99911,100,99742,100,99986,100,99724,100,99988,100,99678,100,100001,100,99648,100,100030,294,99590,100,100043,300,99522,100,100048,100,99488,100
2019-06-28 09:53:50.000000000,99845,206,99780,206,99863,206,99774,206,99910,206,99743,206,99911,206,99742,206,99986,100,99724,100,99988,100,99678,100,100001,100,99648,100,100030,294,99590,100,100043,300,99522,100,100048,100,99488,100
2019-06-28 09:53:57.251220703,99844,100,99780,206,99845,206,99774,206,99863,206,99743,206,99910,206,99742,206,99911,206,99724,100,99986,100,99678,100,99988,100,99648,100,100001,100,99590,100,100030,294,99522,100,100043,300,99488,100
2019-06-28 09:54:00.000000000,99844,184,99780,184,99845,184,99774,184,99863,184,99743,184,99910,184,99742,184,99911,184,99724,184,99986,100,99678,100,99988,100,99648,100,100001,100,99590,100,100030,294,99522,100,100043,300,99488,100
2019-06-28 09:54:10.000000000,99844,184,99780,184,99845,184,99774,184,99863,184,99743,184,99910,184,99742,184,99911,184,99724,184,99986,100,99678,100,99988,100,99648,100,100001,100,99590,100,100030,294,99522,100,100043,300,99488,100
2019-06-28 09:54:20.000000000,99844,522,99780,522,99845,100,99774,100,99863,100,99743,100,99910,100,99742,100,99911,100,99724,100,99986,100,99678,100,99988,100,99648,100,100001,100,99590,100,100030,294,99522,100,100043,300,99488,100
2019-06-28 09:54:30.000000000,99844,206,99780,206,99845,206,99774,206,99863,206,99743,206,99910,206,99742,206,99911,100,99724,100,99986,100,99678,100,99988,100,99648,100,100001,100,99590,100,100030,294,99522,100,100043,300,99488,100
2019-06-28 09:54:40.000000000,99844,184,99780,184,99845,184,99774,184,99863,184,99743,184,99910,184,99742,184,99911,184,99724,184,99986,100,99678,100,99988,100,99648,100,100001,100,99590,100,100030,294,99522,100,100043,300,99488,100
2019-06-28 09:54:50.000000000,99844,243,99780,243,99845,239,99774,239,99863,239,99743,239,99910,100,99742,100,99911,100,99724,100,99986,100,99678,100,99988,100,99648,100,100001,100,99590,100,100030,294,99522,100,100043,300,99488,100
2019-06-28 09:54:59.563513723,99844,343,99780,243,99845,239,99774,239,99863,239,99743,239,99910,100,99742,100,99911,100,99724,100,99986,100,99678,100,99988,100,99648,100,100001,100,99590,100,100030,294,99522,100,100043,200,99488,100
2019-06-28 09:55:00.000000000,99844,306,99780,206,99845,206,99774,206,99863,206,99743,206,99910,206,99742,206,99911,100,99724,100,99986,100,99678,100,99988,100,99648,100,100001,100,99590,100,100030,294,99522,100,100043,200,99488,100
2019-06-28 09:55:10.000000000,99844,343,99780,243,99845,239,99774,239,99863,239,99743,239,99910,100,99742,100,99911,100,99724,100,99986,100,99678,100,99988,100,99648,100,100001,100,99590,100,100030,294,99522,100,100043,200,99488,100
2019-06-28 09:55:20.000000000,99844,284,99780,184,99845,184,99774,184,99863,184,99743,184,99910,184,99742,184,99911,184,99724,184,99986,100,99678,100,99988,100,99648,100,100001,100,99590,100,100030,294,99522,100,100043,200,99488,100
2019-06-28 09:55:27.658704701,99844,284,99780,184,99845,184,99774,184,99863,184,99743,184,99910,184,99742,184,99911,184,99724,184,99933,100,99678,100,99986,100,99648,100,99988,100,99590,100,100001,100,99522,100,100030,294,99488,100
2019-06-28 09:55:30.000000000,99844,343,99780,243,99845,239,99774,239,99863,239,99743,239,99910,100,99742,100,99911,100,99724,100,99933,100,99678,100,99986,100,99648,100,99988,100,99590,100,100001,100,99522,100,100030,294,99488,100
2019-06-28 09:55:36.342035901,99844,343,99780,243,99845,239,99774,239,99863,239,99743,239,99910,100,99742,100,99911,100,99724,100,99933,100,99678,100,99986,100,99648,100,99988,100,99590,100,100001,100,99522,100,100030,294,99488,100
2019-06-28 09:55:40.000000000,99844,411,99780,311,99845,311,99774,311,99863,100,99743,100,99910,100,99742,100,99911,100,99724,100,99933,100,99678,100,99986,100,99648,100,99988,100,99590,100,100001,100,99522,100,100030,294,99488,100
2019-06-28 09:55:40.846645304,99844,411,99780,211,99845,311,99774,311,99863,100,99743,100,99910,100,99742,100,99911,200,99724,100,99933,100,99678,100,99986,100,99648,100,99988,100,99590,100,100001,100,99522,100,100030,294,99488,100
2019-06-28 09:55:46.580913562,99841,100,99780,211,99844,411,99774,311,99845,311,99743,100,99863,100,99742,100,99910,100,99724,100,99911,200,99678,100,99933,100,99648,100,99986,100,99590,100,99988,100,99522,100,100001,100,99488,100
2019-06-28 09:55:50.000000000,99841,311,99774,311,99844,411,99743,311,99845,100,99742,100,99863,100,99724,100,99910,100,99678,100,99911,200,99648,100,99933,100,99590,100,99986,100,99522,100,99988,100,99488,100,100001,100,99388,100
2019-06-28 09:55:50.204464598,99841,311,99774,311,99844,411,99743,311,99845,100,99742,100,99863,100,99724,100,99910,100,99682,100,99911,200,99678,100,99933,100,99648,100,99986,100,99590,100,99988,100,99522,100,100001,100,99488,100
2019-06-28 09:55:53.798459134,99841,211,99774,311,99844,411,99743,311,99845,100,99742,100,99863,100,99682,100,99910,100,99678,100,99911,200,99648,100,99933,100,99590,100,99986,100,99522,100,99988,100,99488,100,100001,100,99388,100
2019-06-28 09:55:55.996613406,99840,100,99774,311,99841,211,99743,311,99844,411,99742,100,99845,100,99682,100,99863,100,99678,100,99910,100,99648,100,99911,200,99590,100,99933,100,99522,100,99986,100,99488,100,99988,100,99388,100
2019-06-28 09:56:00.000000000,99840,206,99774,206,99844,306,99743,206,99845,206,99742,206,99863,206,99682,206,99910,100,99678,100,99911,200,99648,100,99933,100,99590,100,99986,100,99522,100,99988,100,99488,100,100001,100,99388,100
2019-06-28 09:56:10.000000000,99840,206,99774,206,99844,306,99743,206,99845,206,99742,206,99863,206,99682,206,99910,100,99678,100,99911,200,99648,100,99933,100,99590,100,99986,100,99522,100,99988,100,99488,100,100001,100,99388,100
2019-06-28 09:56:14.783630501,99840,106,99774,206,99844,306,99743,206,99845,206,99742,206,99863,206,99682,206,99910,100,99678,100,99911,200,99648,100,99933,100,99590,100,99986,100,99522,100,99988,100,99488,100,100001,100,99388,100
2019-06-28 09:56:20.000000000,99844,411,99774,311,99845,311,99743,311,99863,100,99742,100,99910,100,99682,100,99911,200,99678,100,99933,100,99648,100,99986,100,99590,100,99988,100,99522,100,100001,100,99488,100,100030,294,99388,100
2019-06-28 09:56:28.069040437,99844,411,99774,311,99845,311,99743,311,99863,100,99742,100,99910,100,99682,100,99911,200,99678,100,99933,100,99648,100,99986,100,99590,100,99988,100,99522,100,100001,100,99488,100,100030,294,99388,100
2019-06-28 09:56:30.000000000,99844,306,99774,206,99845,206,99743,206,99863,206,99742,206,99910,206,99682,206,99911,200,99678,100,99933,100,99648,100,99986,100,99590,100,99988,100,99522,100,100001,100,99488,100,100030,294,99388,100
2019-06-28 09:56:34.435164055,99844,306,99774,206,99845,206,99743,206,99863,206,99742,206,99910,206,99682,206,99911,200,99678,100,99933,100,99648,100,99953,100,99590,100,99986,100,99522,100,99988,100,99488,100,100001,100,99388,100
2019-06-28 09:56:36.729852501,99844,206,99774,206,99845,206,99743,206,99863,206,99742,206,99910,206,99682,206,99911,200,99678,100,99933,100,99648,100,99953,100,99590,100,99986,100,99522,100,99988,100,99488,100,100001,100,99388,100
2019-06-28 09:56:39.883935637,99844,206,99774,206,99845,206,99743,206,99863,206,99742,206,99910,206,99682,206,99911,200,99678,100,99933,100,99648,100,99953,100,99590,100,99988,100,99522,100,100001,100,99488,100,100030,294,99388,100
2019-06-28 09:56:40.000000000,99844,243,99774,243,99845,239,99743,239,99863,239,99742,239,99910,100,99682,100,99911,200,99678,100,99933,100,99648,100,99953,100,99590,100,99988,100,99522,100,100001,100,99488,100,100030,294,99388,100
2019-06-28 09:56:43.858137000,99844,243,99831,100,99845,239,99774,243,99863,239,99743,239,99910,100,99742,239,99911,200,99682,100,99933,100,99678,100,99953,100,99648,100,99988,100,99590,100,100001,100,99522,100,100030,294,99488,100
2019-06-28 09:56:50.000000000,99844,311,99831,311,99845,311,99774,311,99863,100,99743,100,99910,100,99742,100,99911,200,99682,100,99933,100,99678,100,99953,100,99648,100,99988,100,99590,100,100001,100,99522,100,100030,294,99488,100
2019-06-28 09:57:00.000000000,99844,206,99831,206,99845,206,99774,206,99863,206,99743,206,99910,206,99742,206,99911,200,99682,100,99933,100,99678,100,99953,100,99648,100,99988,100,99590,100,100001,100,99522,100,100030,294,99488,100
2019-06-28 09:57:10.000000000,99844,522,99831,522,99845,100,99774,100,99863,100,99743,100,99910,100,99742,100,99911,200,99682,100,99933,100,99678,100,99953,100,99648,100,99988,100,99590,100,100001,100,99522,100,100030,294,99488,100
2019-06-28 09:57:10.900944867,99844,522,99831,522,99845,100,99774,100,99863,100,99743,100,99910,100,99682,100,99911,200,99678,100,99933,100,99648,100,99953,100,99590,100,99979,100,99522,100,99988,100,99488,100,100001,100,99388,100
2019-06-28 09:57:13.433426551,99844,522,99831,522,99845,100,99774,100,99863,100,99743,100,99910,100,99682,100,99911,200,99678,100,99933,100,99654,100,99953,100,99648,100,99979,100,99590,100,99988,100,99522,100,100001,100,99488,100
2019-06-28 09:57:20.000000000,99844,522,99831,522,99845,100,99774,100,99863,100,99743,100,99910,100,99682,100,99911,200,99678,100,99933,100,99654,100,99953,100,99648,100,99979,100,99590,100,99988,100,99522,100,100001,100,99488,100
2019-06-28 09:57:30.000000000,99844,311,99831,311,99845,311,99774,311,99863,100,99743,100,99910,100,99682,100,99911,200,99678,100,99933,100,99654,100,99953,100,99648,100,99979,100,99590,100,99988,100,99522,100,100001,100,99488,100
2019-06-28 09:57:32.074409927,99844,311,99831,311,99845,311,99774,311,99863,100,99743,100,99910,100,99682,100,99911,200,99678,100,99933,100,99654,100,99979,100,99648,100,99988,100,99590,100,100001,100,99522,100,100030,294,99488,100
2019-06-28 09:57:32.309026706,99844,211,99831,311,99845,311,99774,311,99863,100,99743,100,99910,100,99682,100,99911,200,99678,100,99933,100,99654,100,99979,100,99648,100,99988,100,99590,100,100001,100,99522,100,100030,294,99488,100
2019-06-28 09:57:40.000000000,99845,243,99831,243,99863,239,99774,239,99910,239,99743,239,99911,200,99682,100,99933,100,99678,100,99979,100,99654,100,99988,100,99648,100,100001,100,99590,100,100030,294,99522,100,100043,200,99488,100
2019-06-28 09:57:41.851731839,99839,100,99831,243,99845,243,99774,239,99863,239,99743,239,99910,239,99682,100,99911,200,99678,100,99933,100,99654,100,99979,100,99648,100,99988,100,99590,100,100001,100,99522,100,100030,294,99488,100
2019-06-28 09:57:43.826216945,99839,200,99831,243,99845,243,99774,239,99863,239,99743,239,99910,239,99682,100,99911,200,99678,100,99933,100,99654,100,99979,100,99648,100,99988,100,99590,100,100001,100,99522,100,100030,294,99488,100
2019-06-28 09:57:45.968198832,99839,200,99831,243,99845,243,99774,239,99863,239,99752,100,99910,239,99743,239,99911,200,99682,100,99933,100,99678,100,99979,100,99654,100,99988,100,99648,100,100001,100,99590,100,100030,294,99522,100
2019-06-28 09:57:50.000000000,99839,411,99831,311,99845,311,99774,311,99863,100,99752,100,99910,100,99743,100,99911,200,99682,100,99933,100,99678,100,99979,100,99654,100,99988,100,99648,100,100001,100,99590,100,100030,294,99522,100
2019-06-28 09:58:00.000000000,99839,411,99831,311,99845,311,99774,311,99863,100,99752,100,99910,100,99743,100,99911,200,99682,100,99933,100,99678,100,99979,100,99654,100,99988,100,99648,100,100001,100,99590,100,100030,294,99522,100
2019-06-28 09:58:02.472816113,99839,411,99831,311,99845,311,99774,311,99863,100,99752,100,99910,100,99743,100,99911,200,99682,100,99933,100,99678,100,99979,100,99654,100,99988,100,99648,100,100001,100,99620,100,100030,294,99590,100
2019-06-28 09:58:10.000000000,99839,284,99831,184,99845,184,99774,184,99863,184,99752,184,99910,184,99743,184,99911,284,99682,184,99933,100,99678,100,99979,100,99654,100,99988,100,99648,100,100001,100,99620,100,100030,294,99590,100
2019-06-28 09:58:20.000000000,99839,284,99831,184,99845,184,99774,184,99863,184,99752,184,99910,184,99743,184,99911,284,99682,184,99933,100,99678,100,99979,100,99654,100,99988,100,99648,100,100001,100,99620,100,100030,294,99590,100
2019-06-28 09:58:21.055871805,99839,284,99831,184,99845,184,99774,184,99863,184,99752,184,99910,184,99743,184,99911,284,99726,100,99933,100,99682,184,99979,100,99678,100,99988,100,99654,100,100001,100,99648,100,100030,294,99620,100
2019-06-28 09:58:30.000000000,99839,306,99831,206,99845,206,99774,206,99863,206,99752,206,99910,206,99743,206,99911,200,99726,100,99933,100,99682,100,99979,100,99678,100,99988,100,99654,100,100001,100,99648,100,100030,294,99620,100
2019-06-28 09:58:40.000000000,99839,622,99831,522,99845,100,99774,100,99863,100,99752,100,99910,100,99743,100,99911,200,99726,100,99933,100,99682,100,99979,100,99678,100,99988,100,99654,100,100001,100,99648,100,100030,294,99620,100
2019-06-28 09:58:50.000000000,99839,411,99831,311,99845,311,99774,311,99863,100,99752,100,99910,100,99743,100,99911,200,99726,100,99933,100,99682,100,99979,100,99678,100,99988,100,99654,100,100001,100,99648,100,100030,294,99620,100
2019-06-28 09:59:00.000000000,99839,622,99831,522,99845,100,99774,100,99863,100,99752,100,99910,100,99743,100,99911,200,99726,100,99933,100,99682,100,99979,100,99678,100,99988,100,99654,100,100001,100,99648,100,100030,294,99620,100
2019-06-28 09:59:02.861508652,99839,622,99831,522,99845,100,99774,100,99863,100,99752,100,99910,100,99743,100,99911,200,99726,100,99933,100,99682,100,99979,100,99678,100,99988,100,99654,100,100001,100,99648,100,100030,294,99620,100
2019-06-28 09:59:10.000000000,99839,622,99831,522,99845,100,99774,100,99863,100,99752,100,99910,100,99743,100,99911,200,99726,100,99933,100,99682,100,99979,100,99678,100,99988,100,99654,100,100001,100,99648,100,100030,294,99620,100
2019-06-28 09:59:10.574918974,99839,622,99831,522,99845,100,99774,100,99863,100,99752,100,99910,100,99743,100,99911,200,99726,100,99933,100,99682,100,99979,100,99678,100,99988,100,99648,100,100001,100,99620,100,100030,294,99590,100
2019-06-28 09:59:20.000000000,99839,622,99831,522,99845,100,99774,100,99863,100,99752,100,99910,100,99743,100,99911,200,99726,100,99933,100,99682,100,99979,100,99678,100,99988,100,99648,100,100001,100,99620,100,100030,294,99590,100
2019-06-28 09:59:20.153587393,99839,622,99831,422,99845,100,99774,100,99863,100,99752,100,99910,100,99743,100,99911,200,99726,100,99933,100,99682,100,99979,100,99678,100,99988,100,99648,100,100001,100,99620,100,100030,294,99590,100
2019-06-28 09:59:26.127624038,99839,622,99831,422,99845,100,99774,100,99863,100,99752,100,99910,100,99743,100,99911,200,99726,100,99933,100,99682,100,99979,100,99678,100,99988,100,99648,100,100001,100,99620,100,100030,294,99590,100
2019-06-28 09:59:30.000000000,99839,411,99774,311,99845,311,99752,311,99863,100,99743,100,99910,100,99726,100,99911,200,99682,100,99933,100,99678,100,99979,100,99648,100,99988,100,99620,100,100001,100,99590,100,100030,294,99522,100
2019-06-28 09:59:40.000000000,99839,284,99774,184,99845,184,99752,184,99863,184,99743,184,99910,184,99726,184,99911,284,99682,184,99933,100,99678,100,99979,100,99648,100,99988,100,99620,100,100001,100,99590,100,100030,294,99522,100
2019-06-28 09:59:50.000000000,99839,411,99774,311,99845,311,99752,311,99863,100,99743,100,99910,100,99726,100,99911,200,99682,100,99933,100,99678,100,99979,100,99648,100,99988,100,99620,100,100001,100,99590,100,100030,294,99522,100
2019-06-28 10:00:00.000000000,99839,343,99774,243,99845,239,99752,239,99863,239,99743,239,99910,100,99726,100,99911,200,99682,100,99933,100,99678,100,99979,100,99648,100,99988,100,99620,100,100001,100,99590,100,100030,294,99522,100
2019-06-28 10:00:10.000000000,99839,622,99774,522,99845,100,99752,100,99863,100,99743,100,99910,100,99726,100,99911,200,99682,100,99933,100,99678,100,99979,100,99648,100,99988,100,99620,100,100001,100,99590,100,100030,294,99522,100
2019-06-28 10:00:20.000000000,99839,411,99774,311,99845,311,99752,311,99863,100,99743,100,99910,100,99726,100,99911,200,99682,100,99933,100,99678,100,99979,100,99648,100,99988,100,99620,100,100001,100,99590,100,100030,294,99522,100
2019-06-28 10:00:30.000000000,99839,284,99774,184,99845,184,99752,184,99863,184,99743,184,99910,184,99726,184,99911,284,99682,184,99933,100,99678,100,99979,100,99648,100,99988,100,99620,100,100001,100,99590,100,100030,294,99522,100
2019-06-28 10:00:33.246380081,99838,100,99774,184,99839,284,99752,184,99845,184,99743,184,99863,184,99726,184,99910,184,99682,184,99911,284,99678,100,99933,100,99648,100,99979,100,99620,100,99988,100,99590,100,100001,100,99522,100
2019-06-28 10:00:38.496483334,99838,100,99774,84,99839,284,99752,184,99845,184,99743,184,99863,184,99726,184,99910,184,99682,184,99911,284,99678,100,99933,100,99648,100,99979,100,99620,100,99988,100,99590,100,100001,100,99522,100
2019-06-28 10:00:40.000000000,99838,243,99752,243,99839,339,99743,239,99845,239,99726,239,99863,100,99682,100,99910,100,99678,100,99911,200,99648,100,99933,100,99620,100,99979,100,99590,100,99988,100,99522,100,100001,100,99488,100
2019-06-28 10:00:50.000000000,99838,184,99752,184,99839,284,99743,184,99845,184,99726,184,99863,184,99682,184,99910,184,99678,184,99911,200,99648,100,99933,100,99620,100,99979,100,99590,100,99988,100,99522,100,100001,100,99488,100
2019-06-28 10:00:56.103532686,99838,184,99752,84,99839,284,99743,184,99845,184,99726,184,99863,184,99682,184,99910,184,99678,184,99911,200,99648,100,99933,100,99620,100,99979,100,99590,100,99988,100,99522,100,100001,100,99488,100
2019-06-28 10:01:00.000000000,99838,206,99743,206,99839,306,99726,206,99845,206,99682,206,99863,206,99678,206,99910,100,99648,100,99911,200,99620,100,99933,100,99590,100,99979,100,99522,100,99988,100,99488,100,100001,100,99395,100
2019-06-28 10:01:03.381756095,99838,206,99743,106,99839,306,99726,206,99845,206,99682,206,99863,206,99678,206,99910,100,99648,100,99911,200,99620,100,99933,100,99590,100,99979,100,99522,100,99988,100,99488,100,100001,100,99395,100
2019-06-28 10:01:10.000000000,99838,184,99726,184,99839,284,99682,184,99845,184,99678,184,99863,184,99648,184,99910,184,99620,184,99911,200,99590,100,99933,100,99522,100,99979,100,99488,100,99988,100,99395,100,100001,100,99388,100
2019-06-28 10:01:20.000000000,99838,311,99726,311,99839,411,99682,311,99845,100,99678,100,99863,100,99648,100,99910,100,99620,100,99911,200,99590,100,99933,100,99522,100,99979,100,99488,100,99988,100,99395,100,100001,100,99388,100
2019-06-28 10:01:30.000000000,99838,206,99726,206,99839,306,99682,206,99845,206,99678,206,99863,206,99648,206,99910,100,99620,100,99911,200,99590,100,99933,100,99522,100,99979,100,99488,100,99988,100,99395,100,100001,100,99388,100
2019-06-28 10:01:30.689738386,99838,206,99726,206,99839,306,99682,206,99845,206,99678,206,99863,206,99648,206,99910,100,99620,100,99911,200,99590,100,99933,100,99522,100,99979,100,99488,100,99988,100,99395,100,100001,100,99388,100
2019-06-28 10:01:37.005081523,99838,206,99726,106,99839,306,99682,206,99845,206,99678,206,99863,206,99648,206,99910,100,99620,100,99911,200,99590,100,99933,100,99522,100,99979,100,99488,100,99988,100,99395,100,100001,100,99388,100
2019-06-28 10:01:40.000000000,99838,522,99682,522,99839,200,99678,100,99845,100,99648,100,99863,100,99620,100,99910,100,99590,100,99911,200,99522,100,99933,100,99488,100,99979,100,99395,100,99988,100,99388,100,100001,100,,
2019-06-28 10:01:43.952542788,99838,522,99682,422,99839,200,99678,100,99845,100,99648,100,99863,100,99620,100,99910,100,99590,100,99911,200,99488,100,99933,100,99395,100,99979,100,99388,100,99988,100,,,100001,100,,
2019-06-28 10:01:45.791637030,99838,522,99682,422,99839,200,99678,100,99845,100,99648,100,99863,100,99620,100,99910,100,99590,100,99911,200,99488,100,99933,100,99395,100,99979,100,99388,100,99988,100,98375,100,100001,100,,
2019-06-28 10:01:46.125309727,99838,522,99682,422,99839,200,99678,100,99845,100,99648,100,99863,100,99620,100,99910,100,99590,100,99911,200,99488,100,99933,100,99395,100,99979,100,99388,100,99988,100,98473,100,100001,100,98375,100
2019-06-28 10:01:50.000000000,99838,311,99678,311,99839,411,99648,311,99845,100,99620,100,99863,100,99590,100,99910,100,99488,100,99911,200,99395,100,99933,100,99388,100,99979,100,98473,100,99988,100,98375,100,100001,100,,
2019-06-28 10:01:56.150371977,99726,100,99678,311,99838,211,99648,311,99839,411,99620,100,99845,100,99590,100,99863,100,99488,100,99910,100,99395,100,99911,200,99388,100,99933,100,98473,100,99979,100,98375,100,99988,100,,
2019-06-28 10:02:00.000000000,99726,522,99678,522,99839,200,99648,100,99845,100,99620,100,99863,100,99590,100,99910,100,99488,100,99911,200,99395,100,99933,100,99388,100,99979,100,98473,100,99988,100,98375,100,100001,100,,
2019-06-28 10:02:10.000000000,99726,243,99678,243,99839,339,99648,239,99845,239,99620,239,99863,100,99590,100,99910,100,99488,100,99911,200,99395,100,99933,100,99388,100,99979,100,98473,100,99988,100,98375,100,100001,100,,
2019-06-28 10:02:17.657436150,99726,243,99678,243,99839,339,99648,239,99845,239,99620,239,99863,100,99590,100,99910,100,99488,100,99911,200,99395,100,99933,100,99388,100,99979,100,98531,100,99988,100,98473,100,100001,100,98375,100
2019-06-28 10:02:20.000000000,99726,243,99678,243,99839,339,99648,239,99845,239,99620,239,99863,100,99590,100,99910,100,99488,100,99911,200,99395,100,99933,100,99388,100,99979,100,98531,100,99988,100,98473,100,100001,100,98375,100
2019-06-28 10:02:30.000000000,99726,311,99678,311,99839,411,99648,311,99845,100,99620,100,99863,100,99590,100,99910,100,99488,100,99911,200,99395,100,99933,100,99388,100,99979,100,98531,100,99988,100,98473,100,100001,100,98375,100
2019-06-28 10:02:36.650948385,99726,311,99678,311,99839,411,99648,311,99845,100,99620,100,99863,100,99590,100,99910,100,99488,100,99911,200,99395,100,99933,100,99388,100,99979,100,98764,100,99988,100,98531,100,100001,100,98473,100
2019-06-28 10:02:40.000000000,99726,206,99678,206,99839,306,99648,206,99845,206,99620,206,99863,206,99590,206,99910,100,99488,100,99911,200,99395,100,99933,100,99388,100,99979,100,98764,100,99988,100,98531,100,100001,100,98473,100
2019-06-28 10:02:50.000000000,99726,206,99678,206,99839,306,99648,206,99845,206,99620,206,99863,206,99590,206,99910,100,99488,100,99911,200,99395,100,99933,100,99388,100,99979,100,98764,100,99988,100,98531,100,100001,100,98473,100
2019-06-28 10:03:00.000000000,99726,243,99678,243,99839,339,99648,239,99845,239,99620,239,99863,100,99590,100,99910,100,99488,100,99911,200,99395,100,99933,100,99388,100,99979,100,98764,100,99988,100,98531,100,100001,100,98473,100
2019-06-28 10:03:10.000000000,99726,243,99678,243,99839,339,99648,239,99845,239,99620,239,99863,100,99590,100,99910,100,99488,100,99911,200,99395,100,99933,100,99388,100,99979,100,98764,100,99988,100,98531,100,100001,100,98473,100
2019-06-28 10:03:14.140572187,99726,343,99678,243,99839,339,99648,239,99845,239,99620,239,99863,100,99590,100,99910,100,99488,100,99911,200,99395,100,99933,100,99388,100,99979,100,98764,100,99988,100,98531,100,100001,100,98473,100
2019-06-28 10:03:20.000000000,99726,284,99678,184,99839,284,99648,184,99845,184,99620,184,99863,184,99590,184,99910,184,99488,184,99911,200,99395,100,99933,100,99388,100,99979,100,98764,100,99988,100,98531,100,100001,100,98473,100
2019-06-28 10:03:29.910083040,99726,384,99678,184,99839,284,99648,184,99845,184,99620,184,99863,184,99590,184,99910,184,99488,184,99911,200,99395,100,99933,100,99388,100,99979,100,98764,100,99988,100,98531,100,100001,100,98473,100
2019-06-28 10:03:30.000000000,99726,443,99678,243,99839,339,99648,239,99845,239,99620,239,99863,100,99590,100,99910,100,99488,100,99911,200,99395,100,99933,100,99388,100,99979,100,98764,100,99988,100,98531,100,100001,100,98473,100
2019-06-28 10:03:40.000000000,99726,384,99678,184,99839,284,99648,184,99845,184,99620,184,99863,184,99590,184,99910,184,99488,184,99911,200,99395,100,99933,100,99388,100,99979,100,98764,100,99988,100,98531,100,100001,100,98473,100
2019-06-28 10:03:50.000000000,99726,722,99678,522,99839,200,99648,100,99845,100,99620,100,99863,100,99590,100,99910,100,99488,100,99911,200,99395,100,99933,100,99388,100,99979,100,98764,100,99988,100,98531,100,100001,100,98473,100
2019-06-28 10:03:53.435569991,99726,722,99678,522,99839,200,99648,100,99845,100,99620,100,99863,100,99590,100,99910,100,99488,100,99911,200,99395,100,99933,100,99388,100,99979,100,98764,100,99988,100,98720,100,100001,100,98531,100
2019-06-28 10:03:58.469475000,99726,822,99678,522,99839,200,99648,100,99845,100,99620,100,99910,100,99590,100,99911,200,99488,100,99933,100,99395,100,99979,100,99388,100,99988,100,98764,100,100001,100,98720,100,100030,194,98531,100
2019-06-28 10:04:00.000000000,99726,543,99678,243,99839,339,99648,239,99845,239,99620,239,99910,100,99590,100,99911,200,99488,100,99933,100,99395,100,99979,100,99388,100,99988,100,98764,100,100001,100,98720,100,100030,194,98531,100
2019-06-28 10:04:03.060269925,99726,543,99678,243,99839,339,99648,239,99845,239,99620,239,99910,100,99590,100,99911,200,99488,100,99933,100,99395,100,99979,100,99388,100,99988,100,98764,100,100001,100,98749,100,100030,194,98720,100
2019-06-28 10:04:10.000000000,99726,484,99678,184,99839,284,99648,184,99845,184,99620,184,99910,184,99590,184,99911,284,99488,184,99933,100,99395,100,99979,100,99388,100,99988,100,98764,100,100001,100,98749,100,100030,194,98720,100
2019-06-28 10:04:16.890958589,99726,484,99678,84,99839,284,99648,184,99845,184,99620,84,99910,184,99590,184,99911,284,99488,184,99933,100,99395,100,99979,100,99388,100,99988,100,98764,100,100001,100,98749,100,100030,194,98720,100
2019-06-28 10:04:20.000000000,99726,484,99648,184,99839,284,99590,184,99845,184,99488,184,99910,184,99395,184,99911,284,99388,184,99933,100,98764,100,99979,100,98749,100,99988,100,98720,100,100001,100,98531,100,100030,194,98473,100
2019-06-28 10:04:23.807459134,99726,484,99648,84,99839,284,99590,184,99845,184,99488,184,99910,184,99395,184,99911,184,99388,184,99933,100,98764,100,99979,100,98749,100,99988,100,98720,100,100001,100,98531,100,100030,194,98473,100
2019-06-28 10:04:26.949567911,99648,16,99590,184,99726,484,99488,184,99839,284,99395,184,99845,184,99388,184,99910,184,98764,100,99911,184,98749,100,99933,100,98720,100,99979,100,98531,100,99988,100,98473,100,100001,100,98375,100
2019-06-28 10:04:30.000000000,99648,122,99590,206,99726,506,99488,206,99839,306,99395,206,99845,206,99388,206,99910,100,98764,100,99911,100,98749,100,99933,100,98720,100,99979,100,98531,100,99988,100,98473,100,100001,100,98375,100
2019-06-28 10:04:40.000000000,99648,159,99590,243,99726,539,99488,239,99839,339,99395,239,99845,100,99388,100,99910,100,98764,100,99911,100,98749,100,99933,100,98720,100,99979,100,98531,100,99988,100,98473,100,100001,100,98375,100
2019-06-28 10:04:50.000000000,99648,122,99590,206,99726,506,99488,206,99839,306,99395,206,99845,206,99388,206,99910,100,98764,100,99911,100,98749,100,99933,100,98720,100,99979,100,98531,100,99988,100,98473,100,100001,100,98375,100
2019-06-28 10:04:54.558798580,99648,122,99590,6,99726,506,99488,206,99839,306,99395,206,99845,206,99388,206,99910,100,98764,100,99911,100,98749,100,99933,100,98720,100,99979,100,98531,100,99988,100,98473,100,100001,100,98375,100
2019-06-28 10:05:00.000000000,99648,159,99488,243,99726,539,99395,239,99839,339,99388,239,99845,100,98764,100,99910,100,98749,100,99911,100,98720,100,99933,100,98531,100,99979,100,98473,100,99988,100,98375,100,100001,100,,
2019-06-28 10:05:04.623389064,99648,159,99488,143,99726,539,99395,239,99839,339,99388,239,99845,100,98764,100,99910,100,98749,100,99911,100,98720,100,99933,100,98531,100,99979,100,98473,100,99988,100,,,100001,100,,
2019-06-28 10:05:06.663318722,99648,159,99488,143,99726,539,99395,239,99839,339,99388,239,99845,100,99067,100,99910,100,98764,100,99911,100,98749,100,99933,100,98720,100,99979,100,98531,100,99988,100,98473,100,100001,100,,
2019-06-28 10:05:07.000689874,99648,159,99488,43,99726,539,99395,239,99839,339,99388,239,99845,100,99067,100,99910,100,98764,100,99911,100,98749,100,99979,100,98720,100,99988,100,98531,100,100001,100,98473,100,100030,194,,
2019-06-28 10:05:10.000000000,99648,122,99395,206,99726,506,99388,206,99839,306,99067,206,99845,206,98764,206,99910,100,98749,100,99911,100,98720,100,99979,100,98531,100,99988,100,98473,100,100001,100,,,100030,194,,
2019-06-28 10:05:20.000000000,99648,100,99395,184,99726,484,99388,184,99839,284,99067,184,99845,184,98764,184,99910,184,98749,184,99911,100,98720,100,99979,100,98531,100,99988,100,98473,100,100001,100,,,100030,194,,
2019-06-28 10:05:25.704370406,99648,100,99395,84,99726,484,99388,184,99839,284,99067,184,99845,184,98764,184,99910,184,98749,184,99911,100,98720,100,99979,100,98531,100,99988,100,98473,100,100030,194,,,100043,200,,
2019-06-28 10:05:30.000000000,99648,100,99388,184,99726,484,99067,184,99839,284,98764,184,99845,184,98749,184,99910,184,98720,184,99911,100,98531,100,99979,100,98473,100,99988,100,,,100030,194,,,100043,200,,
2019-06-28 10:05:33.443403631,99648,100,99388,184,99726,484,99289,100,99839,284,99067,184,99845,184,98764,184,99910,184,98749,184,99911,100,98720,184,99979,100,98531,100,100030,194,98473,100,100043,200,,,100081,100,,
2019-06-28 10:05:40.000000000,99648,122,99388,206,99726,506,99289,206,99839,306,99067,206,99845,206,98764,206,99910,100,98749,100,99911,100,98720,100,99979,100,98531,100,100030,194,98473,100,100043,200,,,100081,100,,
2019-06-28 10:05:50.000000000,99648,227,99388,311,99726,611,99289,311,99839,200,99067,100,99845,100,98764,100,99910,100,98749,100,99911,100,98720,100,99979,100,98531,100,100030,194,98473,100,100043,200,,,100081,100,,
2019-06-28 10:05:50.944232168,99524,100,99388,311,99648,227,99289,311,99726,611,99067,100,99839,200,98764,100,99845,100,98749,100,99910,100,98720,100,99911,100,98531,100,99979,100,98473,100,100030,194,,,100043,200,,
2019-06-28 10:05:54.030335937,99524,100,99388,311,99648,227,99289,311,99726,611,99172,100,99839,200,99067,100,99845,100,98764,100,99910,100,98749,100,99911,100,98720,100,99979,100,98531,100,100030,194,98473,100,100043,200,,
2019-06-28 10:06:00.000000000,99524,311,99388,311,99648,227,99289,311,99726,400,99172,100,99839,200,99067,100,99845,100,98764,100,99910,100,98749,100,99911,100,98720,100,99979,100,98531,100,100030,194,98473,100,100043,200,,
2019-06-28 10:06:10.000000000,99524,311,99388,311,99648,227,99289,311,99726,400,99172,100,99839,200,99067,100,99845,100,98764,100,99910,100,98749,100,99911,100,98720,100,99979,100,98531,100,100030,194,98473,100,100043,200,,
2019-06-28 10:06:10.931033477,99462,100,99388,311,99524,311,99289,311,99648,227,99172,100,99726,400,99067,100,99839,200,98764,100,99845,100,98749,100,99910,100,98720,100,99911,100,98531,100,99979,100,98473,100,100030,194,,
2019-06-28 10:06:11.673430145,99449,100,99388,311,99462,100,99289,311,99524,311,99172,100,99648,227,99067,100,99726,400,98764,100,99839,200,98749,100,99845,100,98720,100,99910,100,98531,100,99911,100,,,99979,100,,
2019-06-28 10:06:17.918450784,99449,100,99388,311,99462,100,99289,311,99524,311,99172,100,99648,227,99067,100,99726,400,98764,100,99728,100,98749,100,99839,200,98720,100,99845,100,98531,100,99910,100,,,99911,100,,
2019-06-28 10:06:20.000000000,99449,184,99388,184,99462,184,99289,184,99524,184,99172,184,99648,100,99067,184,99726,484,98764,184,99728,100,98749,100,99839,200,98720,100,99845,100,98531,100,99910,100,,,99911,100,,
2019-06-28 10:06:27.954434889,99449,184,99412,100,99462,184,99388,184,99524,184,99289,184,99648,100,99172,184,99726,484,99067,184,99728,100,98764,184,99839,200,98749,100,99845,100,98720,100,99910,100,98531,100,99911,100,,
2019-06-28 10:06:30.000000000,99449,184,99412,184,99462,184,99388,184,99524,184,99289,184,99648,100,99172,184,99726,484,99067,184,99728,100,98764,100,99839,200,98749,100,99845,100,98720,100,99910,100,98531,100,99911,100,,
2019-06-28 10:06:39.528647686,99449,84,99412,184,99462,184,99388,184,99524,184,99289,184,99648,100,99172,184,99726,484,99067,184,99728,100,98764,100,99839,200,98749,100,99845,100,98720,100,99910,100,98531,100,99911,100,,
2019-06-28 10:06:40.000000000,99462,184,99412,184,99524,184,99388,184,99648,100,99289,184,99726,484,99172,184,99728,184,99067,184,99839,200,98764,100,99845,100,98749,100,99910,100,98720,100,99911,100,98531,100,99979,100,,
2019-06-28 10:06:50.000000000,99462,243,99412,243,99524,239,99388,239,99648,155,99289,239,99726,400,99172,100,99728,100,99067,100,99839,200,98764,100,99845,100,98749,100,99910,100,98720,100,99911,100,98531,100,99979,100,,
2019-06-28 10:07:00.000000000,99462,311,99412,311,99524,311,99388,311,99648,16,99289,100,99726,400,99172,100,99728,100,99067,100,99839,200,98764,100,99845,100,98749,100,99910,100,98720,100,99911,100,98531,100,99979,100,,
2019-06-28 10:07:10.000000000,99462,522,99412,522,99524,100,99388,100,99648,16,99289,100,99726,400,99172,100,99728,100,99067,100,99839,200,98764,100,99845,100,98749,100,99910,100,98720,100,99911,100,98531,100,99979,100,,
2019-06-28 10:07:15.697483510,99462,522,99447,100,99524,100,99412,522,99648,16,99388,100,99726,400,99289,100,99728,100,99172,100,99839,200,99067,100,99845,100,98764,100,99910,100,98749,100,99911,100,98720,100,99979,100,98531,100
2019-06-28 10:07:20.000000000,99462,206,99447,206,99524,206,99412,206,99648,122,99388,206,99726,506,99289,206,99728,100,99172,100,99839,200,99067,100,99845,100,98764,100,99910,100,98749,100,99911,100,98720,100,99979,100,98531,100
