,ask_price_1,ask_size_1,bid_price_1,bid_size_1,ask_price_2,ask_size_2,bid_price_2,bid_size_2,ask_price_3,ask_size_3,bid_price_3,bid_size_3,ask_price_4,ask_size_4,bid_price_4,bid_size_4,ask_price_5,ask_size_5,bid_price_5,bid_size_5,ask_price_6,ask_size_6,bid_price_6,bid_size_6,ask_price_7,ask_size_7,bid_price_7,bid_size_7,ask_price_8,ask_size_8,bid_price_8,bid_size_8,ask_price_9,ask_size_9,bid_price_9,bid_size_9,ask_price_10,ask_size_10,bid_price_10,bid_size_10
2019-06-28 09:30:00.000000000,,,99959,100,,,,,,,,,,,,,,,,,,,,,,,,,,,,,,,,,,,,
2019-06-28 09:30:00.000000003,100090,100,99959,100,,,,,,,,,,,,,,,,,,,,,,,,,,,,,,,,,,,,
2019-06-28 09:30:00.000000004,100090,100,99959,100,,,99867,100,,,,,,,,,,,,,,,,,,,,,,,,,,,,,,,,
2019-06-28 09:30:00.000000006,100090,100,99959,100,,,99951,100,,,99867,100,,,,,,,,,,,,,,,,,,,,,,,,,,,,
2019-06-28 09:30:00.000000007,100090,100,99974,100,,,99959,100,,,99951,100,,,99867,100,,,,,,,,,,,,,,,,,,,,,,,,
2019-06-28 09:30:00.000000008,100062,100,99974,100,100090,100,99959,100,,,99951,100,,,99867,100,,,,,,,,,,,,,,,,,,,,,,,,
2019-06-28 09:30:00.000000009,100062,100,99974,100,100090,100,99959,100,,,99951,100,,,99930,100,,,99867,100,,,,,,,,,,,,,,,,,,,,
2019-06-28 09:30:00.000000012,100062,100,99974,100,100090,100,99959,100,100153,100,99951,100,,,99930,100,,,99867,100,,,,,,,,,,,,,,,,,,,,
2019-06-28 09:30:00.000000013,100008,100,99974,100,100036,100,99959,100,100062,100,99951,100,100090,100,99930,100,100153,100,99867,100,,,,,,,,,,,,,,,,,,,,
2019-06-28 09:30:00.000000014,99986,100,99974,100,100008,100,99959,100,100036,100,99951,100,100062,100,99930,100,100090,100,99867,100,100153,100,,,,,,,,,,,,,,,,,,
2019-06-28 09:30:00.000000015,99986,100,99974,100,100008,100,99959,100,100036,100,99951,100,100062,100,99930,100,100090,100,99867,100,100134,100,,,100153,100,,,,,,,,,,,,,,
2019-06-28 09:30:00.000000017,100008,100,99975,100,100036,100,99974,100,100062,100,99959,100,100085,100,99951,100,100090,100,99930,100,100134,100,99867,100,100153,100,,,,,,,,,,,,,,
2019-06-28 09:30:00.000000020,100008,100,99975,100,100036,100,99974,100,100062,100,99959,100,100063,100,99951,100,100085,100,99948,100,100090,100,99930,100,100134,100,99867,100,100153,100,,,,,,,,,,
2019-06-28 09:30:00.000000023,100008,100,99975,100,100027,100,99974,100,100036,100,99959,100,100062,100,99951,100,100063,100,99948,100,100085,100,99930,100,100090,100,99867,100,100134,100,,,100153,100,,,,,,
2019-06-28 09:30:00.000000024,100008,100,99975,100,100027,100,99974,100,100036,100,99959,100,100062,100,99951,100,100063,100,99948,100,100085,100,99930,100,100090,100,99914,100,100134,100,99867,100,100153,100,,,,,,
2019-06-28 09:30:00.000000025,100027,100,99975,100,100036,100,99974,100,100062,100,99959,100,100063,100,99951,100,100085,100,99948,100,100090,100,99930,100,100134,100,99914,100,100153,100,99867,100,,,,,,,,
2019-06-28 09:30:00.000000026,100027,100,99986,100,100036,100,99975,100,100062,100,99974,100,100063,100,99959,100,100085,100,99951,100,100090,100,99948,100,100134,100,99930,100,100153,100,99914,100,,,99867,100,,,,
2019-06-28 09:30:00.000000029,100027,100,99986,200,100036,100,99975,100,100062,100,99974,100,100063,100,99959,100,100085,100,99951,100,100090,100,99948,100,100134,100,99930,100,100153,100,99914,100,,,99867,100,,,,
2019-06-28 09:30:00.000000032,100027,100,99986,200,100036,100,99976,100,100062,100,99975,100,100063,100,99974,100,100085,100,99959,100,100090,100,99951,100,100134,100,99948,100,100153,100,99930,100,,,99914,100,,,99867,100
2019-06-28 09:30:00.000000034,100008,100,99986,200,100027,100,99976,100,100036,100,99975,100,100062,100,99974,100,100063,100,99959,100,100085,100,99951,100,100090,100,99948,100,100134,100,99930,100,100153,100,99914,100,,,99867,100
2019-06-28 09:30:00.000000035,100008,100,100006,100,100027,100,99986,200,100036,100,99976,100,100062,100,99975,100,100063,100,99974,100,100085,100,99959,100,100090,100,99951,100,100134,100,99948,100,100153,100,99930,100,,,99914,100
2019-06-28 09:30:00.000000037,100008,100,100006,100,100027,100,99986,300,100036,100,99976,100,100062,100,99975,100,100063,100,99974,100,100085,100,99959,100,100090,100,99951,100,100134,100,99948,100,100153,100,99930,100,,,99914,100
2019-06-28 09:30:00.000000039,100008,100,99987,100,100027,100,99986,300,100036,100,99976,100,100062,100,99975,100,100063,100,99974,100,100085,100,99959,100,100090,100,99951,100,100134,100,99948,100,100153,100,99930,100,100157,100,99914,100
2019-06-28 09:30:00.000000041,100008,100,99987,100,100027,100,99986,300,100036,100,99976,100,100062,100,99975,100,100063,100,99974,100,100085,100,99959,100,100090,100,99951,100,100134,100,99948,100,100153,100,99936,100,100157,100,99930,100
2019-06-28 09:30:00.000000042,100008,100,99986,300,100027,100,99976,100,100036,100,99975,100,100062,100,99974,100,100063,100,99959,100,100085,100,99951,100,100090,100,99948,100,100134,100,99936,100,100153,100,99930,100,100157,100,99914,100
2019-06-28 09:30:00.000000043,100027,100,99986,300,100036,100,99976,100,100062,100,99975,100,100063,100,99974,100,100064,100,99959,100,100085,100,99951,100,100090,100,99948,100,100134,100,99936,100,100153,100,99930,100,100157,100,99914,100
2019-06-28 09:30:00.000000047,100036,100,99986,300,100062,100,99976,100,100063,100,99975,100,100064,100,99974,100,100085,100,99959,100,100090,100,99951,100,100134,100,99948,100,100153,100,99936,100,100157,100,99930,100,,,99914,100
2019-06-28 09:30:00.000000048,100028,100,99986,300,100036,100,99976,100,100062,100,99975,100,100063,100,99974,100,100064,100,99959,100,100085,100,99951,100,100090,100,99948,100,100134,100,99936,100,100153,100,99930,100,100157,100,99914,100
2019-06-28 09:30:00.000000049,100028,100,99986,300,100036,100,99981,100,100062,100,99976,100,100063,100,99975,100,100064,100,99974,100,100085,100,99959,100,100090,100,99951,100,100134,100,99948,100,100153,100,99936,100,100157,100,99930,100
2019-06-28 09:30:00.000000051,100027,100,99986,300,100028,100,99981,100,100036,100,99976,100,100062,100,99975,100,100063,100,99974,100,100064,100,99959,100,100085,100,99951,100,100090,100,99948,100,100134,100,99936,100,100153,100,99930,100
2019-06-28 09:30:00.000000052,100027,200,99986,300,100028,100,99981,100,100036,100,99976,100,100062,100,99975,100,100063,100,99974,100,100064,100,99959,100,100085,100,99951,100,100090,100,99948,100,100134,100,99936,100,100153,100,99930,100
2019-06-28 09:30:00.000000056,100027,200,99986,300,100028,100,99981,100,100036,100,99976,100,100062,100,99975,100,100063,100,99974,100,100064,100,99959,100,100085,100,99951,100,100090,100,99948,100,100134,100,99936,100,100153,100,99930,100
2019-06-28 09:30:00.000000057,100027,200,100008,100,100028,100,99986,300,100036,100,99981,100,100062,100,99976,100,100063,100,99975,100,100064,100,99974,100,100085,100,99959,100,100090,100,99951,100,100134,100,99948,100,100153,100,99936,100
2019-06-28 09:30:00.000000059,100027,200,100008,100,100028,100,99986,300,100036,100,99981,100,100062,100,99976,100,100063,100,99975,100,100064,100,99974,100,100085,100,99959,100,100090,100,99951,100,100134,100,99948,100,100153,100,99947,100
2019-06-28 09:30:00.000000062,100027,200,100008,100,100028,100,99986,300,100036,100,99981,100,100062,100,99976,100,100063,100,99975,100,100064,100,99974,100,100085,100,99959,100,100090,100,99951,100,100092,100,99948,100,100128,100,99947,100
2019-06-28 09:30:00.000000067,100027,200,99986,300,100028,100,99981,100,100036,100,99976,100,100062,100,99975,100,100063,100,99974,100,100064,100,99959,100,100085,100,99951,100,100090,100,99948,100,100092,100,99947,100,100128,100,99936,100
2019-06-28 09:30:00.000000071,100027,200,99986,300,100028,100,99981,100,100036,100,99976,100,100062,100,99975,100,100063,100,99974,100,100064,100,99959,100,100085,100,99951,100,100090,100,99948,100,100092,100,99947,100,100128,100,99936,100
2019-06-28 09:30:00.000000073,100027,200,99986,300,100028,100,99981,100,100036,100,99976,100,100038,100,99975,100,100062,100,99974,100,100063,100,99959,100,100064,100,99951,100,100085,100,99948,100,100090,100,99947,100,100092,100,99936,100
2019-06-28 09:30:00.000000074,100027,200,99986,300,100028,100,99981,100,100036,100,99976,100,100038,100,99975,100,100062,100,99974,100,100063,100,99959,100,100064,100,99951,100,100085,100,99948,100,100090,100,99947,100,100092,100,99936,100
2019-06-28 09:30:00.000000080,100027,200,100005,100,100028,100,100004,100,100036,100,99986,300,100038,100,99981,100,100062,100,99976,100,100063,100,99975,100,100064,100,99974,100,100085,100,99959,100,100090,100,99951,100,100092,100,99948,100
2019-06-28 09:30:00.000000081,100027,200,100004,100,100028,100,99986,300,100036,100,99981,100,100038,100,99976,100,100062,100,99975,100,100063,100,99974,100,100064,100,99959,100,100085,100,99951,100,100090,100,99948,100,100092,100,99947,100
2019-06-28 09:30:00.000000084,100027,200,100005,100,100028,100,100004,100,100036,100,99986,300,100038,100,99981,100,100062,100,99976,100,100063,100,99975,100,100064,100,99974,100,100085,100,99959,100,100090,100,99951,100,100092,100,99948,100
2019-06-28 09:30:00.000000085,100006,100,100005,100,100027,200,100004,100,100028,100,99986,300,100036,100,99981,100,100038,100,99976,100,100062,100,99975,100,100063,100,99974,100,100064,100,99959,100,100085,100,99951,100,100090,100,99948,100
2019-06-28 09:30:00.000000086,100006,100,100005,100,100027,200,100004,100,100028,100,99986,300,100036,100,99981,100,100038,100,99976,100,100062,100,99975,100,100063,100,99974,100,100064,100,99959,100,100067,100,99951,100,100085,100,99948,100
2019-06-28 09:30:00.000000091,100006,100,100004,100,100027,200,99986,300,100028,100,99981,100,100036,100,99976,100,100038,100,99975,100,100062,100,99974,100,100063,100,99959,100,100064,100,99951,100,100067,100,99948,100,100085,100,99947,100
2019-06-28 09:30:00.000000092,100006,100,100004,100,100027,200,99986,300,100028,100,99981,100,100036,100,99976,100,100038,100,99975,100,100062,100,99974,100,100063,100,99959,100,100064,100,99951,100,100067,100,99948,100,100085,100,99947,100
2019-06-28 09:30:00.000000093,100006,100,100004,100,100027,200,99986,300,100028,100,99981,100,100036,100,99976,100,100038,100,99975,100,100062,100,99974,100,100063,100,99959,100,100064,100,99953,100,100067,100,99951,100,100085,100,99948,100
2019-06-28 09:30:00.000000095,100006,100,100004,100,100027,200,99986,300,100028,100,99983,100,100036,100,99981,100,100038,100,99976,100,100062,100,99975,100,100063,100,99974,100,100064,100,99959,100,100067,100,99953,100,100085,100,99951,100
2019-06-28 09:30:00.000000096,100006,100,100004,100,100027,200,99986,300,100028,100,99983,100,100036,100,99981,100,100038,100,99976,100,100057,100,99975,100,100062,100,99974,100,100063,100,99959,100,100064,100,99953,100,100067,100,99951,100
2019-06-28 09:30:00.000000098,100006,100,100004,100,100027,200,99986,300,100028,100,99983,100,100036,100,99981,100,100038,100,99976,100,100057,100,99975,100,100062,100,99974,100,100063,100,99959,100,100064,100,99953,100,100067,100,99951,100
2019-06-28 09:30:00.000000099,100006,100,100004,100,100027,200,99986,300,100028,100,99983,100,100036,100,99981,100,100038,100,99976,100,100057,100,99975,100,100062,100,99974,100,100063,100,99959,100,100064,100,99953,100,100067,100,99951,100
2019-06-28 09:30:10.000000000,100006,468,100004,468,100027,200,99986,300,100028,100,99983,100,100036,100,99981,100,100038,100,99976,100,100057,100,99975,100,100062,100,99974,100,100063,100,99959,100,100064,100,99953,100,100067,100,99951,100
2019-06-28 09:30:20.000000000,100006,174,100004,174,100027,274,99986,374,100028,174,99983,174,100036,174,99981,174,100038,174,99976,174,100057,100,99975,100,100062,100,99974,100,100063,100,99959,100,100064,100,99953,100,100067,100,99951,100
2019-06-28 09:30:20.038194996,100006,174,100004,174,100027,274,99986,374,100028,174,99983,174,100036,174,99981,174,100038,174,99976,174,100057,100,99975,100,100062,100,99974,100,100063,100,99959,100,100064,100,99953,100,100067,100,99951,100
2019-06-28 09:30:24.807803678,100006,174,100004,174,100027,274,99986,274,100028,174,99983,174,100036,174,99981,174,100038,174,99976,174,100057,100,99975,100,100062,100,99974,100,100063,100,99959,100,100064,100,99953,100,100067,100,99951,100
2019-06-28 09:30:27.922655606,100006,174,100004,174,100027,274,99986,274,100028,174,99983,174,100036,174,99981,174,100038,174,99976,174,100057,100,99975,100,100062,100,99974,100,100063,100,99959,100,100064,100,99953,100,100067,100,99951,100
2019-06-28 09:30:30.000000000,100006,174,100004,174,100027,274,99986,274,100028,174,99983,174,100036,174,99981,174,100038,174,99976,174,100057,100,99975,100,100062,100,99974,100,100063,100,99959,100,100064,100,99953,100,100067,100,99951,100
2019-06-28 09:30:30.433875606,100006,174,100004,274,100027,274,99986,274,100028,174,99983,174,100036,174,99981,174,100038,174,99976,174,100057,100,99975,100,100062,100,99974,100,100063,100,99959,100,100064,100,99953,100,100067,100,99951,100
2019-06-28 09:30:30.606363372,100005,100,100004,274,100006,174,99986,274,100027,274,99983,174,100028,174,99981,174,100036,174,99976,174,100038,174,99975,100,100057,100,99974,100,100062,100,99959,100,100063,100,99953,100,100064,100,99951,100
2019-06-28 09:30:40.000000000,100005,192,100004,292,100006,192,99986,292,100027,292,99983,192,100028,192,99981,192,100036,100,99976,100,100038,100,99975,100,100057,100,99974,100,100062,100,99959,100,100063,100,99953,100,100064,100,99951,100
2019-06-28 09:30:41.843994595,100005,192,100004,292,100006,192,99986,192,100027,292,99983,192,100028,192,99981,192,100036,100,99976,100,100038,100,99975,100,100057,100,99974,100,100062,100,99959,100,100063,100,99953,100,100064,100,99951,100
2019-06-28 09:30:49.281390780,100005,192,100004,292,100006,192,99986,192,100027,292,99983,192,100028,192,99981,192,100036,100,99976,100,100038,100,99975,100,100057,100,99974,100,100062,100,99959,100,100063,100,99953,100,100064,100,99951,100
2019-06-28 09:30:50.000000000,100005,284,100004,384,100006,284,99986,284,100027,200,99983,100,100028,100,99981,100,100036,100,99976,100,100038,100,99975,100,100057,100,99974,100,100062,100,99959,100,100063,100,99953,100,100064,100,99951,100
2019-06-28 09:31:00.000000000,100005,174,100004,274,100006,174,99986,174,100027,274,99983,174,100028,174,99981,174,100036,174,99976,174,100038,100,99975,100,100057,100,99974,100,100062,100,99959,100,100063,100,99953,100,100064,100,99951,100
2019-06-28 09:31:08.533007586,100005,174,100004,174,100006,174,99986,174,100027,274,99983,174,100028,174,99981,174,100036,174,99976,174,100038,100,99975,100,100057,100,99974,100,100062,100,99959,100,100063,100,99953,100,100064,100,99951,100
2019-06-28 09:31:10.000000000,100005,192,100004,192,100006,192,99986,192,100027,292,99983,192,100028,192,99981,192,100036,100,99976,100,100038,100,99975,100,100057,100,99974,100,100062,100,99959,100,100063,100,99953,100,100064,100,99951,100
2019-06-28 09:31:20.000000000,100005,174,100004,174,100006,174,99986,174,100027,274,99983,174,100028,174,99981,174,100036,174,99976,174,100038,100,99975,100,100057,100,99974,100,100062,100,99959,100,100063,100,99953,100,100064,100,99951,100
2019-06-28 09:31:30.000000000,100005,225,100004,225,100006,221,99986,221,100027,321,99983,221,100028,100,99981,100,100036,100,99976,100,100038,100,99975,100,100057,100,99974,100,100062,100,99959,100,100063,100,99953,100,100064,100,99951,100
2019-06-28 09:31:30.309426099,100005,225,100004,125,100006,221,99986,221,100027,321,99983,221,100028,100,99981,100,100036,100,99976,100,100038,100,99975,100,100057,100,99974,100,100062,100,99959,100,100063,100,99953,100,100064,100,99951,100
2019-06-28 09:31:39.245782198,100005,225,100004,125,100006,221,99986,221,100027,321,99983,221,100028,100,99981,100,100036,100,99976,100,100038,100,99975,100,100057,100,99974,100,100062,100,99959,100,100063,100,99953,100,100064,100,99951,100
2019-06-28 09:31:39.775218700,100005,225,100004,25,100006,221,99986,221,100027,321,99983,221,100028,100,99981,100,100036,100,99976,100,100038,100,99975,100,100057,100,99974,100,100062,100,99959,100,100063,100,99953,100,100064,100,99951,100
2019-06-28 09:31:40.000000000,100005,468,99986,468,100006,100,99983,100,100027,200,99981,100,100028,100,99976,100,100036,100,99975,100,100038,100,99974,100,100057,100,99959,100,100062,100,99953,100,100063,100,99951,100,100064,100,99947,100
2019-06-28 09:31:50.000000000,100005,284,99986,284,100006,284,99983,284,100027,200,99981,100,100028,100,99976,100,100036,100,99975,100,100038,100,99974,100,100057,100,99959,100,100062,100,99953,100,100063,100,99951,100,100064,100,99947,100
2019-06-28 09:32:00.000000000,100005,174,99986,174,100006,174,99983,174,100027,274,99981,174,100028,174,99976,174,100036,174,99975,174,100038,100,99974,100,100057,100,99959,100,100062,100,99953,100,100063,100,99951,100,100064,100,99947,100
2019-06-28 09:32:09.374457631,100005,174,99986,74,100006,174,99983,174,100027,274,99981,174,100028,174,99976,174,100036,174,99975,174,100038,100,99974,100,100057,100,99959,100,100062,100,99953,100,100063,100,99951,100,100064,100,99947,100
2019-06-28 09:32:10.000000000,100005,174,99983,174,100006,174,99981,174,100027,274,99976,174,100028,174,99975,174,100036,174,99974,174,100038,100,99959,100,100057,100,99953,100,100062,100,99951,100,100063,100,99947,100,100064,100,99936,100
2019-06-28 09:32:18.207273389,100004,100,99983,174,100005,174,99981,174,100006,174,99976,174,100027,274,99975,174,100028,174,99974,174,100036,174,99959,100,100038,100,99953,100,100057,100,99951,100,100062,100,99947,100,100063,100,99936,100
2019-06-28 09:32:20.000000000,100004,192,99983,192,100005,192,99981,192,100006,192,99976,192,100027,292,99975,192,100028,100,99974,100,100036,100,99959,100,100038,100,99953,100,100057,100,99951,100,100062,100,99947,100,100063,100,99936,100
2019-06-28 09:32:29.872624247,100004,192,99983,92,100005,192,99981,192,100006,192,99976,192,100027,292,99975,192,100028,100,99974,100,100036,100,99959,100,100038,100,99953,100,100057,100,99951,100,100062,100,99947,100,100063,100,99936,100
2019-06-28 09:32:30.000000000,100004,225,99981,225,100005,221,99976,221,100006,221,99975,221,100027,200,99974,100,100028,100,99959,100,100036,100,99953,100,100038,100,99951,100,100057,100,99947,100,100062,100,99936,100,100063,100,99933,100
2019-06-28 09:32:39.392024605,100004,225,99981,225,100005,221,99976,221,100006,221,99975,221,100027,200,99974,100,100028,100,99959,100,100036,100,99953,100,100038,100,99951,100,100057,100,99947,100,100062,100,99936,100,100063,100,99933,100
2019-06-28 09:32:40.000000000,100004,174,99981,174,100005,174,99976,174,100006,174,99975,174,100027,274,99974,174,100028,174,99959,174,100036,100,99953,100,100038,100,99951,100,100057,100,99947,100,100062,100,99936,100,100063,100,99933,100
2019-06-28 09:32:50.000000000,100004,468,99981,468,100005,100,99976,100,100006,100,99975,100,100027,200,99974,100,100028,100,99959,100,100036,100,99953,100,100038,100,99951,100,100057,100,99947,100,100062,100,99936,100,100063,100,99933,100
2019-06-28 09:32:52.109641820,100004,468,99981,368,100005,100,99976,100,100006,100,99975,100,100027,200,99974,100,100028,100,99959,100,100036,100,99953,100,100038,100,99951,100,100057,100,99947,100,100062,100,99936,100,100063,100,99933,100
2019-06-28 09:33:00.000000000,100004,225,99976,225,100005,221,99975,221,100006,221,99974,221,100027,200,99959,100,100028,100,99953,100,100036,100,99951,100,100038,100,99947,100,100057,100,99936,100,100062,100,99933,100,100063,100,99930,100
2019-06-28 09:33:05.497910049,100004,225,99976,225,100005,221,99975,221,100006,221,99974,221,100027,200,99959,100,100028,100,99953,100,100038,100,99951,100,100057,100,99947,100,100062,100,99936,100,100063,100,99933,100,100090,100,99930,100
2019-06-28 09:33:06.641021020,100004,225,99976,225,100005,221,99975,221,100006,121,99974,221,100027,200,99959,100,100028,100,99953,100,100038,100,99951,100,100057,100,99947,100,100062,100,99936,100,100063,100,99933,100,100090,100,99930,100
2019-06-28 09:33:10.000000000,100004,174,99976,174,100005,174,99975,174,100027,274,99974,174,100028,174,99959,174,100038,174,99953,174,100057,100,99951,100,100062,100,99947,100,100063,100,99936,100,100090,100,99933,100,100104,100,99930,100
2019-06-28 09:33:20.000000000,100004,174,99976,174,100005,174,99975,174,100027,274,99974,174,100028,174,99959,174,100038,174,99953,174,100057,100,99951,100,100062,100,99947,100,100063,100,99936,100,100090,100,99933,100,100104,100,99930,100
2019-06-28 09:33:20.965703650,100004,174,99976,74,100005,174,99975,174,100027,274,99974,174,100028,174,99959,174,100038,174,99953,174,100057,100,99951,100,100062,100,99947,100,100063,100,99936,100,100090,100,99933,100,100104,100,99930,100
2019-06-28 09:33:23.188611297,100004,174,99976,74,100005,174,99975,174,100027,274,99974,74,100028,174,99959,174,100038,174,99953,174,100057,100,99951,100,100062,100,99947,100,100063,100,99936,100,100090,100,99933,100,100104,100,99930,100
2019-06-28 09:33:30.000000000,100004,284,99975,284,100005,284,99959,284,100027,200,99953,100,100028,100,99951,100,100038,100,99947,100,100057,100,99936,100,100062,100,99933,100,100063,100,99930,100,100090,100,99911,100,100104,100,99903,100
2019-06-28 09:33:40.000000000,100004,174,99975,174,100005,174,99959,174,100027,274,99953,174,100028,174,99951,174,100038,174,99947,174,100057,100,99936,100,100062,100,99933,100,100063,100,99930,100,100090,100,99911,100,100104,100,99903,100
2019-06-28 09:33:47.258108956,100004,174,99975,74,100005,174,99959,174,100027,274,99953,174,100028,174,99951,174,100038,174,99947,174,100057,100,99936,100,100062,100,99933,100,100063,100,99930,100,100090,100,99911,100,100104,100,99903,100
2019-06-28 09:33:50.000000000,100004,468,99959,468,100005,100,99953,100,100027,200,99951,100,100028,100,99947,100,100038,100,99936,100,100057,100,99933,100,100062,100,99930,100,100063,100,99911,100,100090,100,99903,100,100104,100,99901,100
2019-06-28 09:34:00.000000000,100004,225,99959,225,100005,221,99953,221,100027,321,99951,221,100028,100,99947,100,100038,100,99936,100,100057,100,99933,100,100062,100,99930,100,100063,100,99911,100,100090,100,99903,100,100104,100,99901,100
2019-06-28 09:34:00.182240083,100004,225,99959,225,100005,221,99953,221,100027,321,99951,121,100028,100,99947,100,100038,100,99936,100,100057,100,99933,100,100062,100,99930,100,100063,100,99911,100,100090,100,99903,100,100104,100,99901,100
2019-06-28 09:34:04.482115855,100004,225,99959,225,100005,221,99953,221,100027,321,99951,121,100028,100,99947,100,100038,100,99936,100,100057,100,99933,100,100062,100,99930,100,100063,100,99911,100,100090,100,99903,100,100104,100,99901,100
2019-06-28 09:34:04.777340824,100004,225,99959,125,100005,221,99953,221,100027,321,99951,121,100028,100,99947,100,100038,100,99936,100,100057,100,99933,100,100062,100,99930,100,100063,100,99911,100,100090,100,99903,100,100104,100,99901,100
2019-06-28 09:34:10.000000000,100004,225,99953,225,100005,221,99947,221,100027,321,99936,221,100028,100,99933,100,100038,100,99930,100,100057,100,99911,100,100062,100,99903,100,100063,100,99901,100,100090,100,99900,100,100104,100,99882,100
2019-06-28 09:34:20.000000000,100004,468,99953,468,100005,100,99947,100,100027,200,99936,100,100028,100,99933,100,100038,100,99930,100,100057,100,99911,100,100062,100,99903,100,100063,100,99901,100,100090,100,99900,100,100104,100,99882,100
2019-06-28 09:34:30.000000000,100004,225,99953,225,100005,221,99947,221,100027,321,99936,221,100028,100,99933,100,100038,100,99930,100,100057,100,99911,100,100062,100,99903,100,100063,100,99901,100,100090,100,99900,100,100104,100,99882,100
2019-06-28 09:34:31.625237504,100004,225,99953,225,100005,221,99947,221,100027,321,99936,221,100028,100,99933,100,100038,100,99930,100,100057,100,99911,100,100062,100,99903,100,100063,100,99900,100,100090,100,99882,100,100104,100,99825,100
2019-06-28 09:34:36.224347045,100004,225,99953,225,100005,221,99947,221,100027,321,99936,221,100028,100,99933,100,100038,100,99930,100,100057,100,99903,100,100062,100,99900,100,100063,100,99882,100,100090,100,99869,100,100104,100,99825,100
2019-06-28 09:34:40.000000000,100004,192,99953,192,100005,192,99947,192,100027,292,99936,192,100028,192,99933,192,100038,100,99930,100,100057,100,99903,100,100062,100,99900,100,100063,100,99882,100,100090,100,99869,100,100104,100,99825,100
2019-06-28 09:34:43.931952895,99975,100,99953,192,100004,192,99947,192,100005,192,99936,192,100027,292,99933,192,100028,192,99930,100,100038,100,99903,100,100057,100,99900,100,100062,100,99882,100,100063,100,99869,100,100090,100,99825,100
2019-06-28 09:34:50.000000000,99975,225,99953,225,100004,221,99947,221,100005,221,99936,221,100027,200,99933,100,100028,100,99930,100,100038,100,99903,100,100057,100,99900,100,100062,100,99882,100,100063,100,99869,100,100090,100,99825,100
2019-06-28 09:35:00.000000000,99975,225,99953,225,100004,221,99947,221,100005,221,99936,221,100027,200,99933,100,100028,100,99930,100,100038,100,99903,100,100057,100,99900,100,100062,100,99882,100,100063,100,99869,100,100090,100,99825,100
2019-06-28 09:35:10.000000000,99975,174,99953,174,100004,174,99947,174,100005,174,99936,174,100027,274,99933,174,100028,174,99930,174,100038,100,99903,100,100057,100,99900,100,100062,100,99882,100,100063,100,99869,100,100090,100,99825,100
2019-06-28 09:35:20.000000000,99975,284,99953,284,100004,284,99947,284,100005,100,99936,100,100027,200,99933,100,100028,100,99930,100,100038,100,99903,100,100057,100,99900,100,100062,100,99882,100,100063,100,99869,100,100090,100,99825,100
2019-06-28 09:35:23.191736700,99975,184,99953,284,100004,284,99947,284,100005,100,99936,100,100027,200,99933,100,100028,100,99930,100,100038,100,99903,100,100057,100,99900,100,100062,100,99882,100,100090,100,99869,100,100104,100,99825,100
2019-06-28 09:35:28.282694741,99975,84,99953,284,100004,284,99947,284,100005,100,99936,100,100027,200,99933,100,100028,100,99930,100,100038,100,99903,100,100057,100,99900,100,100062,100,99882,100,100090,100,99869,100,100104,100,99825,100
2019-06-28 09:35:30.000000000,100004,174,99953,174,100005,174,99947,174,100027,274,99936,174,100028,174,99933,174,100038,174,99930,174,100057,100,99903,100,100062,100,99900,100,100090,100,99882,100,100104,100,99869,100,100121,100,99825,100
2019-06-28 09:35:40.000000000,100004,225,99953,225,100005,221,99947,221,100027,321,99936,221,100028,100,99933,100,100038,100,99930,100,100057,100,99903,100,100062,100,99900,100,100090,100,99882,100,100104,100,99869,100,100121,100,99825,100
2019-06-28 09:35:50.000000000,100004,468,99953,468,100005,100,99947,100,100027,200,99936,100,100028,100,99933,100,100038,100,99930,100,100057,100,99903,100,100062,100,99900,100,100090,100,99882,100,100104,100,99869,100,100121,100,99825,100
2019-06-28 09:36:00.000000000,100004,174,99953,174,100005,174,99947,174,100027,274,99936,174,100028,174,99933,174,100038,174,99930,174,100057,100,99903,100,100062,100,99900,100,100090,100,99882,100,100104,100,99869,100,100121,100,99825,100
2019-06-28 09:36:10.000000000,100004,174,99953,174,100005,174,99947,174,100027,274,99936,174,100028,174,99933,174,100038,174,99930,174,100057,100,99903,100,100062,100,99900,100,100090,100,99882,100,100104,100,99869,100,100121,100,99825,100
2019-06-28 09:36:20.000000000,100004,174,99953,174,100005,174,99947,174,100027,274,99936,174,100028,174,99933,174,100038,174,99930,174,100057,100,99903,100,100062,100,99900,100,100090,100,99882,100,100104,100,99869,100,100121,100,99825,100
2019-06-28 09:36:30.000000000,100004,192,99953,192,100005,192,99947,192,100027,292,99936,192,100028,192,99933,192,100038,100,99930,100,100057,100,99903,100,100062,100,99900,100,100090,100,99882,100,100104,100,99869,100,100121,100,99825,100
2019-06-28 09:36:40.000000000,100004,192,99953,192,100005,192,99947,192,100027,292,99936,192,100028,192,99933,192,100038,100,99930,100,100057,100,99903,100,100062,100,99900,100,100090,100,99882,100,100104,100,99869,100,100121,100,99825,100
2019-06-28 09:36:50.000000000,100004,284,99953,284,100005,284,99947,284,100027,200,99936,100,100028,100,99933,100,100038,100,99930,100,100057,100,99903,100,100062,100,99900,100,100090,100,99882,100,100104,100,99869,100,100121,100,99825,100
2019-06-28 09:37:00.000000000,100004,225,99953,225,100005,221,99947,221,100027,321,99936,221,100028,100,99933,100,100038,100,99930,100,100057,100,99903,100,100062,100,99900,100,100090,100,99882,100,100104,100,99869,100,100121,100,99825,100
2019-06-28 09:37:08.253434210,100004,225,99975,100,100005,221,99953,225,100027,321,99947,221,100028,100,99936,221,100038,100,99933,100,100057,100,99930,100,100062,100,99903,100,100090,100,99900,100,100104,100,99882,100,100121,100,99869,100
2019-06-28 09:37:10.000000000,100004,468,99975,468,100005,100,99953,100,100027,200,99947,100,100028,100,99936,100,100038,100,99933,100,100057,100,99930,100,100062,100,99903,100,100090,100,99900,100,100104,100,99882,100,100121,100,99869,100
2019-06-28 09:37:11.790334560,100004,368,99975,468,100005,100,99953,100,100027,200,99947,100,100028,100,99936,100,100038,100,99933,100,100057,100,99930,100,100062,100,99903,100,100090,100,99900,100,100104,100,99882,100,100121,100,99869,100
2019-06-28 09:37:14.634980832,100004,268,99975,468,100005,100,99953,100,100027,200,99947,100,100038,100,99936,100,100057,100,99933,100,100062,100,99930,100,100090,100,99903,100,100104,100,99900,100,100121,100,99882,100,100125,100,99869,100
2019-06-28 09:37:18.417544013,100004,268,99975,468,100005,100,99953,100,100027,200,99947,100,100038,100,99936,100,100057,100,99933,100,100062,100,99930,100,100090,100,99903,100,100104,100,99900,100,100121,100,99882,100,100125,100,99869,100
2019-06-28 09:37:20.000000000,100005,284,99975,284,100027,384,99953,284,100038,100,99947,100,100057,100,99936,100,100062,100,99933,100,100090,100,99930,100,100104,100,99903,100,100121,100,99900,100,100125,100,99882,100,100128,100,99869,100
2019-06-28 09:37:30.000000000,100005,192,99975,192,100027,292,99953,192,100038,192,99947,192,100057,192,99936,192,100062,100,99933,100,100090,100,99930,100,100104,100,99903,100,100121,100,99900,100,100125,100,99882,100,100128,100,99869,100
2019-06-28 09:37:40.000000000,100005,192,99975,192,100027,292,99953,192,100038,192,99947,192,100057,192,99936,192,100062,100,99933,100,100090,100,99930,100,100104,100,99903,100,100121,100,99900,100,100125,100,99882,100,100128,100,99869,100
2019-06-28 09:37:44.632145884,100003,100,99975,192,100005,192,99953,192,100027,292,99947,192,100038,192,99936,192,100057,192,99933,100,100062,100,99930,100,100090,100,99903,100,100104,100,99900,100,100121,100,99882,100,100125,100,99869,100
2019-06-28 09:37:50.000000000,100003,174,99975,174,100005,174,99953,174,100027,274,99947,174,100038,174,99936,174,100057,174,99933,174,100062,100,99930,100,100090,100,99903,100,100104,100,99900,100,100121,100,99882,100,100125,100,99869,100
2019-06-28 09:38:00.000000000,100003,284,99975,284,100005,284,99953,284,100027,200,99947,100,100038,100,99936,100,100057,100,99933,100,100062,100,99930,100,100090,100,99903,100,100104,100,99900,100,100121,100,99882,100,100125,100,99869,100
2019-06-28 09:38:10.000000000,100003,468,99975,468,100005,100,99953,100,100027,200,99947,100,100038,100,99936,100,100057,100,99933,100,100062,100,99930,100,100090,100,99903,100,100104,100,99900,100,100121,100,99882,100,100125,100,99869,100
2019-06-28 09:38:15.416841172,100003,468,99975,468,100005,100,99953,100,100027,200,99947,100,100038,100,99936,100,100057,100,99933,100,100062,100,99930,100,100090,100,99903,100,100104,100,99900,100,100121,100,99882,100,100125,100,99869,100
2019-06-28 09:38:20.000000000,100003,192,99975,192,100005,192,99953,192,100027,292,99947,192,100038,192,99936,192,100057,100,99933,100,100062,100,99930,100,100090,100,99903,100,100104,100,99900,100,100121,100,99882,100,100125,100,99869,100
2019-06-28 09:38:21.386753163,100003,192,99975,92,100005,192,99953,192,100027,292,99947,192,100038,192,99936,192,100057,100,99933,100,100062,100,99930,100,100090,100,99903,100,100104,100,99900,100,100121,100,99882,100,100125,100,99869,100
2019-06-28 09:38:29.091136971,100002,100,99975,92,100003,192,99953,192,100005,192,99947,192,100027,292,99936,192,100038,192,99933,100,100057,100,99930,100,100062,100,99903,100,100090,100,99900,100,100104,100,99882,100,100121,100,99869,100
2019-06-28 09:38:30.000000000,100002,192,99953,192,100003,192,99947,192,100005,192,99936,192,100027,292,99933,192,100038,100,99930,100,100057,100,99903,100,100062,100,99900,100,100090,100,99882,100,100104,100,99869,100,100121,100,99812,100
2019-06-28 09:38:36.793304414,100002,292,99953,192,100003,192,99947,192,100005,192,99936,192,100027,192,99933,192,100038,100,99930,100,100057,100,99903,100,100062,100,99900,100,100090,100,99882,100,100104,100,99869,100,100121,100,99812,100
2019-06-28 09:38:39.913629713,100002,392,99953,192,100003,192,99947,192,100005,192,99936,192,100027,192,99933,192,100038,100,99930,100,100057,100,99903,100,100062,100,99900,100,100090,100,99882,100,100104,100,99869,100,100121,100,99812,100
2019-06-28 09:38:40.000000000,100002,668,99953,468,100003,100,99947,100,100005,100,99936,100,100027,100,99933,100,100038,100,99930,100,100057,100,99903,100,100062,100,99900,100,100090,100,99882,100,100104,100,99869,100,100121,100,99812,100
2019-06-28 09:38:50.000000000,100002,374,99953,174,100003,174,99947,174,100005,174,99936,174,100027,174,99933,174,100038,174,99930,174,100057,100,99903,100,100062,100,99900,100,100090,100,99882,100,100104,100,99869,100,100121,100,99812,100
2019-06-28 09:38:58.988024882,100002,374,99953,174,100003,174,99947,174,100005,174,99936,174,100027,174,99933,174,100038,174,99930,174,100062,100,99903,100,100090,100,99900,100,100104,100,99882,100,100121,100,99869,100,100125,100,99812,100
2019-06-28 09:39:00.000000000,100002,668,99953,468,100003,100,99947,100,100005,100,99936,100,100027,100,99933,100,100038,100,99930,100,100062,100,99903,100,100090,100,99900,100,100104,100,99882,100,100121,100,99869,100,100125,100,99812,100
2019-06-28 09:39:10.000000000,100002,425,99953,225,100003,221,99947,221,100005,221,99936,221,100027,100,99933,100,100038,100,99930,100,100062,100,99903,100,100090,100,99900,100,100104,100,99882,100,100121,100,99869,100,100125,100,99812,100
2019-06-28 09:39:17.182499078,100002,425,99953,125,100003,221,99947,221,100005,221,99936,221,100027,100,99933,100,100038,100,99930,100,100062,100,99903,100,100090,100,99900,100,100104,100,99882,100,100121,100,99869,100,100125,100,99812,100
2019-06-28 09:39:20.000000000,100002,484,99947,284,100003,284,99936,284,100005,100,99933,100,100027,100,99930,100,100038,100,99903,100,100062,100,99900,100,100090,100,99882,100,100104,100,99869,100,100121,100,99812,100,100125,100,99722,100
2019-06-28 09:39:30.000000000,100002,392,99947,192,100003,192,99936,192,100005,192,99933,192,100027,192,99930,192,100038,100,99903,100,100062,100,99900,100,100090,100,99882,100,100104,100,99869,100,100121,100,99812,100,100125,100,99722,100
2019-06-28 09:39:40.000000000,100002,484,99947,284,100003,284,99936,284,100005,100,99933,100,100027,100,99930,100,100038,100,99903,100,100062,100,99900,100,100090,100,99882,100,100104,100,99869,100,100121,100,99812,100,100125,100,99722,100
2019-06-28 09:39:44.114933184,100002,484,99947,184,100003,284,99936,284,100005,100,99933,100,100027,100,99930,100,100038,100,99903,100,100062,100,99900,100,100090,100,99882,100,100104,100,99869,100,100121,100,99812,100,100125,100,99722,100
2019-06-28 09:39:50.000000000,100002,425,99936,225,100003,221,99933,221,100005,221,99930,221,100027,100,99903,100,100038,100,99900,100,100062,100,99882,100,100090,100,99869,100,100104,100,99812,100,100121,100,99722,100,100125,100,99705,100
2019-06-28 09:39:50.569285487,100002,325,99936,225,100003,221,99933,221,100005,221,99930,221,100027,100,99903,100,100038,100,99900,100,100062,100,99882,100,100090,100,99869,100,100104,100,99812,100,100121,100,99722,100,100125,100,99705,100
2019-06-28 09:40:00.000000000,100002,568,99936,468,100003,100,99933,100,100005,100,99930,100,100027,100,99903,100,100038,100,99900,100,100062,100,99882,100,100090,100,99869,100,100104,100,99812,100,100121,100,99722,100,100125,100,99705,100
2019-06-28 09:40:02.951535315,100002,568,99936,368,100003,100,99933,100,100005,100,99930,100,100027,100,99903,100,100038,100,99900,100,100062,100,99882,100,100090,100,99869,100,100104,100,99812,100,100121,100,99722,100,100125,100,99705,100
2019-06-28 09:40:03.461222650,100002,568,99936,368,100003,100,99933,100,100005,100,99930,100,100027,100,99903,100,100038,100,99882,100,100062,100,99869,100,100090,100,99812,100,100104,100,99722,100,100121,100,99705,100,100125,100,99701,100
2019-06-28 09:40:10.000000000,100002,325,99933,225,100003,221,99930,221,100005,221,99903,221,100027,100,99882,100,100038,100,99869,100,100062,100,99812,100,100090,100,99722,100,100104,100,99705,100,100121,100,99701,100,100125,100,99674,100
2019-06-28 09:40:14.244989583,100002,325,99933,225,100003,221,99930,221,100005,221,99903,221,100027,100,99882,100,100038,100,99869,100,100062,100,99812,100,100090,100,99722,100,100104,100,99705,100,100121,100,99701,100,100125,100,99674,100
2019-06-28 09:40:15.963832672,100002,325,99933,125,100003,221,99930,221,100005,221,99903,221,100027,100,99882,100,100038,100,99869,100,100062,100,99812,100,100090,100,99722,100,100121,100,99705,100,100125,100,99701,100,100128,100,99674,100
2019-06-28 09:40:16.419701082,100002,325,99933,125,100003,221,99930,221,100005,221,99903,221,100027,100,99882,100,100038,100,99869,100,100062,100,99812,100,100090,100,99722,100,100121,100,99705,100,100125,100,99701,100,100128,100,99674,100
2019-06-28 09:40:20.000000000,100002,325,99930,225,100003,221,99903,221,100005,221,99882,221,100027,100,99869,100,100038,100,99812,100,100062,100,99722,100,100090,100,99705,100,100121,100,99701,100,100125,100,99674,100,100128,100,99574,100
2019-06-28 09:40:30.000000000,100002,274,99930,174,100003,174,99903,174,100005,174,99882,174,100027,174,99869,174,100038,174,99812,174,100062,100,99722,100,100090,100,99705,100,100121,100,99701,100,100125,100,99674,100,100128,100,99574,100
2019-06-28 09:40:40.000000000,100002,568,99930,468,100003,100,99903,100,100005,100,99882,100,100027,100,99869,100,100038,100,99812,100,100062,100,99722,100,100090,100,99705,100,100121,100,99701,100,100125,100,99674,100,100128,100,99574,100
2019-06-28 09:40:50.000000000,100002,292,99930,192,100003,192,99903,192,100005,192,99882,192,100027,192,99869,192,100038,100,99812,100,100062,100,99722,100,100090,100,99705,100,100121,100,99701,100,100125,100,99674,100,100128,100,99574,100
2019-06-28 09:40:52.550930093,99936,100,99930,192,100002,292,99903,192,100003,192,99882,192,100005,192,99869,192,100027,192,99812,100,100038,100,99722,100,100062,100,99705,100,100090,100,99701,100,100121,100,99674,100,100125,100,99574,100
2019-06-28 09:41:00.000000000,99936,225,99930,225,100002,321,99903,221,100003,221,99882,221,100005,100,99869,100,100027,100,99812,100,100038,100,99722,100,100062,100,99705,100,100090,100,99701,100,100121,100,99674,100,100125,100,99574,100
2019-06-28 09:41:10.000000000,99936,192,99930,192,100002,292,99903,192,100003,192,99882,192,100005,192,99869,192,100027,100,99812,100,100038,100,99722,100,100062,100,99705,100,100090,100,99701,100,100121,100,99674,100,100125,100,99574,100
2019-06-28 09:41:12.739505168,99936,192,99930,92,100002,292,99903,192,100003,192,99882,192,100005,192,99869,192,100027,100,99812,100,100062,100,99722,100,100090,100,99705,100,100121,100,99701,100,100125,100,99674,100,100128,100,99574,100
2019-06-28 09:41:20.000000000,99936,225,99903,225,100002,321,99882,221,100003,221,99869,221,100005,100,99812,100,100027,100,99722,100,100062,100,99705,100,100090,100,99701,100,100121,100,99674,100,100125,100,99574,100,100128,100,99250,100
2019-06-28 09:41:30.000000000,99936,468,99903,468,100002,200,99882,100,100003,100,99869,100,100005,100,99812,100,100027,100,99722,100,100062,100,99705,100,100090,100,99701,100,100121,100,99674,100,100125,100,99574,100,100128,100,99250,100
2019-06-28 09:41:40.000000000,99936,174,99903,174,100002,274,99882,174,100003,174,99869,174,100005,174,99812,174,100027,174,99722,174,100062,100,99705,100,100090,100,99701,100,100121,100,99674,100,100125,100,99574,100,100128,100,99250,100
2019-06-28 09:41:41.158017727,99936,174,99903,74,100002,274,99882,174,100003,174,99869,174,100005,174,99812,174,100027,174,99722,174,100062,100,99705,100,100090,100,99701,100,100121,100,99674,100,100125,100,99574,100,100128,100,99250,100
2019-06-28 09:41:50.000000000,99936,174,99882,174,100002,274,99869,174,100003,174,99812,174,100005,174,99722,174,100027,174,99705,174,100062,100,99701,100,100090,100,99674,100,100121,100,99574,100,100125,100,99250,100,100128,100,99191,100
2019-06-28 09:41:56.819576688,99930,100,99882,174,99936,74,99869,174,100002,274,99812,174,100003,174,99722,174,100005,174,99705,174,100027,174,99701,100,100062,100,99674,100,100090,100,99574,100,100121,100,99250,100,100125,100,99191,100
2019-06-28 09:42:00.000000000,99930,468,99882,468,100002,200,99869,100,100003,100,99812,100,100005,100,99722,100,100027,100,99705,100,100062,100,99701,100,100090,100,99674,100,100121,100,99574,100,100125,100,99250,100,100128,100,99191,100
2019-06-28 09:42:01.450019138,99930,468,99882,468,100002,200,99869,100,100003,100,99812,100,100005,100,99722,100,100027,100,99705,100,100062,100,99701,100,100121,100,99674,100,100125,100,99574,100,100128,100,99250,100,100153,100,99191,100
2019-06-28 09:42:10.000000000,99930,174,99882,174,100002,274,99869,174,100003,174,99812,174,100005,174,99722,174,100027,174,99705,174,100062,100,99701,100,100121,100,99674,100,100125,100,99574,100,100128,100,99250,100,100153,100,99191,100
2019-06-28 09:42:11.900733727,99930,274,99882,174,100002,274,99869,174,100003,174,99812,174,100005,174,99722,174,100027,174,99705,174,100062,100,99701,100,100121,100,99674,100,100125,100,99574,100,100128,100,99250,100,100153,100,99191,100
2019-06-28 09:42:12.988775846,99930,274,99882,74,100002,274,99869,174,100003,174,99812,174,100005,174,99722,174,100027,174,99705,174,100062,100,99701,100,100121,100,99674,100,100125,100,99574,100,100128,100,99250,100,100153,100,99191,100
2019-06-28 09:42:16.785957691,99930,274,99882,74,100002,274,99869,174,100003,174,99812,174,100005,174,99722,174,100027,174,99705,174,100062,100,99701,100,100121,100,99674,100,100125,100,99574,100,100128,100,99331,100,100153,100,99250,100
2019-06-28 09:42:20.000000000,99930,292,99869,192,100002,292,99812,192,100003,192,99722,192,100005,192,99705,192,100027,100,99701,100,100062,100,99674,100,100121,100,99574,100,100125,100,99331,100,100128,100,99250,100,100153,100,99191,100
2019-06-28 09:42:30.000000000,99930,274,99869,174,100002,274,99812,174,100003,174,99722,174,100005,174,99705,174,100027,174,99701,174,100062,100,99674,100,100121,100,99574,100,100125,100,99331,100,100128,100,99250,100,100153,100,99191,100
2019-06-28 09:42:40.000000000,99930,568,99869,468,100002,200,99812,100,100003,100,99722,100,100005,100,99705,100,100027,100,99701,100,100062,100,99674,100,100121,100,99574,100,100125,100,99331,100,100128,100,99250,100,100153,100,99191,100
2019-06-28 09:42:50.000000000,99930,384,99869,284,100002,384,99812,284,100003,100,99722,100,100005,100,99705,100,100027,100,99701,100,100062,100,99674,100,100121,100,99574,100,100125,100,99331,100,100128,100,99250,100,100153,100,99191,100
2019-06-28 09:42:58.366797414,99903,100,99869,284,99930,384,99812,284,100002,384,99722,100,100003,100,99705,100,100005,100,99701,100,100027,100,99674,100,100062,100,99574,100,100121,100,99331,100,100125,100,99250,100,100128,100,99191,100
2019-06-28 09:43:00.000000000,99903,192,99869,192,99930,292,99812,192,100002,292,99722,192,100003,192,99705,192,100005,100,99701,100,100027,100,99674,100,100062,100,99574,100,100121,100,99331,100,100125,100,99250,100,100128,100,99191,100
2019-06-28 09:43:06.013492576,99903,192,99869,192,99930,292,99812,192,100002,292,99722,192,100003,192,99705,192,100005,100,99701,100,100027,100,99674,100,100062,100,99574,100,100121,100,99331,100,100125,100,99250,100,100128,100,99191,100
2019-06-28 09:43:10.000000000,99903,284,99869,284,99930,384,99812,284,100002,200,99722,100,100003,100,99705,100,100005,100,99701,100,100027,100,99674,100,100062,100,99574,100,100121,100,99331,100,100125,100,99250,100,100128,100,99191,100
2019-06-28 09:43:20.000000000,99903,225,99869,225,99930,321,99812,221,100002,321,99722,221,100003,100,99705,100,100005,100,99701,100,100027,100,99674,100,100062,100,99574,100,100121,100,99331,100,100125,100,99250,100,100128,100,99191,100
2019-06-28 09:43:27.874082777,99903,225,99869,125,99930,321,99812,221,100002,321,99722,221,100003,100,99705,100,100005,100,99701,100,100027,100,99674,100,100121,100,99574,100,100125,100,99331,100,100128,100,99250,100,100153,100,99191,100
2019-06-28 09:43:30.000000000,99903,192,99812,192,99930,292,99722,192,100002,292,99705,192,100003,192,99701,192,100005,100,99674,100,100027,100,99574,100,100121,100,99331,100,100125,100,99250,100,100128,100,99191,100,100153,100,99082,100
2019-06-28 09:43:39.756182522,99903,192,99812,192,99930,292,99722,192,100002,292,99705,192,100003,192,99701,192,100005,100,99674,100,100027,100,99574,100,100121,100,99435,100,100125,100,99331,100,100128,100,99250,100,100153,100,99191,100
2019-06-28 09:43:40.000000000,99903,468,99812,468,99930,200,99722,100,100002,200,99705,100,100003,100,99701,100,100005,100,99674,100,100027,100,99574,100,100121,100,99435,100,100125,100,99331,100,100128,100,99250,100,100153,100,99191,100
2019-06-28 09:43:42.809836933,99882,100,99812,468,99903,468,99722,100,99930,200,99705,100,100002,200,99701,100,100003,100,99674,100,100005,100,99574,100,100027,100,99435,100,100121,100,99331,100,100125,100,99250,100,100128,100,99191,100
2019-06-28 09:43:50.000000000,99882,225,99812,225,99903,221,99722,221,99930,321,99705,221,100002,200,99701,100,100003,100,99674,100,100005,100,99574,100,100027,100,99435,100,100121,100,99331,100,100125,100,99250,100,100128,100,99191,100
2019-06-28 09:43:51.564901365,99882,225,99812,225,99903,221,99722,221,99930,321,99705,221,100002,200,99701,100,100003,100,99674,100,100005,100,99574,100,100027,100,99435,100,100121,100,99380,100,100125,100,99331,100,100128,100,99250,100
2019-06-28 09:44:00.000000000,99882,468,99812,468,99903,100,99722,100,99930,200,99705,100,100002,200,99701,100,100003,100,99674,100,100005,100,99574,100,100027,100,99435,100,100121,100,99380,100,100125,100,99331,100,100128,100,99250,100
2019-06-28 09:44:10.000000000,99882,174,99812,174,99903,174,99722,174,99930,274,99705,174,100002,274,99701,174,100003,174,99674,174,100005,100,99574,100,100027,100,99435,100,100121,100,99380,100,100125,100,99331,100,100128,100,99250,100
2019-06-28 09:44:20.000000000,99882,174,99812,174,99903,174,99722,174,99930,274,99705,174,100002,274,99701,174,100003,174,99674,174,100005,100,99574,100,100027,100,99435,100,100121,100,99380,100,100125,100,99331,100,100128,100,99250,100
2019-06-28 09:44:25.628491157,99882,174,99812,174,99903,174,99722,174,99930,274,99705,174,100002,174,99701,174,100003,174,99674,174,100005,100,99574,100,100027,100,99435,100,100121,100,99380,100,100125,100,99331,100,100128,100,99250,100
2019-06-28 09:44:30.000000000,99882,468,99812,468,99903,100,99722,100,99930,200,99705,100,100002,100,99701,100,100003,100,99674,100,100005,100,99574,100,100027,100,99435,100,100121,100,99380,100,100125,100,99331,100,100128,100,99250,100
2019-06-28 09:44:34.974025803,99882,468,99812,468,99903,100,99722,100,99930,200,99705,100,100002,100,99701,100,100003,100,99674,100,100027,100,99574,100,100121,100,99435,100,100125,100,99380,100,100128,100,99331,100,100153,100,99250,100
2019-06-28 09:44:40.000000000,99882,284,99812,284,99903,284,99722,284,99930,200,99705,100,100002,100,99701,100,100003,100,99674,100,100027,100,99574,100,100121,100,99435,100,100125,100,99380,100,100128,100,99331,100,100153,100,99250,100
2019-06-28 09:44:50.000000000,99882,468,99812,468,99903,100,99722,100,99930,200,99705,100,100002,100,99701,100,100003,100,99674,100,100027,100,99574,100,100121,100,99435,100,100125,100,99380,100,100128,100,99331,100,100153,100,99250,100
2019-06-28 09:44:53.393132994,99882,468,99812,368,99903,100,99722,100,99930,200,99701,100,100002,100,99674,100,100003,100,99574,100,100027,100,99435,100,100121,100,99380,100,100125,100,99331,100,100128,100,99250,100,100153,100,99191,100
2019-06-28 09:44:56.214597390,99882,468,99812,268,99903,100,99722,100,99930,200,99701,100,100002,100,99674,100,100003,100,99574,100,100027,100,99435,100,100121,100,99380,100,100125,100,99331,100,100128,100,99250,100,100153,100,99191,100
2019-06-28 09:44:59.993951292,99882,468,99812,168,99903,100,99722,100,99930,200,99701,100,100002,100,99674,100,100003,100,99574,100,100027,100,99435,100,100121,100,99380,100,100125,100,99331,100,100128,100,99250,100,100153,100,99191,100
2019-06-28 09:45:00.000000000,99882,174,99722,174,99903,174,99701,174,99930,274,99674,174,100002,174,99574,174,100003,174,99435,174,100027,100,99380,100,100121,100,99331,100,100125,100,99250,100,100128,100,99191,100,100153,100,99082,100
2019-06-28 09:45:10.000000000,99882,468,99722,468,99903,100,99701,100,99930,200,99674,100,100002,100,99574,100,100003,100,99435,100,100027,100,99380,100,100121,100,99331,100,100125,100,99250,100,100128,100,99191,100,100153,100,99082,100
2019-06-28 09:45:13.775238724,99882,468,99722,368,99903,100,99701,100,99930,200,99674,100,100002,100,99574,100,100003,100,99435,100,100027,100,99380,100,100121,100,99331,100,100125,100,99250,100,100128,100,99191,100,100153,100,99082,100
2019-06-28 09:45:20.000000000,99882,284,99701,284,99903,284,99674,284,99930,200,99574,100,100002,100,99435,100,100003,100,99380,100,100027,100,99331,100,100121,100,99250,100,100125,100,99191,100,100128,100,99082,100,100153,100,99041,100
2019-06-28 09:45:30.000000000,99882,225,99701,225,99903,221,99674,221,99930,321,99574,221,100002,100,99435,100,100003,100,99380,100,100027,100,99331,100,100121,100,99250,100,100125,100,99191,100,100128,100,99082,100,100153,100,99041,100
2019-06-28 09:45:33.411760857,99812,100,99701,225,99882,225,99674,221,99903,221,99574,221,99930,321,99435,100,100002,100,99380,100,100003,100,99331,100,100121,100,99250,100,100125,100,99191,100,100128,100,99082,100,100153,100,99041,100
2019-06-28 09:45:40.000000000,99812,225,99701,225,99882,221,99674,221,99903,221,99574,221,99930,200,99435,100,100002,100,99380,100,100003,100,99331,100,100121,100,99250,100,100125,100,99191,100,100128,100,99082,100,100153,100,99041,100
2019-06-28 09:45:50.000000000,99812,468,99701,468,99882,100,99674,100,99903,100,99574,100,99930,200,99435,100,100002,100,99380,100,100003,100,99331,100,100121,100,99250,100,100125,100,99191,100,100128,100,99082,100,100153,100,99041,100
2019-06-28 09:46:00.000000000,99812,174,99701,174,99882,174,99674,174,99903,174,99574,174,99930,274,99435,174,100002,174,99380,174,100003,100,99331,100,100121,100,99250,100,100125,100,99191,100,100128,100,99082,100,100153,100,99041,100
2019-06-28 09:46:07.508556129,99812,274,99701,174,99882,174,99674,174,99903,174,99574,174,99930,274,99435,174,100002,174,99380,174,100003,100,99331,100,100121,100,99250,100,100125,100,99191,100,100128,100,99082,100,100153,100,99041,100
2019-06-28 09:46:10.000000000,99812,384,99701,284,99882,284,99674,284,99903,100,99574,100,99930,200,99435,100,100002,100,99380,100,100003,100,99331,100,100121,100,99250,100,100125,100,99191,100,100128,100,99082,100,100153,100,99041,100
2019-06-28 09:46:20.000000000,99812,274,99701,174,99882,174,99674,174,99903,174,99574,174,99930,274,99435,174,100002,174,99380,174,100003,100,99331,100,100121,100,99250,100,100125,100,99191,100,100128,100,99082,100,100153,100,99041,100
2019-06-28 09:46:30.000000000,99812,384,99701,284,99882,284,99674,284,99903,100,99574,100,99930,200,99435,100,100002,100,99380,100,100003,100,99331,100,100121,100,99250,100,100125,100,99191,100,100128,100,99082,100,100153,100,99041,100
2019-06-28 09:46:40.000000000,99812,274,99701,174,99882,174,99674,174,99903,174,99574,174,99930,274,99435,174,100002,174,99380,174,100003,100,99331,100,100121,100,99250,100,100125,100,99191,100,100128,100,99082,100,100153,100,99041,100
2019-06-28 09:46:47.384451773,99812,274,99701,174,99882,174,99674,174,99903,174,99574,174,99930,274,99435,174,100002,174,99380,174,100003,100,99331,100,100121,100,99250,100,100125,100,99224,100,100153,100,99191,100,,,99082,100
2019-06-28 09:46:50.000000000,99812,384,99701,284,99882,284,99674,284,99903,100,99574,100,99930,200,99435,100,100002,100,99380,100,100003,100,99331,100,100121,100,99250,100,100125,100,99224,100,100153,100,99191,100,,,99082,100
2019-06-28 09:46:59.480061214,99812,384,99701,284,99882,284,99674,284,99903,100,99574,100,99930,200,99380,100,100002,100,99331,100,100003,100,99250,100,100121,100,99224,100,100125,100,99191,100,100153,100,99180,100,,,99082,100
2019-06-28 09:47:00.000000000,99812,292,99701,192,99882,192,99674,192,99903,192,99574,192,99930,292,99380,192,100002,100,99331,100,100003,100,99250,100,100121,100,99224,100,100125,100,99191,100,100153,100,99180,100,,,99082,100
2019-06-28 09:47:10.000000000,99812,568,99701,468,99882,100,99674,100,99903,100,99574,100,99930,200,99380,100,100002,100,99331,100,100003,100,99250,100,100121,100,99224,100,100125,100,99191,100,100153,100,99180,100,,,99082,100
2019-06-28 09:47:14.698762899,99812,668,99701,468,99882,100,99674,100,99903,100,99574,100,99930,100,99380,100,100002,100,99331,100,100003,100,99250,100,100121,100,99224,100,100125,100,99191,100,100153,100,99180,100,,,99082,100
2019-06-28 09:47:20.000000000,99812,392,99701,192,99882,192,99674,192,99903,192,99574,192,99930,192,99380,192,100002,100,99331,100,100003,100,99250,100,100121,100,99224,100,100125,100,99191,100,100153,100,99180,100,,,99082,100
2019-06-28 09:47:30.000000000,99812,374,99701,174,99882,174,99674,174,99903,174,99574,174,99930,174,99380,174,100002,174,99331,174,100003,100,99250,100,100121,100,99224,100,100125,100,99191,100,100153,100,99180,100,,,99082,100
2019-06-28 09:47:30.251569258,99812,374,99701,174,99882,174,99674,174,99903,74,99574,174,99930,174,99380,174,100002,174,99331,174,100003,100,99250,100,100121,100,99224,100,100125,100,99191,100,100153,100,99180,100,,,99082,100
2019-06-28 09:47:40.000000000,99812,425,99701,225,99882,221,99674,221,99930,221,99574,221,100002,100,99380,100,100003,100,99331,100,100121,100,99250,100,100125,100,99224,100,100153,100,99191,100,,,99180,100,,,99082,100
2019-06-28 09:47:50.000000000,99812,374,99701,174,99882,174,99674,174,99930,174,99574,174,100002,174,99380,174,100003,174,99331,174,100121,100,99250,100,100125,100,99224,100,100153,100,99191,100,,,99180,100,,,99082,100
2019-06-28 09:47:51.552336827,99812,374,99701,74,99882,174,99674,174,99930,174,99574,174,100002,174,99380,174,100003,174,99331,174,100121,100,99250,100,100125,100,99224,100,100153,100,99191,100,,,99180,100,,,99082,100
2019-06-28 09:47:57.799352883,99701,26,99674,174,99812,374,99574,174,99882,174,99380,174,99930,174,99331,174,100002,174,99250,100,100003,174,99224,100,100121,100,99191,100,100125,100,99180,100,100153,100,99082,100,,,99041,100
2019-06-28 09:48:00.000000000,99701,118,99674,192,99812,392,99574,192,99882,192,99380,192,99930,192,99331,192,100002,100,99250,100,100003,100,99224,100,100121,100,99191,100,100125,100,99180,100,100153,100,99082,100,,,99041,100
2019-06-28 09:48:02.084425522,99701,118,99674,92,99812,392,99574,192,99882,192,99380,192,99930,192,99331,192,100002,100,99250,100,100003,100,99224,100,100121,100,99191,100,100125,100,99082,100,100153,100,99041,100,,,98966,100
2019-06-28 09:48:02.825369219,99700,100,99674,92,99701,118,99574,192,99812,292,99380,192,99882,192,99331,192,99930,192,99250,100,100002,100,99224,100,100003,100,99191,100,100121,100,99082,100,100125,100,99041,100,100153,100,98966,100
2019-06-28 09:48:04.009013966,99700,100,99674,92,99701,118,99574,192,99812,292,99380,192,99882,192,99331,192,99930,192,99250,100,100002,100,99224,100,100003,100,99191,100,100121,100,99082,100,100125,100,99041,100,100153,100,98966,100
2019-06-28 09:48:10.000000000,99700,284,99574,284,99701,210,99380,284,99812,200,99331,100,99882,100,99250,100,99930,100,99224,100,100002,100,99191,100,100003,100,99082,100,100121,100,99041,100,100125,100,98966,100,100153,100,98647,100
2019-06-28 09:48:20.000000000,99700,284,99574,284,99701,210,99380,284,99812,200,99331,100,99882,100,99250,100,99930,100,99224,100,100002,100,99191,100,100003,100,99082,100,100121,100,99041,100,100125,100,98966,100,100153,100,98647,100
2019-06-28 09:48:30.000000000,99700,284,99574,284,99701,210,99380,284,99812,200,99331,100,99882,100,99250,100,99930,100,99224,100,100002,100,99191,100,100003,100,99082,100,100121,100,99041,100,100125,100,98966,100,100153,100,98647,100
2019-06-28 09:48:34.365122888,99700,284,99574,284,99701,210,99380,284,99812,200,99331,100,99882,100,99250,100,99930,100,99224,100,100002,100,99191,100,100003,100,99082,100,100121,100,99041,100,100125,100,98966,100,100153,100,98647,100
2019-06-28 09:48:40.000000000,99700,192,99574,192,99701,118,99380,192,99812,292,99331,192,99882,192,99250,192,99930,100,99224,100,100002,100,99191,100,100003,100,99082,100,100121,100,99041,100,100125,100,98966,100,100153,100,98647,100
2019-06-28 09:48:45.502199979,99700,192,99574,92,99701,118,99380,192,99812,292,99331,192,99882,192,99250,192,99930,100,99224,100,100002,100,99191,100,100003,100,99082,100,100121,100,99041,100,100125,100,98966,100,100153,100,98647,100
2019-06-28 09:48:50.000000000,99700,284,99380,284,99701,210,99331,284,99812,200,99250,100,99882,100,99224,100,99930,100,99191,100,100002,100,99082,100,100003,100,99041,100,100121,100,98966,100,100125,100,98647,100,100153,100,98170,100
2019-06-28 09:49:00.000000000,99700,192,99380,192,99701,118,99331,192,99812,292,99250,192,99882,192,99224,192,99930,100,99191,100,100002,100,99082,100,100003,100,99041,100,100121,100,98966,100,100125,100,98647,100,100153,100,98170,100
2019-06-28 09:49:10.000000000,99700,174,99380,174,99701,100,99331,174,99812,274,99250,174,99882,174,99224,174,99930,174,99191,174,100002,100,99082,100,100003,100,99041,100,100121,100,98966,100,100125,100,98647,100,100153,100,98170,100
2019-06-28 09:49:12.863598748,99700,174,99380,174,99701,100,99331,174,99812,274,99250,174,99882,174,99224,174,99930,174,99191,174,100002,100,99082,100,100003,100,99041,100,100121,100,98966,100,100125,100,98647,100,100153,100,98608,100
2019-06-28 09:49:20.000000000,99700,174,99380,174,99701,100,99331,174,99812,274,99250,174,99882,174,99224,174,99930,174,99191,174,100002,100,99082,100,100003,100,99041,100,100121,100,98966,100,100125,100,98647,100,100153,100,98608,100
2019-06-28 09:49:23.440044664,99700,174,99380,74,99701,100,99331,174,99812,274,99250,174,99882,174,99224,174,99930,174,99191,174,100002,100,99082,100,100003,100,99041,100,100121,100,98966,100,100125,100,98647,100,100153,100,98608,100
2019-06-28 09:49:30.000000000,99700,468,99331,468,99701,26,99250,100,99812,200,99224,100,99882,100,99191,100,99930,100,99082,100,100002,100,99041,100,100003,100,98966,100,100121,100,98647,100,100125,100,98608,100,100153,100,98170,100
2019-06-28 09:49:40.000000000,99700,284,99331,284,99701,210,99250,284,99812,200,99224,100,99882,100,99191,100,99930,100,99082,100,100002,100,99041,100,100003,100,98966,100,100121,100,98647,100,100125,100,98608,100,100153,100,98170,100
2019-06-28 09:49:40.492839726,99700,284,99331,184,99701,210,99250,284,99812,200,99224,100,99882,100,99191,100,99930,100,99082,100,100002,100,99041,100,100003,100,98966,100,100121,100,98647,100,100125,100,98170,100,100153,100,,
2019-06-28 09:49:50.000000000,99700,174,99250,174,99701,100,99224,174,99812,274,99191,174,99882,174,99082,174,99930,174,99041,174,100002,100,98966,100,100003,100,98647,100,100121,100,98170,100,100125,100,,,100153,100,,
2019-06-28 09:49:50.524335096,99700,174,99250,174,99701,100,99224,174,99812,274,99191,174,99882,174,99082,174,99930,174,99041,174,100002,100,98966,100,100003,100,98647,100,100121,100,98359,100,100125,100,98170,100,100153,100,,
2019-06-28 09:49:57.949815201,99700,174,99250,74,99701,100,99224,174,99812,274,99191,174,99882,174,99082,174,99930,174,99041,174,100002,100,98966,100,100003,100,98647,100,100121,100,98359,100,100125,100,98170,100,100153,100,,
2019-06-28 09:50:00.000000000,99700,225,99224,225,99701,147,99191,221,99812,321,99082,221,99882,100,99041,100,99930,100,98966,100,100002,100,98647,100,100003,100,98359,100,100121,100,98170,100,100125,100,,,100153,100,,
2019-06-28 09:50:10.000000000,99700,192,99224,192,99701,118,99191,192,99812,292,99082,192,99882,192,99041,192,99930,100,98966,100,100002,100,98647,100,100003,100,98359,100,100121,100,98170,100,100125,100,,,100153,100,,
2019-06-28 09:50:20.000000000,99700,225,99224,225,99701,147,99191,221,99812,321,99082,221,99882,100,99041,100,99930,100,98966,100,100002,100,98647,100,100003,100,98359,100,100121,100,98170,100,100125,100,,,100153,100,,
2019-06-28 09:50:30.000000000,99700,192,99224,192,99701,118,99191,192,99812,292,99082,192,99882,192,99041,192,99930,100,98966,100,100002,100,98647,100,100003,100,98359,100,100121,100,98170,100,100125,100,,,100153,100,,
2019-06-28 09:50:40.000000000,99700,468,99224,468,99701,26,99191,100,99812,200,99082,100,99882,100,99041,100,99930,100,98966,100,100002,100,98647,100,100003,100,98359,100,100121,100,98170,100,100125,100,,,100153,100,,
2019-06-28 09:50:50.000000000,99700,284,99224,284,99701,210,99191,284,99812,200,99082,100,99882,100,99041,100,99930,100,98966,100,100002,100,98647,100,100003,100,98359,100,100121,100,98170,100,100125,100,,,100153,100,,
2019-06-28 09:50:56.574554840,99700,284,99224,184,99701,210,99191,284,99812,200,99082,100,99882,100,99041,100,99930,100,98966,100,100002,100,98802,100,100003,100,98647,100,100121,100,98359,100,100125,100,98170,100,100153,100,,
2019-06-28 09:50:58.211637345,99700,284,99224,84,99701,210,99191,284,99812,200,99082,100,99882,100,99041,100,99930,100,98966,100,100002,100,98802,100,100003,100,98647,100,100121,100,98359,100,100125,100,98170,100,100153,100,,
2019-06-28 09:51:00.000000000,99700,192,99191,192,99701,118,99082,192,99812,292,99041,192,99882,192,98966,192,99930,100,98802,100,100002,100,98647,100,100003,100,98359,100,100121,100,98170,100,100125,100,,,100153,100,,
2019-06-28 09:51:10.000000000,99700,174,99191,174,99701,100,99082,174,99812,274,99041,174,99882,174,98966,174,99930,174,98802,174,100002,100,98647,100,100003,100,98359,100,100121,100,98170,100,100125,100,,,100153,100,,
2019-06-28 09:51:19.065511065,99700,174,99191,174,99701,100,99082,174,99812,274,99041,174,99882,174,98966,174,99930,174,98802,174,100002,100,98647,100,100003,100,98565,100,100121,100,98359,100,100125,100,98170,100,100153,100,,
2019-06-28 09:51:20.000000000,99700,174,99191,174,99701,100,99082,174,99812,274,99041,174,99882,174,98966,174,99930,174,98802,174,100002,100,98647,100,100003,100,98565,100,100121,100,98359,100,100125,100,98170,100,100153,100,,
2019-06-28 09:51:27.171851267,99700,174,99191,174,99701,100,99082,174,99812,274,99041,174,99882,174,98966,174,99930,174,98802,174,100002,100,98647,100,100003,100,98635,100,100121,100,98565,100,100125,100,98359,100,100153,100,98170,100
2019-06-28 09:51:30.000000000,99700,174,99191,174,99701,100,99082,174,99812,274,99041,174,99882,174,98966,174,99930,174,98802,174,100002,100,98647,100,100003,100,98635,100,100121,100,98565,100,100125,100,98359,100,100153,100,98170,100
2019-06-28 09:51:40.000000000,99700,468,99191,468,99701,26,99082,100,99812,200,99041,100,99882,100,98966,100,99930,100,98802,100,100002,100,98647,100,100003,100,98635,100,100121,100,98565,100,100125,100,98359,100,100153,100,98170,100
2019-06-28 09:51:42.244712157,99700,468,99191,368,99701,26,99082,100,99812,200,99041,100,99882,100,98966,100,99930,100,98802,100,100002,100,98647,100,100003,100,98635,100,100121,100,98565,100,100125,100,98359,100,100153,100,98170,100
2019-06-28 09:51:50.000000000,99700,174,99082,174,99701,100,99041,174,99812,274,98966,174,99882,174,98802,174,99930,174,98647,174,100002,100,98635,100,100003,100,98565,100,100121,100,98359,100,100125,100,98170,100,100153,100,,
2019-06-28 09:51:55.187439583,99110,100,99082,174,99700,174,99041,174,99701,100,98966,174,99812,274,98802,174,99882,174,98647,174,99930,174,98635,100,100002,100,98565,100,100003,100,98359,100,100121,100,98170,100,100125,100,,
2019-06-28 09:52:00.000000000,99110,468,99082,468,99700,100,99041,100,99701,26,98966,100,99812,200,98802,100,99882,100,98647,100,99930,100,98635,100,100002,100,98565,100,100003,100,98359,100,100121,100,98170,100,100125,100,,
2019-06-28 09:52:10.000000000,99110,192,99082,192,99700,192,99041,192,99701,118,98966,192,99812,292,98802,192,99882,100,98647,100,99930,100,98635,100,100002,100,98565,100,100003,100,98359,100,100121,100,98170,100,100125,100,,
2019-06-28 09:52:20.000000000,99110,225,99082,225,99700,221,99041,221,99701,147,98966,221,99812,200,98802,100,99882,100,98647,100,99930,100,98635,100,100002,100,98565,100,100003,100,98359,100,100121,100,98170,100,100125,100,,
2019-06-28 09:52:28.179951794,99110,225,99082,225,99700,221,99041,221,99701,147,98966,221,99812,200,98802,100,99882,100,98647,100,99930,100,98635,100,100002,100,98565,100,100121,100,98359,100,100125,100,98170,100,100153,100,,
2019-06-28 09:52:30.000000000,99110,468,99082,468,99700,100,99041,100,99701,26,98966,100,99812,200,98802,100,99882,100,98647,100,99930,100,98635,100,100002,100,98565,100,100121,100,98359,100,100125,100,98170,100,100153,100,,
2019-06-28 09:52:40.000000000,99110,284,99082,284,99700,284,99041,284,99701,26,98966,100,99812,200,98802,100,99882,100,98647,100,99930,100,98635,100,100002,100,98565,100,100121,100,98359,100,100125,100,98170,100,100153,100,,
2019-06-28 09:52:50.000000000,99110,225,99082,225,99700,221,99041,221,99701,147,98966,221,99812,200,98802,100,99882,100,98647,100,99930,100,98635,100,100002,100,98565,100,100121,100,98359,100,100125,100,98170,100,100153,100,,
2019-06-28 09:53:00.000000000,99110,284,99082,284,99700,284,99041,284,99701,26,98966,100,99812,200,98802,100,99882,100,98647,100,99930,100,98635,100,100002,100,98565,100,100121,100,98359,100,100125,100,98170,100,100153,100,,
2019-06-28 09:53:10.000000000,99110,174,99082,174,99700,174,99041,174,99701,100,98966,174,99812,274,98802,174,99882,174,98647,174,99930,100,98635,100,100002,100,98565,100,100121,100,98359,100,100125,100,98170,100,100153,100,,
2019-06-28 09:53:20.000000000,99110,284,99082,284,99700,284,99041,284,99701,26,98966,100,99812,200,98802,100,99882,100,98647,100,99930,100,98635,100,100002,100,98565,100,100121,100,98359,100,100125,100,98170,100,100153,100,,
2019-06-28 09:53:22.311480290,99110,284,99082,184,99700,284,99041,284,99701,26,98966,100,99812,200,98802,100,99882,100,98647,100,99930,100,98635,100,100002,100,98565,100,100121,100,98359,100,100125,100,98170,100,100153,100,,
2019-06-28 09:53:25.974628970,99110,184,99082,84,99700,284,99041,284,99701,26,98966,100,99812,200,98802,100,99882,100,98647,100,99930,100,98635,100,100002,100,98565,100,100121,100,98359,100,100125,100,98170,100,100153,100,,
2019-06-28 09:53:30.000000000,99700,468,99041,468,99701,26,98966,100,99812,200,98802,100,99882,100,98647,100,99930,100,98635,100,100002,100,98565,100,100121,100,98359,100,100125,100,98170,100,100153,100,,,,,,
2019-06-28 09:53:31.436836898,99700,468,99041,468,99701,26,98966,100,99812,200,98802,100,99882,100,98647,100,99930,100,98635,100,100002,100,98565,100,100121,100,98359,100,100125,100,98233,100,100153,100,98170,100,,,,
2019-06-28 09:53:35.209009811,99082,100,99041,468,99700,468,98966,100,99701,26,98802,100,99812,200,98647,100,99882,100,98635,100,99930,100,98565,100,100002,100,98359,100,100121,100,98233,100,100125,100,98170,100,100153,100,,
2019-06-28 09:53:40.000000000,99082,468,99041,468,99700,100,98966,100,99701,26,98802,100,99812,200,98647,100,99882,100,98635,100,99930,100,98565,100,100002,100,98359,100,100121,100,98233,100,100125,100,98170,100,100153,100,,
2019-06-28 09:53:46.028483440,99082,468,99041,368,99700,100,98966,100,99701,26,98802,100,99812,200,98647,100,99882,100,98635,100,99930,100,98565,100,100002,100,98233,100,100121,100,98170,100,100125,100,,,100153,100,,
2019-06-28 09:53:50.000000000,99082,225,98966,225,99700,221,98802,221,99701,147,98647,221,99812,200,98635,100,99882,100,98565,100,99930,100,98233,100,100002,100,98170,100,100121,100,,,100125,100,,,100153,100,,
2019-06-28 09:54:00.000000000,99082,284,98966,284,99700,284,98802,284,99701,26,98647,100,99812,200,98635,100,99882,100,98565,100,99930,100,98233,100,100002,100,98170,100,100121,100,,,100125,100,,,100153,100,,
2019-06-28 09:54:06.798150554,99081,100,98966,284,99082,284,98802,284,99700,284,98647,100,99701,26,98635,100,99812,200,98565,100,99882,100,98233,100,99930,100,98170,100,100002,100,,,100121,100,,,100125,100,,
2019-06-28 09:54:10.000000000,99081,225,98966,225,99082,221,98802,221,99700,221,98647,221,99701,26,98635,100,99812,200,98565,100,99882,100,98233,100,99930,100,98170,100,100002,100,,,100121,100,,,100125,100,,
2019-06-28 09:54:20.000000000,99081,192,98966,192,99082,192,98802,192,99700,192,98647,192,99701,118,98635,192,99812,200,98565,100,99882,100,98233,100,99930,100,98170,100,100002,100,,,100121,100,,,100125,100,,
2019-06-28 09:54:28.957148172,99081,192,98966,192,99082,192,98807,100,99700,192,98802,192,99701,118,98647,192,99812,200,98635,192,99882,100,98565,100,99930,100,98233,100,100002,100,98170,100,100121,100,,,100125,100,,
2019-06-28 09:54:30.000000000,99081,468,98966,468,99082,100,98807,100,99700,100,98802,100,99701,26,98647,100,99812,200,98635,100,99882,100,98565,100,99930,100,98233,100,100002,100,98170,100,100121,100,,,100125,100,,
2019-06-28 09:54:39.383185041,99081,468,98966,468,99082,100,98857,100,99700,100,98807,100,99701,26,98802,100,99812,200,98647,100,99882,100,98635,100,99930,100,98565,100,100002,100,98233,100,100121,100,98170,100,100125,100,,
2019-06-28 09:54:40.000000000,99081,284,98966,284,99082,284,98857,284,99700,100,98807,100,99701,26,98802,100,99812,200,98647,100,99882,100,98635,100,99930,100,98565,100,100002,100,98233,100,100121,100,98170,100,100125,100,,
2019-06-28 09:54:41.742607518,99081,384,98966,284,99082,284,98857,284,99700,100,98807,100,99701,26,98802,100,99812,200,98647,100,99882,100,98635,100,99930,100,98565,100,100002,100,98233,100,100121,100,98170,100,100125,100,,
2019-06-28 09:54:50.000000000,99081,274,98966,174,99082,174,98857,174,99700,174,98807,174,99701,100,98802,174,99812,274,98647,174,99882,100,98635,100,99930,100,98565,100,100002,100,98233,100,100121,100,98170,100,100125,100,,
2019-06-28 09:55:00.000000000,99081,292,98966,192,99082,192,98857,192,99700,192,98807,192,99701,118,98802,192,99812,200,98647,100,99882,100,98635,100,99930,100,98565,100,100002,100,98233,100,100121,100,98170,100,100125,100,,
2019-06-28 09:55:07.019928804,99081,292,98966,192,99082,192,98894,100,99700,192,98857,192,99701,118,98807,192,99812,200,98802,192,99882,100,98647,100,99930,100,98635,100,100002,100,98565,100,100121,100,98233,100,100125,100,98170,100
2019-06-28 09:55:10.000000000,99081,274,98966,174,99082,174,98894,174,99700,174,98857,174,99701,100,98807,174,99812,274,98802,174,99882,100,98647,100,99930,100,98635,100,100002,100,98565,100,100121,100,98233,100,100125,100,98170,100
2019-06-28 09:55:10.337126028,99081,274,98966,74,99082,174,98894,174,99700,174,98857,174,99701,100,98807,174,99812,274,98802,174,99882,100,98647,100,99930,100,98635,100,100002,100,98565,100,100121,100,98233,100,100125,100,98170,100
2019-06-28 09:55:20.000000000,99081,325,98894,225,99082,221,98857,221,99700,221,98807,221,99701,26,98802,100,99812,200,98647,100,99882,100,98635,100,99930,100,98565,100,100002,100,98233,100,100121,100,98170,100,100125,100,,
2019-06-28 09:55:26.906713146,99081,325,98894,225,99082,221,98857,221,99700,221,98807,221,99701,26,98763,100,99812,200,98647,100,99882,100,98635,100,99930,100,98565,100,100002,100,98233,100,100121,100,98170,100,100125,100,,
2019-06-28 09:55:30.000000000,99081,292,98894,192,99082,192,98857,192,99700,192,98807,192,99701,118,98763,192,99812,200,98647,100,99882,100,98635,100,99930,100,98565,100,100002,100,98233,100,100121,100,98170,100,100125,100,,
2019-06-28 09:55:40.000000000,99081,568,98894,468,99082,100,98857,100,99700,100,98807,100,99701,26,98763,100,99812,200,98647,100,99882,100,98635,100,99930,100,98565,100,100002,100,98233,100,100121,100,98170,100,100125,100,,
2019-06-28 09:55:50.000000000,99081,274,98894,174,99082,174,98857,174,99700,174,98807,174,99701,100,98763,174,99812,274,98647,174,99882,100,98635,100,99930,100,98565,100,100002,100,98233,100,100121,100,98170,100,100125,100,,
2019-06-28 09:55:59.897620159,99041,100,98894,174,99081,274,98857,174,99082,174,98807,174,99700,174,98763,174,99701,100,98647,174,99812,274,98635,100,99882,100,98565,100,99930,100,98233,100,100002,100,98170,100,100121,100,,
2019-06-28 09:56:00.000000000,99041,192,98894,192,99081,292,98857,192,99082,192,98807,192,99700,192,98763,192,99701,26,98647,100,99812,200,98635,100,99882,100,98565,100,99930,100,98233,100,100002,100,98170,100,100121,100,,
2019-06-28 09:56:00.623261826,99041,192,98894,92,99081,292,98857,192,99082,192,98807,192,99700,192,98763,192,99701,26,98647,100,99812,200,98635,100,99882,100,98565,100,99930,100,98233,100,100002,100,98170,100,100121,100,,
2019-06-28 09:56:02.644120248,99041,192,98894,92,99081,292,98857,192,99082,192,98807,192,99700,192,98763,192,99701,26,98647,100,99812,200,98635,100,99882,100,98575,100,99930,100,98565,100,100002,100,98233,100,100121,100,98170,100
2019-06-28 09:56:10.000000000,99041,174,98857,174,99081,274,98807,174,99082,174,98763,174,99700,174,98647,174,99701,100,98635,174,99812,200,98575,100,99882,100,98565,100,99930,100,98233,100,100002,100,98170,100,100121,100,,
2019-06-28 09:56:20.000000000,99041,192,98857,192,99081,292,98807,192,99082,192,98763,192,99700,192,98647,192,99701,26,98635,100,99812,200,98575,100,99882,100,98565,100,99930,100,98233,100,100002,100,98170,100,100121,100,,
2019-06-28 09:56:30.000000000,99041,225,98857,225,99081,321,98807,221,99082,221,98763,221,99700,100,98647,100,99701,26,98635,100,99812,200,98575,100,99882,100,98565,100,99930,100,98233,100,100002,100,98170,100,100121,100,,
2019-06-28 09:56:33.172346115,99041,225,98857,225,99081,321,98807,221,99082,221,98763,221,99700,100,98753,100,99701,26,98647,100,99812,200,98635,100,99882,100,98575,100,99930,100,98565,100,100002,100,98233,100,100121,100,98170,100
2019-06-28 09:56:37.290767575,99041,225,98857,125,99081,321,98807,221,99082,221,98763,221,99700,100,98753,100,99701,26,98647,100,99812,200,98635,100,99882,100,98575,100,99930,100,98565,100,100002,100,98233,100,100121,100,98170,100
2019-06-28 09:56:39.355798041,98894,100,98857,125,99041,225,98807,221,99081,321,98763,221,99082,121,98753,100,99700,100,98647,100,99701,26,98635,100,99812,200,98575,100,99882,100,98565,100,99930,100,98233,100,100002,100,98170,100
2019-06-28 09:56:40.000000000,98894,468,98807,468,99041,100,98763,100,99081,200,98753,100,99700,100,98647,100,99701,26,98635,100,99812,200,98575,100,99882,100,98565,100,99930,100,98233,100,100002,100,98170,100,100121,100,,
2019-06-28 09:56:45.500120031,98894,468,98807,468,99041,100,98763,100,99081,200,98753,100,99700,100,98699,100,99701,26,98647,100,99812,200,98635,100,99882,100,98575,100,99930,100,98565,100,100002,100,98233,100,100125,100,98170,100
2019-06-28 09:56:49.916576424,98894,468,98807,468,99041,100,98763,100,99081,200,98753,100,99700,100,98699,100,99701,26,98651,100,99812,200,98647,100,99882,100,98635,100,99930,100,98575,100,100002,100,98565,100,100125,100,98233,100
2019-06-28 09:56:50.000000000,98894,468,98807,468,99041,100,98763,100,99081,200,98753,100,99700,100,98699,100,99701,26,98651,100,99812,200,98647,100,99882,100,98635,100,99930,100,98575,100,100002,100,98565,100,100125,100,98233,100
2019-06-28 09:57:00.000000000,98894,225,98807,225,99041,221,98763,221,99081,321,98753,221,99700,100,98699,100,99701,26,98651,100,99812,200,98647,100,99882,100,98635,100,99930,100,98575,100,100002,100,98565,100,100125,100,98233,100
2019-06-28 09:57:10.000000000,98894,284,98807,284,99041,284,98763,284,99081,200,98753,100,99700,100,98699,100,99701,26,98651,100,99812,200,98647,100,99882,100,98635,100,99930,100,98575,100,100002,100,98565,100,100125,100,98233,100
2019-06-28 09:57:13.835928594,98894,184,98807,284,99041,284,98763,284,99081,200,98753,100,99700,100,98699,100,99701,26,98651,100,99812,100,98647,100,99882,100,98635,100,99930,100,98575,100,100002,100,98565,100,100125,100,98233,100
2019-06-28 09:57:20.000000000,99041,468,98807,468,99081,200,98763,100,99700,100,98753,100,99701,26,98699,100,99812,100,98651,100,99882,100,98647,100,99930,100,98635,100,100002,100,98575,100,100125,100,98565,100,100153,100,98233,100
2019-06-28 09:57:30.000000000,99041,174,98807,174,99081,274,98763,174,99700,174,98753,174,99701,100,98699,174,99812,174,98651,174,99882,100,98647,100,99930,100,98635,100,100002,100,98575,100,100125,100,98565,100,100153,100,98233,100
2019-06-28 09:57:40.000000000,99041,468,98807,468,99081,200,98763,100,99700,100,98753,100,99701,26,98699,100,99812,100,98651,100,99882,100,98647,100,99930,100,98635,100,100002,100,98575,100,100125,100,98565,100,100153,100,98233,100
2019-06-28 09:57:49.676782026,99041,468,98807,368,99081,200,98763,100,99700,100,98753,100,99701,26,98699,100,99812,100,98651,100,99882,100,98647,100,99930,100,98635,100,100002,100,98575,100,100125,100,98565,100,100153,100,98233,100
2019-06-28 09:57:50.000000000,99041,174,98763,174,99081,274,98753,174,99700,174,98699,174,99701,100,98651,174,99812,174,98647,174,99882,100,98635,100,99930,100,98575,100,100002,100,98565,100,100125,100,98233,100,100153,100,98170,100
2019-06-28 09:58:00.000000000,99041,192,98763,192,99081,292,98753,192,99700,192,98699,192,99701,118,98651,192,99812,100,98647,100,99882,100,98635,100,99930,100,98575,100,100002,100,98565,100,100125,100,98233,100,100153,100,98170,100
2019-06-28 09:58:10.000000000,99041,284,98763,284,99081,384,98753,284,99700,100,98699,100,99701,26,98651,100,99812,100,98647,100,99882,100,98635,100,99930,100,98575,100,100002,100,98565,100,100125,100,98233,100,100153,100,98170,100
2019-06-28 09:58:20.000000000,99041,192,98763,192,99081,292,98753,192,99700,192,98699,192,99701,118,98651,192,99812,100,98647,100,99882,100,98635,100,99930,100,98575,100,100002,100,98565,100,100125,100,98233,100,100153,100,98170,100
2019-06-28 09:58:25.940465945,99041,192,98851,100,99081,292,98763,192,99700,192,98753,192,99701,118,98699,192,99812,100,98651,192,99882,100,98647,100,99930,100,98575,100,100002,100,98565,100,100125,100,98233,100,100153,100,98170,100
2019-06-28 09:58:30.000000000,99041,174,98851,174,99081,274,98763,174,99700,174,98753,174,99701,100,98699,174,99812,174,98651,174,99882,100,98647,100,99930,100,98575,100,100002,100,98565,100,100125,100,98233,100,100153,100,98170,100
2019-06-28 09:58:40.000000000,99041,284,98851,284,99081,384,98763,284,99700,100,98753,100,99701,26,98699,100,99812,100,98651,100,99882,100,98647,100,99930,100,98575,100,100002,100,98565,100,100125,100,98233,100,100153,100,98170,100
2019-06-28 09:58:44.844453203,99041,284,98851,284,99081,384,98794,100,99700,100,98763,284,99701,26,98753,100,99812,100,98699,100,99882,100,98651,100,99930,100,98575,100,100002,100,98565,100,100125,100,98233,100,100153,100,98170,100
2019-06-28 09:58:50.000000000,99041,284,98851,284,99081,384,98794,284,99700,100,98763,100,99701,26,98753,100,99812,100,98699,100,99882,100,98651,100,99930,100,98575,100,100002,100,98565,100,100125,100,98233,100,100153,100,98170,100
2019-06-28 09:59:00.000000000,99041,174,98851,174,99081,274,98794,174,99700,174,98763,174,99701,100,98753,174,99812,174,98699,174,99882,100,98651,100,99930,100,98575,100,100002,100,98565,100,100125,100,98233,100,100153,100,98170,100
2019-06-28 09:59:02.160577423,99041,174,98851,174,99081,274,98808,100,99700,174,98794,174,99701,100,98763,174,99812,174,98753,174,99930,100,98699,174,100002,100,98651,100,100125,100,98575,100,100153,100,98565,100,,,98233,100
2019-06-28 09:59:09.149448466,99041,174,98851,174,99081,274,98808,200,99700,74,98794,174,99701,100,98763,174,99812,174,98753,174,99930,100,98699,174,100002,100,98651,100,100125,100,98575,100,100153,100,98565,100,,,98233,100
2019-06-28 09:59:10.000000000,99041,225,98851,225,99081,321,98808,321,99701,147,98794,221,99812,100,98763,100,99930,100,98753,100,100002,100,98699,100,100125,100,98651,100,100153,100,98575,100,,,98565,100,,,98233,100
2019-06-28 09:59:19.189258187,99041,225,98851,225,99081,321,98808,321,99137,100,98794,221,99701,147,98763,100,99812,100,98753,100,99930,100,98699,100,100002,100,98651,100,100125,100,98575,100,100153,100,98565,100,,,98233,100
2019-06-28 09:59:20.000000000,99041,468,98851,468,99081,200,98808,200,99137,100,98794,100,99701,26,98763,100,99812,100,98753,100,99930,100,98699,100,100002,100,98651,100,100125,100,98575,100,100153,100,98565,100,,,98233,100
2019-06-28 09:59:30.000000000,99041,192,98851,192,99081,292,98808,292,99137,192,98794,192,99701,118,98763,192,99812,100,98753,100,99930,100,98699,100,100002,100,98651,100,100125,100,98575,100,100153,100,98565,100,,,98233,100
2019-06-28 09:59:40.000000000,99041,225,98851,225,99081,321,98808,321,99137,221,98794,221,99701,26,98763,100,99812,100,98753,100,99930,100,98699,100,100002,100,98651,100,100125,100,98575,100,100153,100,98565,100,,,98233,100
2019-06-28 09:59:50.000000000,99041,284,98851,284,99081,384,98808,384,99137,100,98794,100,99701,26,98763,100,99812,100,98753,100,99930,100,98699,100,100002,100,98651,100,100125,100,98575,100,100153,100,98565,100,,,98233,100
2019-06-28 09:59:57.424408038,99041,284,98851,284,99081,384,98808,384,99137,100,98794,100,99701,26,98763,100,99812,100,98753,100,99930,100,98699,100,100002,100,98651,100,100125,100,98565,100,100153,100,98532,100,,,98233,100
2019-06-28 09:59:59.561864124,98911,100,98851,284,99041,284,98808,384,99081,384,98794,100,99137,100,98763,100,99701,26,98753,100,99812,100,98699,100,99930,100,98651,100,100002,100,98565,100,100125,100,98532,100,100153,100,98233,100
2019-06-28 09:59:59.861085339,98911,100,98851,284,99041,284,98808,384,99081,284,98794,100,99137,100,98763,100,99701,26,98753,100,99812,100,98699,100,99930,100,98651,100,100002,100,98565,100,100125,100,98532,100,100153,100,98233,100
2019-06-28 10:00:00.000000000,98911,225,98851,225,99041,221,98808,321,99081,221,98794,221,99137,100,98763,100,99701,26,98753,100,99812,100,98699,100,99930,100,98651,100,100002,100,98565,100,100125,100,98532,100,100153,100,98233,100
2019-06-28 10:00:10.000000000,98911,174,98851,174,99041,174,98808,274,99081,174,98794,174,99137,174,98763,174,99701,100,98753,174,99812,100,98699,100,99930,100,98651,100,100002,100,98565,100,100125,100,98532,100,100153,100,98233,100
2019-06-28 10:00:20.000000000,98911,468,98851,468,99041,100,98808,200,99081,100,98794,100,99137,100,98763,100,99701,26,98753,100,99812,100,98699,100,99930,100,98651,100,100002,100,98565,100,100125,100,98532,100,100153,100,98233,100
2019-06-28 10:00:21.893087716,98911,468,98851,368,99041,100,98808,200,99081,100,98794,100,99137,100,98763,100,99701,26,98753,100,99812,100,98699,100,99930,100,98651,100,100002,100,98565,100,100125,100,98532,100,100153,100,98233,100
2019-06-28 10:00:26.733303800,98911,468,98851,268,99041,100,98808,200,99081,100,98794,100,99137,100,98763,100,99701,26,98753,100,99812,100,98699,100,99930,100,98651,100,100002,100,98565,100,100125,100,98532,100,100153,100,98233,100
2019-06-28 10:00:30.000000000,98911,174,98808,274,99041,174,98794,174,99081,174,98763,174,99137,174,98753,174,99701,100,98699,174,99812,100,98651,100,99930,100,98565,100,100002,100,98532,100,100125,100,98233,100,100153,100,98170,100
2019-06-28 10:00:34.229028821,98851,100,98808,274,98911,174,98794,174,99041,174,98763,174,99081,174,98753,174,99137,174,98699,174,99701,100,98651,100,99812,100,98565,100,99930,100,98532,100,100002,100,98233,100,100125,100,98170,100
2019-06-28 10:00:35.881326570,98851,100,98808,274,98911,174,98794,174,99041,174,98763,174,99081,174,98753,174,99137,174,98699,174,99701,100,98651,100,99812,100,98574,100,99930,100,98565,100,100002,100,98532,100,100125,100,98233,100
2019-06-28 10:00:40.000000000,98851,284,98808,384,98911,284,98794,284,99041,100,98763,100,99081,100,98753,100,99137,100,98699,100,99701,26,98651,100,99812,100,98574,100,99930,100,98565,100,100002,100,98532,100,100125,100,98233,100
2019-06-28 10:00:50.000000000,98851,225,98808,325,98911,221,98794,221,99041,221,98763,221,99081,100,98753,100,99137,100,98699,100,99701,26,98651,100,99812,100,98574,100,99930,100,98565,100,100002,100,98532,100,100125,100,98233,100
2019-06-28 10:00:55.919798969,98851,125,98808,325,98911,221,98794,221,99041,221,98763,221,99081,100,98753,100,99137,100,98699,100,99701,26,98651,100,99812,100,98574,100,99930,100,98565,100,100002,100,98532,100,100125,100,98233,100
2019-06-28 10:01:00.000000000,98911,225,98808,325,99041,221,98794,221,99081,221,98763,221,99137,100,98753,100,99701,26,98699,100,99812,100,98651,100,99930,100,98574,100,100002,100,98565,100,100125,100,98532,100,100153,100,98233,100
2019-06-28 10:01:10.000000000,98911,192,98808,292,99041,192,98794,192,99081,192,98763,192,99137,192,98753,192,99701,26,98699,100,99812,100,98651,100,99930,100,98574,100,100002,100,98565,100,100125,100,98532,100,100153,100,98233,100
2019-06-28 10:01:20.000000000,98911,192,98808,292,99041,192,98794,192,99081,192,98763,192,99137,192,98753,192,99701,26,98699,100,99812,100,98651,100,99930,100,98574,100,100002,100,98565,100,100125,100,98532,100,100153,100,98233,100
2019-06-28 10:01:23.700396646,98911,192,98808,292,99041,192,98794,192,99081,192,98763,192,99137,192,98753,192,99170,100,98699,100,99701,26,98651,100,99812,100,98574,100,99930,100,98565,100,100002,100,98532,100,100125,100,98233,100
2019-06-28 10:01:30.000000000,98911,284,98808,384,99041,284,98794,284,99081,100,98763,100,99137,100,98753,100,99170,100,98699,100,99701,26,98651,100,99812,100,98574,100,99930,100,98565,100,100002,100,98532,100,100125,100,98233,100
2019-06-28 10:01:40.000000000,98911,174,98808,274,99041,174,98794,174,99081,174,98763,174,99137,174,98753,174,99170,174,98699,174,99701,26,98651,100,99812,100,98574,100,99930,100,98565,100,100002,100,98532,100,100125,100,98233,100
2019-06-28 10:01:41.740811488,98911,174,98808,274,99041,174,98794,174,99081,174,98778,100,99137,174,98763,174,99170,174,98753,174,99701,26,98699,174,99812,100,98651,100,99930,100,98574,100,100002,100,98565,100,100125,100,98532,100
2019-06-28 10:01:48.429369053,98911,174,98808,274,99041,174,98794,174,99049,100,98778,100,99081,174,98763,174,99137,174,98753,174,99170,174,98699,174,99701,26,98651,100,99812,100,98574,100,99930,100,98565,100,100002,100,98532,100
2019-06-28 10:01:50.000000000,98911,468,98808,568,99041,100,98794,100,99049,100,98778,100,99081,100,98763,100,99137,100,98753,100,99170,100,98699,100,99701,26,98651,100,99812,100,98574,100,99930,100,98565,100,100002,100,98532,100
2019-06-28 10:01:50.507653933,98911,468,98808,568,98948,100,98794,100,99041,100,98778,100,99049,100,98763,100,99081,100,98753,100,99137,100,98699,100,99170,100,98651,100,99701,26,98574,100,99812,100,98565,100,99930,100,98532,100
2019-06-28 10:02:00.000000000,98911,174,98808,274,98948,174,98794,174,99041,174,98778,174,99049,174,98763,174,99081,174,98753,174,99137,100,98699,100,99170,100,98651,100,99701,26,98574,100,99812,100,98565,100,99930,100,98532,100
2019-06-28 10:02:03.350859294,98911,174,98852,100,98948,174,98808,274,99041,174,98794,174,99049,174,98778,174,99081,174,98763,174,99137,100,98753,174,99170,100,98699,100,99701,26,98651,100,99812,100,98574,100,99930,100,98565,100
2019-06-28 10:02:10.000000000,98911,174,98852,174,98948,174,98808,274,99041,174,98794,174,99049,174,98778,174,99081,174,98763,174,99137,100,98753,100,99170,100,98699,100,99701,26,98651,100,99812,100,98574,100,99930,100,98565,100
2019-06-28 10:02:20.000000000,98911,174,98852,174,98948,174,98808,274,99041,174,98794,174,99049,174,98778,174,99081,174,98763,174,99137,100,98753,100,99170,100,98699,100,99701,26,98651,100,99812,100,98574,100,99930,100,98565,100
2019-06-28 10:02:30.000000000,98911,174,98852,174,98948,174,98808,274,99041,174,98794,174,99049,174,98778,174,99081,174,98763,174,99137,100,98753,100,99170,100,98699,100,99701,26,98651,100,99812,100,98574,100,99930,100,98565,100
2019-06-28 10:02:40.000000000,98911,284,98852,284,98948,284,98808,384,99041,100,98794,100,99049,100,98778,100,99081,100,98763,100,99137,100,98753,100,99170,100,98699,100,99701,26,98651,100,99812,100,98574,100,99930,100,98565,100
2019-06-28 10:02:43.816157709,98911,184,98852,284,98948,284,98808,384,99041,100,98794,100,99049,100,98778,100,99081,100,98763,100,99137,100,98753,100,99170,100,98699,100,99701,26,98651,100,99812,100,98574,100,99930,100,98565,100
2019-06-28 10:02:50.000000000,98948,284,98852,284,99041,284,98808,384,99049,100,98794,100,99081,100,98778,100,99137,100,98763,100,99170,100,98753,100,99701,26,98699,100,99812,100,98651,100,99930,100,98574,100,100002,100,98565,100
2019-06-28 10:03:00.000000000,98948,174,98852,174,99041,174,98808,274,99049,174,98794,174,99081,174,98778,174,99137,174,98763,174,99170,100,98753,100,99701,26,98699,100,99812,100,98651,100,99930,100,98574,100,100002,100,98565,100
2019-06-28 10:03:07.206770906,98948,174,98852,74,99041,174,98808,274,99049,174,98794,174,99081,174,98778,174,99137,174,98763,174,99170,100,98753,100,99701,26,98699,100,99812,100,98651,100,99930,100,98574,100,100002,100,98565,100
2019-06-28 10:03:10.000000000,98948,174,98808,274,99041,174,98794,174,99049,174,98778,174,99081,174,98763,174,99137,174,98753,174,99170,100,98699,100,99701,26,98651,100,99812,100,98574,100,99930,100,98565,100,100002,100,98532,100
2019-06-28 10:03:16.567955145,98910,100,98808,274,98948,174,98794,174,99041,174,98778,174,99049,174,98763,174,99081,174,98753,174,99137,174,98699,100,99170,100,98651,100,99701,26,98574,100,99812,100,98565,100,99930,100,98532,100
2019-06-28 10:03:16.777281480,98948,174,98808,274,99041,174,98794,174,99049,174,98778,174,99081,174,98763,174,99137,174,98753,174,99170,100,98699,100,99701,26,98651,100,99812,100,98574,100,99930,100,98565,100,100002,100,98532,100
2019-06-28 10:03:20.000000000,98948,174,98808,274,99041,174,98794,174,99049,174,98778,174,99081,174,98763,174,99137,174,98753,174,99170,100,98699,100,99701,26,98651,100,99812,100,98574,100,99930,100,98565,100,100002,100,98532,100
2019-06-28 10:03:30.000000000,98948,192,98808,292,99041,192,98794,192,99049,192,98778,192,99081,192,98763,192,99137,100,98753,100,99170,100,98699,100,99701,26,98651,100,99812,100,98574,100,99930,100,98565,100,100002,100,98532,100
2019-06-28 10:03:30.066999796,98948,192,98808,292,99041,192,98794,192,99049,192,98778,192,99080,100,98763,192,99081,192,98753,100,99137,100,98699,100,99170,100,98651,100,99812,100,98574,100,99930,100,98565,100,100002,100,98532,100
2019-06-28 10:03:31.357768580,98948,192,98853,100,99041,192,98808,292,99049,192,98794,192,99080,100,98778,192,99081,192,98763,192,99137,100,98753,100,99170,100,98699,100,99812,100,98651,100,99930,100,98574,100,100002,100,98565,100
2019-06-28 10:03:40.000000000,98948,192,98853,192,99041,192,98808,292,99049,192,98794,192,99080,192,98778,192,99081,100,98763,100,99137,100,98753,100,99170,100,98699,100,99812,100,98651,100,99930,100,98574,100,100002,100,98565,100
2019-06-28 10:03:40.391836446,98948,192,98853,192,99041,192,98850,100,99049,192,98808,292,99080,192,98794,192,99081,100,98778,192,99137,100,98763,100,99170,100,98753,100,99812,100,98699,100,99930,100,98651,100,100002,100,98574,100
2019-06-28 10:03:44.766963964,98948,192,98853,192,99041,192,98850,100,99049,192,98808,292,99080,192,98794,192,99081,100,98778,192,99096,100,98763,100,99137,100,98753,100,99170,100,98699,100,99812,100,98651,100,99930,100,98574,100
2019-06-28 10:03:50.000000000,98948,284,98853,284,99041,284,98850,284,99049,100,98808,200,99080,100,98794,100,99081,100,98778,100,99096,100,98763,100,99137,100,98753,100,99170,100,98699,100,99812,100,98651,100,99930,100,98574,100
2019-06-28 10:03:50.601153369,98948,284,98896,100,99041,284,98853,284,99049,100,98850,284,99080,100,98808,200,99081,100,98794,100,99096,100,98778,100,99137,100,98763,100,99170,100,98753,100,99812,100,98699,100,99930,100,98651,100
2019-06-28 10:04:00.000000000,98948,284,98896,284,99041,284,98853,284,99049,100,98850,100,99080,100,98808,200,99081,100,98794,100,99096,100,98778,100,99137,100,98763,100,99170,100,98753,100,99812,100,98699,100,99930,100,98651,100
2019-06-28 10:04:10.000000000,98948,192,98896,192,99041,192,98853,192,99049,192,98850,192,99080,192,98808,292,99081,100,98794,100,99096,100,98778,100,99137,100,98763,100,99170,100,98753,100,99812,100,98699,100,99930,100,98651,100
2019-06-28 10:04:17.062984857,98948,192,98896,192,99041,192,98853,192,99049,192,98850,192,99080,192,98844,100,99081,100,98808,292,99096,100,98794,100,99137,100,98778,100,99170,100,98763,100,99812,100,98753,100,99930,100,98699,100
2019-06-28 10:04:20.000000000,98948,284,98896,284,99041,284,98853,284,99049,100,98850,100,99080,100,98844,100,99081,100,98808,200,99096,100,98794,100,99137,100,98778,100,99170,100,98763,100,99812,100,98753,100,99930,100,98699,100
2019-06-28 10:04:30.000000000,98948,174,98896,174,99041,174,98853,174,99049,174,98850,174,99080,174,98844,174,99081,174,98808,274,99096,100,98794,100,99137,100,98778,100,99170,100,98763,100,99812,100,98753,100,99930,100,98699,100
2019-06-28 10:04:40.000000000,98948,174,98896,174,99041,174,98853,174,99049,174,98850,174,99080,174,98844,174,99081,174,98808,274,99096,100,98794,100,99137,100,98778,100,99170,100,98763,100,99812,100,98753,100,99930,100,98699,100
2019-06-28 10:04:40.848235575,98913,100,98896,174,98948,174,98853,174,99041,174,98850,174,99049,174,98844,174,99080,174,98808,274,99081,174,98794,100,99096,100,98778,100,99137,100,98763,100,99170,100,98753,100,99812,100,98699,100
2019-06-28 10:04:50.000000000,98913,468,98896,468,98948,100,98853,100,99041,100,98850,100,99049,100,98844,100,99080,100,98808,200,99081,100,98794,100,99096,100,98778,100,99137,100,98763,100,99170,100,98753,100,99812,100,98699,100
2019-06-28 10:05:00.000000000,98913,284,98896,284,98948,284,98853,284,99041,100,98850,100,99049,100,98844,100,99080,100,98808,200,99081,100,98794,100,99096,100,98778,100,99137,100,98763,100,99170,100,98753,100,99812,100,98699,100
2019-06-28 10:05:10.000000000,98913,284,98896,284,98948,284,98853,284,99041,100,98850,100,99049,100,98844,100,99080,100,98808,200,99081,100,98794,100,99096,100,98778,100,99137,100,98763,100,99170,100,98753,100,99812,100,98699,100
2019-06-28 10:05:20.000000000,98913,192,98896,192,98948,192,98853,192,99041,192,98850,192,99049,192,98844,192,99080,100,98808,200,99081,100,98794,100,99096,100,98778,100,99137,100,98763,100,99170,100,98753,100,99812,100,98699,100
2019-06-28 10:05:30.000000000,98913,174,98896,174,98948,174,98853,174,99041,174,98850,174,99049,174,98844,174,99080,174,98808,274,99081,100,98794,100,99096,100,98778,100,99137,100,98763,100,99170,100,98753,100,99812,100,98699,100
2019-06-28 10:05:40.000000000,98913,468,98896,468,98948,100,98853,100,99041,100,98850,100,99049,100,98844,100,99080,100,98808,200,99081,100,98794,100,99096,100,98778,100,99137,100,98763,100,99170,100,98753,100,99812,100,98699,100
2019-06-28 10:05:46.963178306,98913,468,98896,468,98948,100,98853,100,99041,100,98850,100,99049,100,98844,100,99080,100,98808,200,99081,100,98794,100,99096,100,98778,100,99170,100,98763,100,99315,100,98753,100,99812,100,98699,100
2019-06-28 10:05:50.000000000,98913,468,98896,468,98948,100,98853,100,99041,100,98850,100,99049,100,98844,100,99080,100,98808,200,99081,100,98794,100,99096,100,98778,100,99170,100,98763,100,99315,100,98753,100,99812,100,98699,100
2019-06-28 10:05:58.795621836,98913,468,98896,468,98948,100,98853,100,99041,100,98850,100,99049,100,98844,100,99080,100,98808,200,99081,100,98794,100,99096,100,98778,100,99170,100,98763,100,99315,100,98753,100,99812,100,98699,100
2019-06-28 10:06:00.000000000,98913,225,98896,225,98948,221,98853,221,99041,221,98850,221,99049,100,98844,100,99080,100,98808,200,99081,100,98794,100,99096,100,98778,100,99170,100,98763,100,99315,100,98753,100,99812,100,98699,100
2019-06-28 10:06:10.000000000,98913,192,98896,192,98948,192,98853,192,99041,192,98850,192,99049,192,98844,192,99080,100,98808,200,99081,100,98794,100,99096,100,98778,100,99170,100,98763,100,99315,100,98753,100,99812,100,98699,100
2019-06-28 10:06:20.000000000,98913,284,98896,284,98948,284,98853,284,99041,100,98850,100,99049,100,98844,100,99080,100,98808,200,99081,100,98794,100,99096,100,98778,100,99170,100,98763,100,99315,100,98753,100,99812,100,98699,100
2019-06-28 10:06:23.988226520,98913,284,98896,284,98948,284,98853,384,99041,100,98850,100,99049,100,98844,100,99080,100,98808,200,99081,100,98794,100,99096,100,98778,100,99170,100,98763,100,99315,100,98753,100,99812,100,98699,100
2019-06-28 10:06:28.876074878,98913,284,98896,284,98948,284,98853,384,99041,100,98850,100,99049,100,98844,100,99080,100,98808,100,99081,100,98794,100,99096,100,98778,100,99170,100,98763,100,99315,100,98753,100,99812,100,98699,100
2019-06-28 10:06:30.000000000,98913,174,98896,174,98948,174,98853,274,99041,174,98850,174,99049,174,98844,174,99080,174,98808,174,99081,100,98794,100,99096,100,98778,100,99170,100,98763,100,99315,100,98753,100,99812,100,98699,100
2019-06-28 10:06:40.000000000,98913,468,98896,468,98948,100,98853,200,99041,100,98850,100,99049,100,98844,100,99080,100,98808,100,99081,100,98794,100,99096,100,98778,100,99170,100,98763,100,99315,100,98753,100,99812,100,98699,100
2019-06-28 10:06:46.698774798,98913,468,98896,468,98948,100,98853,200,99041,100,98850,100,99049,100,98844,100,99080,100,98808,100,99081,100,98794,100,99096,100,98778,100,99170,100,98763,100,99315,100,98753,100,99415,100,98699,100
2019-06-28 10:06:49.007731142,98913,468,98896,468,98948,100,98853,200,99041,100,98850,100,99080,100,98844,100,99081,100,98808,100,99096,100,98794,100,99170,100,98778,100,99272,100,98763,100,99315,100,98753,100,99415,100,98699,100
2019-06-28 10:06:50.000000000,98913,192,98896,192,98948,192,98853,292,99041,192,98850,192,99080,192,98844,192,99081,100,98808,100,99096,100,98794,100,99170,100,98778,100,99272,100,98763,100,99315,100,98753,100,99415,100,98699,100
2019-06-28 10:06:55.162478703,98913,192,98896,192,98948,192,98853,292,99041,192,98850,192,99080,192,98844,192,99081,100,98808,100,99096,100,98794,100,99170,100,98778,100,99272,100,98763,100,99315,100,98753,100,99415,100,98699,100
2019-06-28 10:06:56.018620793,98913,92,98896,192,98948,192,98853,292,99041,192,98850,192,99080,192,98844,192,99081,100,98808,100,99096,100,98794,100,99170,100,98778,100,99272,100,98763,100,99315,100,98753,100,99415,100,98699,100
2019-06-28 10:07:00.000000000,98948,284,98896,284,99041,284,98853,384,99080,100,98850,100,99081,100,98844,100,99096,100,98808,100,99170,100,98794,100,99272,100,98778,100,99315,100,98763,100,99415,100,98753,100,99478,100,98699,100
2019-06-28 10:07:02.368942156,98948,184,98896,284,99041,284,98853,384,99080,100,98850,100,99081,100,98844,100,99096,100,98808,100,99170,100,98794,100,99272,100,98778,100,99315,100,98763,100,99415,100,98753,100,99478,100,98699,100
2019-06-28 10:07:10.000000000,99041,192,98896,192,99080,192,98853,292,99081,192,98850,192,99096,192,98844,192,99170,100,98808,100,99272,100,98794,100,99315,100,98778,100,99415,100,98763,100,99478,100,98753,100,99812,100,98699,100
2019-06-28 10:07:17.716127392,99041,192,98913,100,99080,192,98896,192,99081,192,98853,292,99096,192,98850,192,99170,100,98844,192,99272,100,98808,100,99315,100,98794,100,99415,100,98778,100,99478,100,98763,100,99812,100,98753,100
2019-06-28 10:07:20.000000000,99041,225,98913,225,99080,221,98896,221,99081,221,98853,321,99096,100,98850,100,99170,100,98844,100,99272,100,98808,100,99315,100,98794,100,99415,100,98778,100,99478,100,98763,100,99812,100,98753,100
2019-06-28 10:07:30.000000000,99041,468,98913,468,99080,100,98896,100,99081,100,98853,200,99096,100,98850,100,99170,100,98844,100,99272,100,98808,100,99315,100,98794,100,99415,100,98778,100,99478,100,98763,100,99812,100,98753,100
2019-06-28 10:07:40.000000000,99041,192,98913,192,99080,192,98896,192,99081,192,98853,292,99096,192,98850,192,99170,100,98844,100,99272,100,98808,100,99315,100,98794,100,99415,100,98778,100,99478,100,98763,100,99812,100,98753,100
2019-06-28 10:07:50.000000000,99041,468,98913,468,99080,100,98896,100,99081,100,98853,200,99096,100,98850,100,99170,100,98844,100,99272,100,98808,100,99315,100,98794,100,99415,100,98778,100,99478,100,98763,100,99812,100,98753,100
