,ask_price_1,ask_size_1,bid_price_1,bid_size_1,ask_price_2,ask_size_2,bid_price_2,bid_size_2,ask_price_3,ask_size_3,bid_price_3,bid_size_3,ask_price_4,ask_size_4,bid_price_4,bid_size_4,ask_price_5,ask_size_5,bid_price_5,bid_size_5,ask_price_6,ask_size_6,bid_price_6,bid_size_6,ask_price_7,ask_size_7,bid_price_7,bid_size_7,ask_price_8,ask_size_8,bid_price_8,bid_size_8,ask_price_9,ask_size_9,bid_price_9,bid_size_9,ask_price_10,ask_size_10,bid_price_10,bid_size_10
2019-06-28 09:30:00.000000000,100037,100,99964,100,,,,,,,,,,,,,,,,,,,,,,,,,,,,,,,,,,,,
2019-06-28 09:30:00.000000004,100037,100,99964,100,100047,100,,,,,,,,,,,,,,,,,,,,,,,,,,,,,,,,,,
2019-06-28 09:30:00.000000005,100037,100,99966,100,100047,100,99964,100,,,,,,,,,,,,,,,,,,,,,,,,,,,,,,,,
2019-06-28 09:30:00.000000008,100037,100,99978,100,100047,100,99966,100,,,99964,100,,,,,,,,,,,,,,,,,,,,,,,,,,,,
2019-06-28 09:30:00.000000009,100037,100,99978,100,100047,100,99976,100,,,99966,100,,,99964,100,,,,,,,,,,,,,,,,,,,,,,,,
2019-06-28 09:30:00.000000012,100037,100,99978,100,100047,100,99976,100,100078,100,99966,100,,,99964,100,,,,,,,,,,,,,,,,,,,,,,,,
2019-06-28 09:30:00.000000013,100047,100,99978,100,100078,100,99976,100,,,99966,100,,,99964,100,,,,,,,,,,,,,,,,,,,,,,,,
2019-06-28 09:30:00.000000014,100047,100,99993,100,100078,100,99978,100,,,99976,100,,,99966,100,,,99964,100,,,,,,,,,,,,,,,,,,,,
2019-06-28 09:30:00.000000015,100047,100,99993,100,100078,100,99989,100,,,99978,100,,,99976,100,,,99966,100,,,99964,100,,,,,,,,,,,,,,,,
2019-06-28 09:30:00.000000017,100047,100,99993,100,100078,100,99989,100,,,99978,100,,,99976,100,,,99966,100,,,99964,100,,,99804,100,,,,,,,,,,,,
2019-06-28 09:30:00.000000018,100047,100,99993,100,100054,100,99989,100,100078,100,99978,100,,,99976,100,,,99966,100,,,99964,100,,,99804,100,,,,,,,,,,,,
2019-06-28 09:30:00.000000019,100024,100,99993,100,100047,100,99989,100,100054,100,99978,100,100078,100,99976,100,,,99966,100,,,99964,100,,,99838,100,,,99804,100,,,,,,,,
2019-06-28 09:30:00.000000020,99997,100,99993,100,100024,100,99989,100,100047,100,99978,100,100054,100,99976,100,100078,100,99966,100,,,99964,100,,,99838,100,,,99804,100,,,,,,,,
2019-06-28 09:30:00.000000021,99997,100,99993,100,100024,100,99989,100,100047,100,99978,100,100054,100,99976,100,100078,100,99966,100,,,99964,100,,,99927,100,,,99838,100,,,99804,100,,,,
2019-06-28 09:30:00.000000024,100024,100,99993,100,100034,100,99989,100,100047,100,99978,100,100054,100,99976,100,100078,100,99966,100,,,99964,100,,,99927,100,,,99908,100,,,99838,100,,,99804,100
2019-06-28 09:30:00.000000027,100024,100,99989,100,100034,100,99978,100,100047,100,99976,100,100054,100,99966,100,100078,100,99964,100,,,99927,100,,,99908,100,,,99838,100,,,99804,100,,,,
2019-06-28 09:30:00.000000029,100024,100,99993,100,100034,100,99989,100,100047,100,99978,100,100054,100,99976,100,100078,100,99966,100,,,99964,100,,,99927,100,,,99908,100,,,99838,100,,,99804,100
2019-06-28 09:30:00.000000035,100024,100,99993,200,100034,100,99989,100,100047,100,99978,100,100054,100,99976,100,100078,100,99966,100,,,99964,100,,,99927,100,,,99908,100,,,99838,100,,,99804,100
2019-06-28 09:30:00.000000036,100024,100,99993,200,100029,100,99989,100,100034,100,99978,100,100047,100,99976,100,100054,100,99966,100,100078,100,99964,100,,,99927,100,,,99908,100,,,99838,100,,,99804,100
2019-06-28 09:30:00.000000037,100024,100,99993,200,100029,100,99989,100,100034,100,99978,100,100047,100,99976,100,100054,100,99966,100,100078,100,99964,100,100117,100,99927,100,,,99908,100,,,99838,100,,,99804,100
2019-06-28 09:30:00.000000038,100029,100,99993,200,100034,100,99989,100,100047,100,99978,100,100054,100,99976,100,100078,100,99966,100,100117,100,99964,100,,,99927,100,,,99908,100,,,99895,100,,,99838,100
2019-06-28 09:30:00.000000039,100029,100,99994,100,100034,100,99993,200,100047,100,99989,100,100054,100,99978,100,100059,100,99976,100,100078,100,99966,200,100117,100,99964,100,,,99927,100,,,99908,100,,,99895,100
2019-06-28 09:30:00.000000042,100029,100,99994,100,100034,100,99993,200,100047,100,99989,100,100054,100,99978,100,100059,100,99976,100,100078,100,99966,200,100087,100,99964,100,100117,100,99927,100,,,99908,100,,,99895,100
2019-06-28 09:30:00.000000044,100029,100,99994,100,100034,100,99993,200,100047,100,99989,100,100054,100,99987,100,100059,100,99978,100,100078,100,99976,100,100087,100,99966,200,100117,100,99964,100,,,99927,100,,,99908,100
2019-06-28 09:30:00.000000045,100024,100,99994,100,100029,100,99993,200,100034,100,99989,100,100047,100,99987,100,100054,100,99978,100,100059,100,99976,100,100078,100,99966,200,100087,100,99964,100,100117,100,99927,100,,,99908,100
2019-06-28 09:30:00.000000048,100024,100,99994,100,100029,100,99993,200,100034,100,99989,100,100047,100,99987,100,100054,100,99978,100,100059,100,99976,100,100078,100,99966,200,100084,100,99964,100,100087,100,99927,100,100117,100,99908,100
2019-06-28 09:30:00.000000052,100007,100,99994,100,100024,100,99993,200,100029,100,99989,100,100034,100,99987,100,100047,100,99978,100,100054,100,99976,100,100059,100,99966,200,100078,100,99964,100,100084,100,99927,100,100087,100,99908,100
2019-06-28 09:30:00.000000054,100007,100,99994,100,100024,100,99993,200,100029,100,99989,100,100034,100,99987,100,100047,100,99978,100,100054,100,99976,100,100059,100,99966,200,100078,100,99964,100,100084,100,99927,100,100087,100,99908,100
2019-06-28 09:30:00.000000057,100007,100,99994,100,100024,100,99993,200,100029,100,99989,100,100034,100,99987,100,100047,100,99978,100,100054,100,99976,100,100059,100,99966,200,100072,100,99964,100,100078,100,99927,100,100084,100,99908,100
2019-06-28 09:30:00.000000058,100024,100,99994,100,100029,100,99993,200,100034,100,99989,100,100047,100,99987,100,100054,100,99978,100,100059,100,99976,100,100072,100,99966,200,100078,100,99964,100,100084,100,99927,100,100087,100,99908,100
2019-06-28 09:30:00.000000059,100024,100,99994,100,100029,100,99993,200,100034,100,99989,100,100047,100,99987,100,100054,100,99978,100,100059,100,99976,100,100072,100,99966,200,100078,100,99964,100,100084,100,99927,100,100087,100,99923,100
2019-06-28 09:30:00.000000061,100024,100,99994,100,100029,100,99993,200,100034,100,99989,100,100047,100,99987,100,100054,100,99978,100,100059,100,99976,100,100072,100,99966,200,100078,100,99964,100,100084,100,99927,100,100087,100,99923,100
2019-06-28 09:30:00.000000062,100024,100,99994,100,100029,100,99993,200,100034,100,99989,100,100047,100,99987,100,100050,100,99978,100,100054,100,99976,100,100059,100,99966,200,100072,100,99964,100,100078,100,99927,100,100084,100,99923,100
2019-06-28 09:30:00.000000063,100024,100,99994,100,100029,100,99993,200,100034,100,99989,100,100047,100,99987,100,100050,100,99978,100,100054,100,99976,100,100059,100,99966,200,100072,100,99964,100,100075,100,99927,100,100078,100,99923,100
2019-06-28 09:30:00.000000076,100024,100,99997,100,100029,100,99994,100,100034,100,99993,200,100047,100,99989,100,100050,100,99987,100,100054,100,99978,100,100059,100,99976,100,100072,100,99966,200,100075,100,99964,100,100078,100,99927,100
2019-06-28 09:30:00.000000077,100024,100,99994,200,100029,100,99993,200,100034,100,99989,100,100047,100,99987,100,100050,100,99978,100,100054,100,99976,100,100059,100,99968,100,100072,100,99966,200,100075,100,99964,100,100078,100,99927,100
2019-06-28 09:30:00.000000078,100024,100,99994,200,100029,100,99993,200,100034,100,99989,100,100047,100,99987,100,100050,100,99978,100,100054,100,99976,100,100059,100,99968,100,100072,100,99966,200,100075,100,99964,100,100078,100,99927,100
2019-06-28 09:30:00.000000079,100024,100,99994,200,100029,100,99993,200,100034,100,99989,100,100047,100,99987,100,100050,100,99979,100,100054,100,99978,100,100059,100,99976,100,100072,100,99968,100,100075,100,99966,200,100078,100,99964,100
2019-06-28 09:30:00.000000084,100024,100,99994,200,100029,100,99993,200,100034,100,99989,100,100047,100,99987,100,100050,100,99979,100,100054,100,99978,100,100059,100,99976,100,100072,100,99968,100,100075,100,99967,100,100078,100,99966,200
2019-06-28 09:30:00.000000086,100009,100,99994,200,100024,100,99993,200,100029,100,99989,100,100034,100,99987,100,100047,100,99979,100,100050,100,99978,100,100054,100,99976,100,100059,100,99968,100,100072,100,99967,100,100075,100,99966,200
2019-06-28 09:30:00.000000088,100009,100,99994,200,100024,100,99993,200,100029,100,99989,100,100034,100,99987,100,100047,100,99979,100,100050,100,99978,100,100054,100,99976,100,100059,100,99968,100,100072,100,99967,100,100075,100,99966,200
2019-06-28 09:30:00.000000093,100009,100,99996,200,100024,100,99994,200,100029,100,99993,200,100034,100,99989,100,100047,100,99987,100,100050,100,99979,100,100054,100,99978,100,100059,100,99976,100,100072,100,99968,100,100075,100,99967,100
2019-06-28 09:30:00.000000096,100009,100,99996,100,100024,100,99994,200,100029,100,99993,200,100034,100,99989,100,100047,100,99987,100,100050,100,99979,100,100054,100,99978,100,100059,100,99976,100,100072,100,99968,100,100075,100,99967,100
2019-06-28 09:30:00.000000097,100009,100,99997,100,100024,100,99996,100,100029,100,99994,200,100034,100,99993,200,100047,100,99989,100,100049,100,99987,100,100050,100,99979,100,100054,100,99978,100,100059,100,99976,100,100072,100,99968,100
2019-06-28 09:30:00.000000099,100009,100,99997,100,100024,100,99996,100,100029,100,99994,200,100034,100,99993,200,100047,100,99989,100,100049,100,99987,100,100050,100,99979,100,100054,100,99978,100,100059,100,99976,100,100072,100,99968,100
2019-06-28 09:30:08.493523614,100009,100,99997,100,100024,100,99996,100,100029,100,99994,200,100034,100,99993,200,100047,100,99989,100,100049,100,99987,100,100050,100,99979,100,100054,100,99978,100,100059,100,99976,100,100072,100,99968,100
2019-06-28 09:30:10.000000000,100009,185,99997,185,100024,185,99996,185,100029,185,99994,285,100034,185,99993,285,100047,185,99989,185,100049,100,99987,100,100050,100,99979,100,100054,100,99978,100,100059,100,99976,100,100072,100,99968,100
2019-06-28 09:30:20.000000000,100009,206,99997,206,100024,206,99996,206,100029,206,99994,306,100034,206,99993,306,100047,100,99989,100,100049,100,99987,100,100050,100,99979,100,100054,100,99978,100,100059,100,99976,100,100072,100,99968,100
2019-06-28 09:30:30.000000000,100009,185,99997,185,100024,185,99996,185,100029,185,99994,285,100034,185,99993,285,100047,185,99989,185,100049,100,99987,100,100050,100,99979,100,100054,100,99978,100,100059,100,99976,100,100072,100,99968,100
2019-06-28 09:30:33.978595093,100009,185,99997,85,100024,85,99996,185,100029,185,99994,285,100034,185,99993,285,100047,185,99989,185,100049,100,99987,100,100050,100,99979,100,100054,100,99978,100,100059,100,99976,100,100072,100,99968,100
2019-06-28 09:30:40.000000000,100009,206,99996,206,100029,206,99994,306,100034,206,99993,306,100047,206,99989,206,100049,100,99987,100,100050,100,99979,100,100054,100,99978,100,100059,100,99976,100,100072,100,99968,100,100075,100,99967,100
2019-06-28 09:30:50.000000000,100009,313,99996,313,100029,313,99994,413,100034,100,99993,200,100047,100,99989,100,100049,100,99987,100,100050,100,99979,100,100054,100,99978,100,100059,100,99976,100,100072,100,99968,100,100075,100,99967,100
2019-06-28 09:31:00.000000000,100009,313,99996,313,100029,313,99994,413,100034,100,99993,200,100047,100,99989,100,100049,100,99987,100,100050,100,99979,100,100054,100,99978,100,100059,100,99976,100,100072,100,99968,100,100075,100,99967,100
2019-06-28 09:31:00.158781578,100009,313,99996,313,100029,313,99994,413,100034,100,99993,200,100047,100,99989,100,100049,100,99987,100,100050,100,99979,200,100054,100,99978,100,100059,100,99976,100,100072,100,99968,100,100075,100,99967,100
2019-06-28 09:31:10.000000000,100009,313,99996,313,100029,313,99994,413,100034,100,99993,200,100047,100,99989,100,100049,100,99987,100,100050,100,99979,200,100054,100,99978,100,100059,100,99976,100,100072,100,99968,100,100075,100,99967,100
2019-06-28 09:31:11.528262107,100009,313,99996,213,100029,313,99994,413,100034,100,99993,200,100047,100,99989,100,100049,100,99987,100,100050,100,99979,200,100054,100,99978,100,100059,100,99976,100,100072,100,99968,100,100075,100,99967,100
2019-06-28 09:31:20.000000000,100009,206,99994,306,100029,206,99993,306,100034,206,99989,206,100047,206,99987,206,100049,100,99979,200,100050,100,99978,100,100054,100,99976,100,100059,100,99968,100,100072,100,99967,100,100075,100,99966,200
2019-06-28 09:31:30.000000000,100009,245,99994,345,100029,241,99993,341,100034,241,99989,241,100047,100,99987,100,100049,100,99979,200,100050,100,99978,100,100054,100,99976,100,100059,100,99968,100,100072,100,99967,100,100075,100,99966,200
2019-06-28 09:31:30.018563133,100009,145,99994,345,100029,241,99993,341,100034,241,99989,241,100047,100,99987,100,100049,100,99979,200,100050,100,99978,100,100054,100,99976,100,100059,100,99968,100,100072,100,99967,100,100075,100,99966,200
2019-06-28 09:31:31.953368580,100009,45,99994,345,100029,241,99993,341,100034,241,99989,241,100047,100,99987,100,100049,100,99979,200,100050,100,99978,100,100054,100,99976,100,100059,100,99968,100,100072,100,99967,100,100075,100,99966,200
2019-06-28 09:31:40.000000000,100029,313,99994,413,100034,313,99993,413,100047,100,99989,100,100049,100,99987,100,100050,100,99979,200,100054,100,99978,100,100059,100,99976,100,100072,100,99968,100,100075,100,99967,100,100078,100,99966,200
2019-06-28 09:31:50.000000000,100029,245,99994,345,100034,241,99993,341,100047,241,99989,241,100049,100,99987,100,100050,100,99979,200,100054,100,99978,100,100059,100,99976,100,100072,100,99968,100,100075,100,99967,100,100078,100,99966,200
2019-06-28 09:31:51.376891222,100029,245,99994,345,100034,241,99993,341,100047,241,99989,241,100049,100,99987,100,100050,100,99979,200,100054,100,99978,100,100059,100,99976,100,100072,100,99968,100,100075,100,99967,100,100078,100,99966,200
2019-06-28 09:32:00.000000000,100029,313,99994,413,100034,313,99993,413,100047,100,99989,100,100049,100,99987,100,100050,100,99979,200,100054,100,99978,100,100059,100,99976,100,100072,100,99968,100,100075,100,99967,100,100078,100,99966,200
2019-06-28 09:32:03.799267914,100029,213,99994,413,100034,313,99993,413,100047,100,99989,100,100049,100,99987,100,100050,100,99979,200,100054,100,99978,100,100059,100,99968,100,100072,100,99967,100,100075,100,99966,200,100078,100,99964,100
2019-06-28 09:32:10.000000000,100034,313,99994,413,100047,313,99993,413,100049,100,99989,100,100050,100,99987,100,100054,100,99979,200,100059,100,99978,100,100072,100,99968,100,100075,100,99967,100,100078,100,99966,200,100084,100,99964,100
2019-06-28 09:32:10.100667550,100034,313,99994,313,100047,313,99993,413,100049,100,99989,100,100050,100,99987,100,100054,100,99979,200,100059,100,99978,100,100072,100,99968,100,100075,100,99967,100,100078,100,99966,200,100084,100,99964,100
2019-06-28 09:32:15.793723122,100034,313,99994,313,100047,313,99993,413,100049,100,99989,100,100050,100,99987,100,100054,100,99979,200,100059,100,99978,100,100072,100,99968,100,100075,100,99967,100,100078,100,99966,200,100084,100,99964,100
2019-06-28 09:32:20.000000000,100034,185,99994,185,100047,185,99993,285,100049,185,99989,185,100050,185,99987,185,100054,185,99979,285,100059,100,99978,100,100072,100,99968,100,100075,100,99967,100,100078,100,99966,200,100084,100,99964,100
2019-06-28 09:32:22.972286459,100034,185,99994,185,100047,185,99993,285,100049,185,99989,185,100050,185,99987,185,100054,185,99979,285,100059,100,99978,100,100072,100,99968,100,100075,100,99967,100,100078,100,99966,200,100084,100,99964,100
2019-06-28 09:32:23.323535362,100034,185,99994,185,100047,185,99993,285,100049,185,99989,185,100050,185,99987,185,100054,185,99979,285,100059,100,99978,100,100072,100,99968,100,100075,100,99967,100,100078,100,99966,200,100084,100,99964,100
2019-06-28 09:32:30.000000000,100034,206,99994,206,100047,206,99993,306,100049,206,99989,206,100050,206,99987,206,100054,100,99979,200,100059,100,99978,100,100072,100,99968,100,100075,100,99967,100,100078,100,99966,200,100084,100,99964,100
2019-06-28 09:32:40.000000000,100034,313,99994,313,100047,313,99993,413,100049,100,99989,100,100050,100,99987,100,100054,100,99979,200,100059,100,99978,100,100072,100,99968,100,100075,100,99967,100,100078,100,99966,200,100084,100,99964,100
2019-06-28 09:32:50.000000000,100034,185,99994,185,100047,185,99993,285,100049,185,99989,185,100050,185,99987,185,100054,185,99979,285,100059,100,99978,100,100072,100,99968,100,100075,100,99967,100,100078,100,99966,200,100084,100,99964,100
2019-06-28 09:33:00.000000000,100034,526,99994,526,100047,100,99993,200,100049,100,99989,100,100050,100,99987,100,100054,100,99979,200,100059,100,99978,100,100072,100,99968,100,100075,100,99967,100,100078,100,99966,200,100084,100,99964,100
2019-06-28 09:33:10.000000000,100034,206,99994,206,100047,206,99993,306,100049,206,99989,206,100050,206,99987,206,100054,100,99979,200,100059,100,99978,100,100072,100,99968,100,100075,100,99967,100,100078,100,99966,200,100084,100,99964,100
2019-06-28 09:33:20.000000000,100034,245,99994,245,100047,241,99993,341,100049,241,99989,241,100050,100,99987,100,100054,100,99979,200,100059,100,99978,100,100072,100,99968,100,100075,100,99967,100,100078,100,99966,200,100084,100,99964,100
2019-06-28 09:33:21.114185553,100028,100,99994,245,100034,245,99993,341,100047,241,99989,241,100049,241,99987,100,100050,100,99979,200,100054,100,99978,100,100059,100,99968,100,100072,100,99967,100,100075,100,99966,200,100078,100,99964,100
2019-06-28 09:33:30.000000000,100028,313,99994,313,100034,313,99993,413,100047,100,99989,100,100049,100,99987,100,100050,100,99979,200,100054,100,99978,100,100059,100,99968,100,100072,100,99967,100,100075,100,99966,200,100078,100,99964,100
2019-06-28 09:33:35.361642573,100028,313,99994,313,100034,313,99993,413,100047,100,99989,100,100049,100,99987,100,100050,100,99979,200,100054,100,99978,100,100059,100,99968,100,100072,100,99967,100,100075,100,99966,200,100078,100,99964,100
2019-06-28 09:33:35.755179632,100028,413,99994,313,100034,313,99993,413,100047,100,99989,100,100049,100,99987,100,100050,100,99979,200,100054,100,99978,100,100059,100,99968,100,100072,100,99967,100,100075,100,99966,100,100078,100,99964,100
2019-06-28 09:33:40.000000000,100028,285,99994,185,100034,185,99993,285,100047,185,99989,185,100049,185,99987,185,100050,185,99979,285,100054,100,99978,100,100059,100,99968,100,100072,100,99967,100,100075,100,99966,100,100078,100,99964,100
2019-06-28 09:33:50.000000000,100028,413,99994,313,100034,313,99993,413,100047,100,99989,100,100049,100,99987,100,100050,100,99979,200,100054,100,99978,100,100059,100,99968,100,100072,100,99967,100,100075,100,99966,100,100078,100,99964,100
2019-06-28 09:34:00.000000000,100028,626,99994,526,100034,100,99993,200,100047,100,99989,100,100049,100,99987,100,100050,100,99979,200,100054,100,99978,100,100059,100,99968,100,100072,100,99967,100,100075,100,99966,100,100078,100,99964,100
2019-06-28 09:34:10.000000000,100028,306,99994,206,100034,206,99993,306,100047,206,99989,206,100049,206,99987,206,100050,100,99979,200,100054,100,99978,100,100059,100,99968,100,100072,100,99967,100,100075,100,99966,100,100078,100,99964,100
2019-06-28 09:34:18.918789704,100028,306,99994,206,100034,206,99993,306,100047,206,99989,206,100049,206,99987,206,100050,100,99979,200,100054,100,99978,100,100059,100,99968,100,100072,100,99967,100,100078,100,99966,100,100089,100,99964,100
2019-06-28 09:34:20.000000000,100028,306,99994,206,100034,206,99993,306,100047,206,99989,206,100049,206,99987,206,100050,100,99979,200,100054,100,99978,100,100059,100,99968,100,100072,100,99967,100,100078,100,99966,100,100089,100,99964,100
2019-06-28 09:34:30.000000000,100028,413,99994,313,100034,313,99993,413,100047,100,99989,100,100049,100,99987,100,100050,100,99979,200,100054,100,99978,100,100059,100,99968,100,100072,100,99967,100,100078,100,99966,100,100089,100,99964,100
2019-06-28 09:34:39.936121601,100028,413,99994,313,100034,313,99993,413,100049,100,99989,100,100050,100,99987,100,100054,100,99979,200,100059,100,99978,100,100072,100,99968,100,100078,100,99967,100,100089,100,99966,100,100092,100,99964,100
2019-06-28 09:34:40.000000000,100028,626,99994,526,100034,100,99993,200,100049,100,99989,100,100050,100,99987,100,100054,100,99979,200,100059,100,99978,100,100072,100,99968,100,100078,100,99967,100,100089,100,99966,100,100092,100,99964,100
2019-06-28 09:34:50.000000000,100028,626,99994,526,100034,100,99993,200,100049,100,99989,100,100050,100,99987,100,100054,100,99979,200,100059,100,99978,100,100072,100,99968,100,100078,100,99967,100,100089,100,99966,100,100092,100,99964,100
2019-06-28 09:35:00.000000000,100028,306,99994,206,100034,206,99993,306,100049,206,99989,206,100050,206,99987,206,100054,100,99979,200,100059,100,99978,100,100072,100,99968,100,100078,100,99967,100,100089,100,99966,100,100092,100,99964,100
2019-06-28 09:35:10.000000000,100028,626,99994,526,100034,100,99993,200,100049,100,99989,100,100050,100,99987,100,100054,100,99979,200,100059,100,99978,100,100072,100,99968,100,100078,100,99967,100,100089,100,99966,100,100092,100,99964,100
2019-06-28 09:35:20.000000000,100028,285,99994,185,100034,185,99993,285,100049,185,99989,185,100050,185,99987,185,100054,185,99979,285,100059,100,99978,100,100072,100,99968,100,100078,100,99967,100,100089,100,99966,100,100092,100,99964,100
2019-06-28 09:35:29.076034005,100028,185,99994,185,100034,185,99993,285,100049,185,99989,185,100050,185,99987,185,100054,185,99979,285,100059,100,99978,100,100072,100,99968,100,100078,100,99967,100,100089,100,99966,100,100092,100,99964,100
2019-06-28 09:35:30.000000000,100028,313,99994,313,100034,313,99993,413,100049,100,99989,100,100050,100,99987,100,100054,100,99979,200,100059,100,99978,100,100072,100,99968,100,100078,100,99967,100,100089,100,99966,100,100092,100,99964,100
2019-06-28 09:35:40.000000000,100028,313,99994,313,100034,313,99993,413,100049,100,99989,100,100050,100,99987,100,100054,100,99979,200,100059,100,99978,100,100072,100,99968,100,100078,100,99967,100,100089,100,99966,100,100092,100,99964,100
2019-06-28 09:35:50.000000000,100028,526,99994,526,100034,100,99993,200,100049,100,99989,100,100050,100,99987,100,100054,100,99979,200,100059,100,99978,100,100072,100,99968,100,100078,100,99967,100,100089,100,99966,100,100092,100,99964,100
2019-06-28 09:36:00.000000000,100028,185,99994,185,100034,185,99993,285,100049,185,99989,185,100050,185,99987,185,100054,185,99979,285,100059,100,99978,100,100072,100,99968,100,100078,100,99967,100,100089,100,99966,100,100092,100,99964,100
2019-06-28 09:36:06.491246480,100028,185,99994,185,100034,185,99993,285,100049,185,99989,185,100050,185,99987,185,100054,185,99979,285,100059,100,99978,100,100072,100,99968,100,100078,100,99967,100,100089,100,99966,100,100092,100,99958,100
2019-06-28 09:36:10.000000000,100028,245,99994,245,100034,241,99993,341,100049,241,99989,241,100050,100,99987,100,100054,100,99979,200,100059,100,99978,100,100072,100,99968,100,100078,100,99967,100,100089,100,99966,100,100092,100,99958,100
2019-06-28 09:36:11.664782255,100028,245,99994,145,100034,241,99993,341,100049,241,99989,241,100050,100,99979,200,100054,100,99978,100,100059,100,99968,100,100072,100,99967,100,100078,100,99966,100,100089,100,99958,100,100092,100,99956,100
2019-06-28 09:36:13.243787191,100027,100,99994,145,100028,245,99993,341,100034,241,99989,241,100049,241,99979,200,100050,100,99978,100,100054,100,99968,100,100059,100,99967,100,100072,100,99966,100,100078,100,99958,100,100089,100,99956,100
2019-06-28 09:36:20.000000000,100027,185,99993,285,100028,185,99989,185,100034,185,99979,285,100049,185,99978,185,100050,185,99968,185,100054,100,99967,100,100059,100,99966,100,100072,100,99958,100,100078,100,99956,100,100089,100,99927,100
2019-06-28 09:36:26.996774988,100027,185,99993,285,100028,185,99989,185,100034,185,99979,285,100049,185,99978,185,100050,185,99968,185,100054,100,99967,100,100059,100,99966,100,100072,100,99958,100,100078,100,99956,100,100089,100,99927,100
2019-06-28 09:36:30.000000000,100027,526,99993,626,100028,100,99989,100,100034,100,99979,200,100049,100,99978,100,100050,100,99968,100,100054,100,99967,100,100059,100,99966,100,100072,100,99958,100,100078,100,99956,100,100089,100,99927,100
2019-06-28 09:36:40.000000000,100027,185,99993,285,100028,185,99989,185,100034,185,99979,285,100049,185,99978,185,100050,185,99968,185,100054,100,99967,100,100059,100,99966,100,100072,100,99958,100,100078,100,99956,100,100089,100,99927,100
2019-06-28 09:36:50.000000000,100027,206,99993,306,100028,206,99989,206,100034,206,99979,306,100049,206,99978,206,100050,100,99968,100,100054,100,99967,100,100059,100,99966,100,100072,100,99958,100,100078,100,99956,100,100089,100,99927,100
2019-06-28 09:37:00.000000000,100027,526,99993,626,100028,100,99989,100,100034,100,99979,200,100049,100,99978,100,100050,100,99968,100,100054,100,99967,100,100059,100,99966,100,100072,100,99958,100,100078,100,99956,100,100089,100,99927,100
2019-06-28 09:37:10.000000000,100027,526,99993,626,100028,100,99989,100,100034,100,99979,200,100049,100,99978,100,100050,100,99968,100,100054,100,99967,100,100059,100,99966,100,100072,100,99958,100,100078,100,99956,100,100089,100,99927,100
2019-06-28 09:37:20.000000000,100027,185,99993,285,100028,185,99989,185,100034,185,99979,285,100049,185,99978,185,100050,185,99968,185,100054,100,99967,100,100059,100,99966,100,100072,100,99958,100,100078,100,99956,100,100089,100,99927,100
2019-06-28 09:37:26.660308147,100027,185,99993,285,100028,185,99989,185,100034,185,99979,285,100049,185,99978,185,100050,185,99968,185,100054,100,99967,100,100059,100,99966,100,100072,100,99958,100,100078,100,99956,100,100089,100,99927,100
2019-06-28 09:37:30.000000000,100027,313,99993,413,100028,313,99989,313,100034,100,99979,200,100049,100,99978,100,100050,100,99968,100,100054,100,99967,100,100059,100,99966,100,100072,100,99958,100,100078,100,99956,100,100089,100,99927,100
2019-06-28 09:37:40.000000000,100027,206,99993,306,100028,206,99989,206,100034,206,99979,306,100049,206,99978,206,100050,100,99968,100,100054,100,99967,100,100059,100,99966,100,100072,100,99958,100,100078,100,99956,100,100089,100,99927,100
2019-06-28 09:37:50.000000000,100027,313,99993,413,100028,313,99989,313,100034,100,99979,200,100049,100,99978,100,100050,100,99968,100,100054,100,99967,100,100059,100,99966,100,100072,100,99958,100,100078,100,99956,100,100089,100,99927,100
2019-06-28 09:38:00.000000000,100027,206,99993,306,100028,206,99989,206,100034,206,99979,306,100049,206,99978,206,100050,100,99968,100,100054,100,99967,100,100059,100,99966,100,100072,100,99958,100,100078,100,99956,100,100089,100,99927,100
2019-06-28 09:38:05.517237266,100027,106,99993,306,100028,206,99989,206,100034,206,99979,306,100049,206,99978,206,100050,100,99968,100,100054,100,99967,100,100059,100,99966,100,100072,100,99958,100,100078,100,99956,100,100089,100,99923,100
2019-06-28 09:38:10.000000000,100028,206,99993,306,100034,206,99989,206,100049,206,99979,306,100050,206,99978,206,100054,100,99968,100,100059,100,99967,100,100072,100,99966,100,100078,100,99958,100,100089,100,99956,100,100092,100,99923,100
2019-06-28 09:38:20.000000000,100028,206,99993,306,100034,206,99989,206,100049,206,99979,306,100050,206,99978,206,100054,100,99968,100,100059,100,99967,100,100072,100,99966,100,100078,100,99958,100,100089,100,99956,100,100092,100,99923,100
2019-06-28 09:38:30.000000000,100028,245,99993,345,100034,241,99989,241,100049,241,99979,341,100050,100,99978,100,100054,100,99968,100,100059,100,99967,100,100072,100,99966,100,100078,100,99958,100,100089,100,99956,100,100092,100,99923,100
2019-06-28 09:38:32.859653581,100028,245,99993,345,100034,241,99989,241,100049,241,99979,341,100050,100,99978,100,100054,100,99968,100,100059,100,99967,100,100072,100,99966,100,100078,100,99958,100,100089,100,99956,100,100092,100,99923,100
2019-06-28 09:38:40.000000000,100028,206,99993,306,100034,206,99989,206,100049,206,99979,306,100050,206,99978,206,100054,100,99968,100,100059,100,99967,100,100072,100,99966,100,100078,100,99958,100,100089,100,99956,100,100092,100,99923,100
2019-06-28 09:38:40.003155784,100028,206,99993,306,100034,206,99989,206,100049,206,99979,306,100050,206,99978,206,100054,100,99968,100,100059,100,99967,100,100078,100,99966,100,100089,100,99958,100,100092,100,99956,100,100106,100,99923,100
2019-06-28 09:38:40.014305435,100028,206,99993,306,100034,206,99989,206,100049,206,99979,306,100050,206,99978,206,100054,100,99968,100,100059,100,99967,100,100078,100,99966,100,100089,100,99958,100,100092,100,99956,100,100106,100,99923,100
2019-06-28 09:38:50.000000000,100028,206,99993,306,100034,206,99989,206,100049,206,99979,306,100050,206,99978,206,100054,100,99968,100,100059,100,99967,100,100078,100,99966,100,100089,100,99958,100,100092,100,99956,100,100106,100,99923,100
2019-06-28 09:38:51.071380978,100028,106,99993,306,100034,206,99989,206,100049,206,99979,306,100050,206,99978,206,100054,100,99968,100,100059,100,99967,100,100078,100,99966,100,100089,100,99958,100,100092,100,99956,100,100106,100,99923,100
2019-06-28 09:38:51.219763308,100028,106,99993,306,100034,206,99989,206,100049,206,99979,306,100050,206,99978,206,100054,100,99968,100,100059,100,99967,100,100078,100,99966,100,100089,100,99958,100,100092,100,99956,100,100106,100,99923,100
2019-06-28 09:39:00.000000000,100034,313,99993,413,100049,313,99989,313,100050,100,99979,200,100054,100,99978,100,100059,100,99968,100,100078,100,99967,100,100089,100,99966,100,100092,100,99958,100,100106,100,99956,100,100133,100,99923,100
2019-06-28 09:39:06.688809719,100034,313,99993,313,100049,313,99989,313,100050,100,99979,200,100054,100,99978,100,100059,100,99968,100,100078,100,99967,100,100089,100,99966,100,100092,100,99958,100,100106,100,99956,100,100133,100,99923,100
2019-06-28 09:39:07.017064250,100034,213,99993,313,100049,313,99989,313,100050,100,99979,200,100054,100,99978,100,100059,100,99968,100,100078,100,99967,100,100089,100,99966,100,100092,100,99958,100,100106,100,99956,100,100133,100,99923,100
2019-06-28 09:39:10.000000000,100049,185,99993,185,100050,185,99989,185,100054,185,99979,285,100059,185,99978,185,100078,185,99968,185,100089,100,99967,100,100092,100,99966,100,100106,100,99958,100,100133,100,99956,100,100143,100,99923,100
2019-06-28 09:39:20.000000000,100049,245,99993,245,100050,241,99989,241,100054,241,99979,341,100059,100,99978,100,100078,100,99968,100,100089,100,99967,100,100092,100,99966,100,100106,100,99958,100,100133,100,99956,100,100143,100,99923,100
2019-06-28 09:39:27.731581577,100049,145,99993,245,100050,241,99989,241,100054,241,99979,341,100059,100,99978,100,100078,100,99968,100,100089,100,99967,100,100092,100,99966,100,100106,100,99958,100,100133,100,99956,100,100143,100,99923,100
2019-06-28 09:39:28.825161677,100049,145,99993,245,100050,241,99989,241,100054,241,99979,341,100059,100,99978,100,100078,100,99968,100,100089,100,99967,100,100092,100,99966,100,100106,100,99958,100,100133,100,99956,100,100143,100,99923,100
2019-06-28 09:39:30.000000000,100050,526,99993,526,100054,100,99989,100,100059,100,99979,200,100078,100,99978,100,100089,100,99968,100,100092,100,99967,100,100106,100,99966,100,100133,100,99958,100,100143,100,99956,100,100147,100,99923,100
2019-06-28 09:39:40.000000000,100050,313,99993,313,100054,313,99989,313,100059,100,99979,200,100078,100,99978,100,100089,100,99968,100,100092,100,99967,100,100106,100,99966,100,100133,100,99958,100,100143,100,99956,100,100147,100,99923,100
2019-06-28 09:39:41.235925496,100050,213,99993,313,100054,313,99989,313,100059,100,99979,200,100078,100,99978,100,100089,100,99968,100,100092,100,99967,100,100106,100,99966,100,100133,100,99958,100,100143,100,99956,100,100147,100,99923,100
2019-06-28 09:39:50.000000000,100054,313,99993,313,100059,313,99989,313,100078,100,99979,200,100089,100,99978,100,100092,100,99968,100,100106,100,99967,100,100133,100,99966,100,100143,100,99958,100,100147,100,99956,100,100297,100,99923,100
2019-06-28 09:40:00.000000000,100054,245,99993,245,100059,241,99989,241,100078,241,99979,341,100089,100,99978,100,100092,100,99968,100,100106,100,99967,100,100133,100,99966,100,100143,100,99958,100,100147,100,99956,100,100297,100,99923,100
2019-06-28 09:40:05.763871566,100054,245,100005,100,100059,241,99993,245,100078,241,99989,241,100089,100,99979,341,100092,100,99978,100,100106,100,99968,100,100133,100,99967,100,100143,100,99966,100,100147,100,99958,100,100297,100,99956,100
2019-06-28 09:40:10.000000000,100054,313,100005,313,100059,313,99993,313,100078,100,99989,100,100089,100,99979,200,100092,100,99978,100,100106,100,99968,100,100133,100,99967,100,100143,100,99966,100,100147,100,99958,100,100297,100,99956,100
2019-06-28 09:40:20.000000000,100054,313,100005,313,100059,313,99993,313,100078,100,99989,100,100089,100,99979,200,100092,100,99978,100,100106,100,99968,100,100133,100,99967,100,100143,100,99966,100,100147,100,99958,100,100297,100,99956,100
2019-06-28 09:40:23.373675173,100054,313,100005,213,100059,313,99993,313,100078,100,99989,100,100089,100,99979,200,100092,100,99978,100,100106,100,99968,100,100133,100,99967,100,100143,100,99966,100,100147,100,99958,100,100297,100,99956,100
2019-06-28 09:40:30.000000000,100054,206,99993,206,100059,206,99989,206,100078,206,99979,306,100089,206,99978,206,100092,100,99968,100,100106,100,99967,100,100133,100,99966,100,100143,100,99958,100,100147,100,99956,100,100297,100,99923,100
2019-06-28 09:40:40.000000000,100054,206,99993,206,100059,206,99989,206,100078,206,99979,306,100089,206,99978,206,100092,100,99968,100,100106,100,99967,100,100133,100,99966,100,100143,100,99958,100,100147,100,99956,100,100297,100,99923,100
2019-06-28 09:40:50.000000000,100054,185,99993,185,100059,185,99989,185,100078,185,99979,285,100089,185,99978,185,100092,185,99968,185,100106,100,99967,100,100133,100,99966,100,100143,100,99958,100,100147,100,99956,100,100297,100,99923,100
2019-06-28 09:41:00.000000000,100054,185,99993,185,100059,185,99989,185,100078,185,99979,285,100089,185,99978,185,100092,185,99968,185,100106,100,99967,100,100133,100,99966,100,100143,100,99958,100,100147,100,99956,100,100297,100,99923,100
2019-06-28 09:41:00.463177738,100054,85,99993,185,100059,185,99989,185,100078,185,99979,285,100089,185,99978,185,100092,185,99968,185,100106,100,99967,100,100143,100,99966,100,100147,100,99958,100,100297,100,99956,100,100314,100,99923,100
2019-06-28 09:41:05.733669977,100059,185,100054,15,100078,185,99993,185,100089,185,99989,185,100092,185,99979,285,100106,100,99978,185,100143,100,99968,185,100147,100,99967,100,100297,100,99966,100,100314,100,99958,100,100334,100,99956,100
2019-06-28 09:41:10.000000000,100059,245,100054,160,100078,241,99993,241,100089,241,99989,241,100092,100,99979,200,100106,100,99978,100,100143,100,99968,100,100147,100,99967,100,100297,100,99966,100,100314,100,99958,100,100334,100,99956,100
2019-06-28 09:41:20.000000000,100059,526,100054,441,100078,100,99993,100,100089,100,99989,100,100092,100,99979,200,100106,100,99978,100,100143,100,99968,100,100147,100,99967,100,100297,100,99966,100,100314,100,99958,100,100334,100,99956,100
2019-06-28 09:41:30.000000000,100059,245,100054,160,100078,241,99993,241,100089,241,99989,241,100092,100,99979,200,100106,100,99978,100,100143,100,99968,100,100147,100,99967,100,100297,100,99966,100,100314,100,99958,100,100334,100,99956,100
2019-06-28 09:41:37.912715030,100059,245,100054,160,100078,241,99993,241,100089,241,99989,241,100092,100,99979,200,100106,100,99978,100,100143,100,99968,100,100147,100,99967,100,100297,100,99966,100,100314,100,99958,100,100334,100,99956,100
2019-06-28 09:41:38.908936300,100059,245,100054,160,100078,241,99993,241,100089,241,99989,241,100092,100,99979,200,100106,100,99978,100,100143,100,99968,100,100147,100,99967,100,100243,100,99966,100,100297,100,99958,100,100314,100,99956,100
2019-06-28 09:41:40.000000000,100059,206,100054,121,100078,206,99993,206,100089,206,99989,206,100092,206,99979,306,100106,100,99978,100,100143,100,99968,100,100147,100,99967,100,100243,100,99966,100,100297,100,99958,100,100314,100,99956,100
2019-06-28 09:41:48.996238073,100059,106,100054,121,100078,206,99993,206,100089,206,99989,206,100092,206,99979,306,100106,100,99978,100,100143,100,99968,100,100147,100,99967,100,100243,100,99966,100,100297,100,99958,100,100314,100,99956,100
2019-06-28 09:41:50.000000000,100078,245,100054,160,100089,241,99993,241,100092,241,99989,241,100106,100,99979,200,100143,100,99978,100,100147,100,99968,100,100243,100,99967,100,100297,100,99966,100,100314,100,99958,100,100334,100,99956,100
2019-06-28 09:41:51.788599316,100078,245,100054,160,100089,241,99993,241,100092,241,99989,241,100106,100,99979,200,100143,100,99978,100,100147,100,99968,100,100243,100,99967,100,100297,100,99966,100,100314,100,99958,100,100334,100,99956,100
2019-06-28 09:42:00.000000000,100078,185,100054,100,100089,185,99993,185,100092,185,99989,185,100106,185,99979,285,100143,185,99978,185,100147,100,99968,100,100243,100,99967,100,100297,100,99966,100,100314,100,99958,100,100334,100,99956,100
2019-06-28 09:42:10.000000000,100078,185,100054,100,100089,185,99993,185,100092,185,99989,185,100106,185,99979,285,100143,185,99978,185,100147,100,99968,100,100243,100,99967,100,100297,100,99966,100,100314,100,99958,100,100334,100,99956,100
2019-06-28 09:42:20.000000000,100078,206,100054,121,100089,206,99993,206,100092,206,99989,206,100106,206,99979,306,100143,100,99978,100,100147,100,99968,100,100243,100,99967,100,100297,100,99966,100,100314,100,99958,100,100334,100,99956,100
2019-06-28 09:42:30.000000000,100078,206,100054,121,100089,206,99993,206,100092,206,99989,206,100106,206,99979,306,100143,100,99978,100,100147,100,99968,100,100243,100,99967,100,100297,100,99966,100,100314,100,99958,100,100334,100,99956,100
2019-06-28 09:42:36.921027861,100078,206,100054,121,100089,206,99993,206,100092,206,99989,206,100106,106,99979,306,100143,100,99978,100,100147,100,99968,100,100243,100,99967,100,100297,100,99966,100,100314,100,99958,100,100334,100,99956,100
2019-06-28 09:42:40.000000000,100078,526,100054,441,100089,100,99993,100,100092,100,99989,100,100143,100,99979,200,100147,100,99978,100,100243,100,99968,100,100297,100,99967,100,100314,100,99966,100,100334,100,99958,100,100356,100,99956,100
2019-06-28 09:42:46.271962636,100078,526,100054,441,100089,100,99993,100,100092,100,99989,100,100143,100,99979,200,100147,100,99978,100,100243,100,99968,100,100283,100,99967,100,100297,100,99966,100,100314,100,99958,100,100334,100,99956,100
2019-06-28 09:42:50.000000000,100078,313,100054,228,100089,313,99993,313,100092,100,99989,100,100143,100,99979,200,100147,100,99978,100,100243,100,99968,100,100283,100,99967,100,100297,100,99966,100,100314,100,99958,100,100334,100,99956,100
2019-06-28 09:42:54.652969208,100078,213,100054,228,100089,313,99993,313,100092,100,99989,100,100143,100,99979,200,100147,100,99978,100,100243,100,99967,100,100283,100,99966,100,100297,100,99958,100,100314,100,99956,100,100334,100,99948,100
2019-06-28 09:43:00.000000000,100089,245,100054,160,100092,241,99993,241,100143,241,99989,241,100147,100,99979,200,100243,100,99978,100,100283,100,99967,100,100297,100,99966,100,100314,100,99958,100,100334,100,99956,100,100356,100,99948,100
2019-06-28 09:43:06.093122709,100089,245,100054,60,100092,241,99993,241,100143,241,99989,241,100147,100,99979,200,100243,100,99978,100,100283,100,99967,100,100297,100,99966,100,100314,100,99958,100,100334,100,99956,100,100356,100,99948,100
2019-06-28 09:43:07.481259467,100054,40,99993,241,100089,245,99989,241,100092,241,99979,200,100143,241,99978,100,100147,100,99967,100,100243,100,99966,100,100283,100,99958,100,100297,100,99956,100,100314,100,99948,100,100334,100,99908,200
2019-06-28 09:43:10.000000000,100054,125,99993,185,100089,185,99989,185,100092,185,99979,285,100143,185,99978,185,100147,185,99967,185,100243,100,99966,100,100283,100,99958,100,100297,100,99956,100,100314,100,99948,100,100334,100,99908,200
2019-06-28 09:43:18.461331636,100054,125,99993,185,100089,185,99989,185,100092,185,99979,285,100143,185,99978,185,100147,185,99967,185,100243,100,99966,100,100283,100,99958,100,100297,100,99956,100,100314,100,99948,100,100334,100,99917,100
2019-06-28 09:43:20.000000000,100054,466,99993,526,100089,100,99989,100,100092,100,99979,200,100143,100,99978,100,100147,100,99967,100,100243,100,99966,100,100283,100,99958,100,100297,100,99956,100,100314,100,99948,100,100334,100,99917,100
2019-06-28 09:43:23.934667833,100054,566,99993,526,100089,100,99989,100,100092,100,99979,200,100143,100,99978,100,100147,100,99967,100,100243,100,99966,100,100283,100,99958,100,100297,100,99956,100,100314,100,99948,100,100334,100,99917,100
2019-06-28 09:43:29.134333187,100054,566,99993,526,100089,100,99989,100,100092,100,99979,200,100143,100,99978,100,100147,100,99967,100,100234,100,99966,100,100243,100,99958,100,100283,100,99956,100,100297,100,99948,100,100314,100,99917,100
2019-06-28 09:43:30.000000000,100054,566,99993,526,100089,100,99989,100,100092,100,99979,200,100143,100,99978,100,100147,100,99967,100,100234,100,99966,100,100243,100,99958,100,100283,100,99956,100,100297,100,99948,100,100314,100,99917,100
2019-06-28 09:43:34.412813660,100054,566,99993,526,100089,100,99989,100,100092,100,99979,100,100143,100,99978,100,100147,100,99967,100,100234,100,99966,100,100243,100,99958,100,100283,100,99956,100,100297,100,99948,100,100314,100,99917,100
2019-06-28 09:43:40.000000000,100054,225,99993,185,100089,185,99989,185,100092,185,99979,185,100143,185,99978,185,100147,185,99967,185,100234,100,99966,100,100243,100,99958,100,100283,100,99956,100,100297,100,99948,100,100314,100,99917,100
2019-06-28 09:43:50.000000000,100054,246,99993,206,100089,206,99989,206,100092,206,99979,206,100143,206,99978,206,100147,100,99967,100,100234,100,99966,100,100243,100,99958,100,100283,100,99956,100,100297,100,99948,100,100314,100,99917,100
2019-06-28 09:44:00.000000000,100054,353,99993,313,100089,313,99989,313,100092,100,99979,100,100143,100,99978,100,100147,100,99967,100,100234,100,99966,100,100243,100,99958,100,100283,100,99956,100,100297,100,99948,100,100314,100,99917,100
2019-06-28 09:44:07.263938920,100054,353,99993,313,100089,313,99989,313,100092,100,99979,100,100143,100,99978,100,100147,100,99967,100,100234,100,99966,100,100243,100,99958,100,100283,100,99956,100,100297,100,99948,100,100314,100,99917,100
2019-06-28 09:44:10.000000000,100054,246,99993,206,100089,206,99989,206,100092,206,99979,206,100143,206,99978,206,100147,100,99967,100,100234,100,99966,100,100243,100,99958,100,100283,100,99956,100,100297,100,99948,100,100314,100,99917,100
2019-06-28 09:44:20.000000000,100054,353,99993,313,100089,313,99989,313,100092,100,99979,100,100143,100,99978,100,100147,100,99967,100,100234,100,99966,100,100243,100,99958,100,100283,100,99956,100,100297,100,99948,100,100314,100,99917,100
2019-06-28 09:44:25.473549561,100054,353,99993,313,100089,313,99989,313,100092,100,99979,100,100143,100,99978,100,100147,100,99967,100,100234,100,99966,100,100283,100,99958,100,100297,100,99956,100,100314,100,99948,100,100342,100,99917,100
2019-06-28 09:44:30.000000000,100054,246,99993,206,100089,206,99989,206,100092,206,99979,206,100143,206,99978,206,100147,100,99967,100,100234,100,99966,100,100283,100,99958,100,100297,100,99956,100,100314,100,99948,100,100342,100,99917,100
2019-06-28 09:44:32.047599514,100054,346,99993,206,100089,206,99989,106,100092,206,99979,206,100143,206,99978,206,100147,100,99967,100,100234,100,99966,100,100283,100,99958,100,100297,100,99956,100,100314,100,99948,100,100342,100,99917,100
2019-06-28 09:44:40.000000000,100054,666,99993,526,100089,100,99979,100,100092,100,99978,100,100143,100,99967,100,100147,100,99966,100,100234,100,99958,100,100283,100,99956,100,100297,100,99948,100,100314,100,99917,100,100342,100,99908,200
2019-06-28 09:44:44.365272502,100054,766,99993,526,100089,100,99979,100,100092,100,99978,100,100143,100,99967,100,100147,100,99966,100,100234,100,99958,100,100283,100,99956,100,100297,100,99948,100,100314,100,99917,100,100342,100,99908,200
2019-06-28 09:44:45.240479087,100054,866,99993,526,100089,100,99979,100,100092,100,99978,100,100143,100,99967,100,100147,100,99966,100,100234,100,99958,100,100283,100,99956,100,100297,100,99948,100,100314,100,99917,100,100342,100,99908,200
2019-06-28 09:44:47.150839457,100054,866,99993,526,100089,100,99979,100,100092,100,99967,100,100143,100,99966,100,100147,100,99958,100,100234,100,99956,100,100283,100,99948,100,100297,100,99917,100,100314,100,99908,200,100342,100,99900,100
2019-06-28 09:44:47.682082696,100054,866,99993,426,100089,100,99979,100,100092,100,99967,100,100143,100,99966,100,100147,100,99958,100,100234,100,99956,100,100283,100,99948,100,100297,100,99917,100,100314,100,99908,200,100342,100,99900,100
2019-06-28 09:44:50.000000000,100054,653,99979,313,100089,313,99967,313,100092,100,99966,100,100143,100,99958,100,100147,100,99956,100,100234,100,99948,100,100283,100,99917,100,100297,100,99908,200,100314,100,99900,100,100342,100,99895,100
2019-06-28 09:44:50.828349472,100053,100,99979,313,100054,653,99967,313,100089,313,99966,100,100092,100,99958,100,100143,100,99956,100,100147,100,99948,100,100234,100,99917,100,100283,100,99908,200,100297,100,99900,100,100314,100,99895,100
2019-06-28 09:44:51.900677022,100053,100,99979,313,100054,653,99967,313,100089,313,99966,100,100092,100,99958,100,100143,100,99956,100,100147,100,99948,100,100234,100,99917,100,100283,100,99908,200,100297,100,99900,100,100314,100,99895,100
2019-06-28 09:44:52.276597884,100053,100,99979,313,100054,653,99967,313,100089,313,99966,100,100092,100,99958,100,100143,100,99956,100,100147,100,99948,100,100234,100,99917,100,100283,100,99908,200,100297,100,99900,100,100314,100,99895,100
2019-06-28 09:44:52.639854132,100053,100,99979,313,100054,653,99967,313,100089,313,99966,100,100092,100,99958,100,100143,100,99956,100,100147,100,99948,100,100234,100,99917,100,100283,100,99908,200,100297,100,99900,100,100314,100,99895,100
2019-06-28 09:44:57.947437966,100053,200,99979,313,100054,653,99967,313,100089,313,99966,100,100092,100,99958,100,100143,100,99956,100,100147,100,99948,100,100234,100,99917,100,100283,100,99908,200,100297,100,99900,100,100314,100,99895,100
2019-06-28 09:45:00.000000000,100053,413,99979,313,100054,653,99967,313,100089,100,99966,100,100092,100,99958,100,100143,100,99956,100,100147,100,99948,100,100234,100,99917,100,100283,100,99908,200,100297,100,99900,100,100314,100,99895,100
2019-06-28 09:45:10.000000000,100053,306,99979,206,100054,546,99967,206,100089,206,99966,206,100092,206,99958,206,100143,100,99956,100,100147,100,99948,100,100234,100,99917,100,100283,100,99908,200,100297,100,99900,100,100314,100,99895,100
2019-06-28 09:45:20.000000000,100053,285,99979,185,100054,525,99967,185,100089,185,99966,185,100092,185,99958,185,100143,185,99956,185,100147,100,99948,100,100234,100,99917,100,100283,100,99908,200,100297,100,99900,100,100314,100,99895,100
2019-06-28 09:45:27.602478396,100053,385,99979,185,100054,525,99967,185,100089,185,99966,185,100092,185,99958,185,100143,185,99956,185,100147,100,99948,100,100234,100,99917,100,100283,100,99908,200,100297,100,99900,100,100314,100,99895,100
2019-06-28 09:45:30.000000000,100053,513,99979,313,100054,653,99967,313,100089,100,99966,100,100092,100,99958,100,100143,100,99956,100,100147,100,99948,100,100234,100,99917,100,100283,100,99908,200,100297,100,99900,100,100314,100,99895,100
2019-06-28 09:45:32.749177736,100053,613,99979,313,100054,653,99967,313,100089,100,99966,100,100092,100,99958,100,100143,100,99956,100,100147,100,99948,100,100234,100,99917,100,100283,100,99908,200,100297,100,99900,100,100314,100,99895,100
2019-06-28 09:45:40.000000000,100053,545,99979,245,100054,581,99967,241,100089,241,99966,241,100092,100,99958,100,100143,100,99956,100,100147,100,99948,100,100234,100,99917,100,100283,100,99908,200,100297,100,99900,100,100314,100,99895,100
2019-06-28 09:45:50.000000000,100053,826,99979,526,100054,440,99967,100,100089,100,99966,100,100092,100,99958,100,100143,100,99956,100,100147,100,99948,100,100234,100,99917,100,100283,100,99908,200,100297,100,99900,100,100314,100,99895,100
2019-06-28 09:46:00.000000000,100053,506,99979,206,100054,546,99967,206,100089,206,99966,206,100092,206,99958,206,100143,100,99956,100,100147,100,99948,100,100234,100,99917,100,100283,100,99908,200,100297,100,99900,100,100314,100,99895,100
2019-06-28 09:46:10.000000000,100053,545,99979,245,100054,581,99967,241,100089,241,99966,241,100092,100,99958,100,100143,100,99956,100,100147,100,99948,100,100234,100,99917,100,100283,100,99908,200,100297,100,99900,100,100314,100,99895,100
2019-06-28 09:46:14.293175386,100053,545,99979,245,100054,581,99967,241,100089,241,99966,241,100092,100,99958,100,100143,100,99956,100,100147,100,99948,100,100234,100,99917,100,100283,100,99908,200,100297,100,99900,100,100314,100,99895,100
2019-06-28 09:46:15.547301353,100053,545,100039,100,100054,581,99979,245,100089,241,99967,241,100092,100,99966,241,100147,100,99958,100,100234,100,99956,100,100283,100,99948,100,100297,100,99917,100,100314,100,99908,200,100383,100,99900,100
2019-06-28 09:46:20.000000000,100053,506,100039,206,100054,546,99979,206,100089,206,99967,206,100092,206,99966,206,100147,100,99958,100,100234,100,99956,100,100283,100,99948,100,100297,100,99917,100,100314,100,99908,200,100383,100,99900,100
2019-06-28 09:46:25.840819993,100053,506,100039,206,100054,546,99979,106,100089,206,99967,206,100092,206,99966,206,100147,100,99958,100,100234,100,99956,100,100283,100,99950,100,100297,100,99948,100,100314,100,99917,100,100383,100,99908,200
2019-06-28 09:46:30.000000000,100053,613,100039,313,100054,653,99967,313,100089,100,99966,100,100092,100,99958,100,100147,100,99956,100,100234,100,99950,100,100283,100,99948,100,100297,100,99917,100,100314,100,99908,200,100383,100,99900,100
2019-06-28 09:46:40.000000000,100053,613,100039,313,100054,653,99967,313,100089,100,99966,100,100092,100,99958,100,100147,100,99956,100,100234,100,99950,100,100283,100,99948,100,100297,100,99917,100,100314,100,99908,200,100383,100,99900,100
2019-06-28 09:46:50.000000000,100053,545,100039,245,100054,581,99967,241,100089,241,99966,241,100092,100,99958,100,100147,100,99956,100,100234,100,99950,100,100283,100,99948,100,100297,100,99917,100,100314,100,99908,200,100383,100,99900,100
2019-06-28 09:47:00.000000000,100053,485,100039,185,100054,525,99967,185,100089,185,99966,185,100092,185,99958,185,100147,185,99956,185,100234,100,99950,100,100283,100,99948,100,100297,100,99917,100,100314,100,99908,200,100383,100,99900,100
2019-06-28 09:47:10.000000000,100053,826,100039,526,100054,440,99967,100,100089,100,99966,100,100092,100,99958,100,100147,100,99956,100,100234,100,99950,100,100283,100,99948,100,100297,100,99917,100,100314,100,99908,200,100383,100,99900,100
2019-06-28 09:47:20.000000000,100053,506,100039,206,100054,546,99967,206,100089,206,99966,206,100092,206,99958,206,100147,100,99956,100,100234,100,99950,100,100283,100,99948,100,100297,100,99917,100,100314,100,99908,200,100383,100,99900,100
2019-06-28 09:47:29.344830792,100053,506,100039,206,100054,546,99967,206,100089,106,99966,206,100092,206,99958,206,100147,100,99956,100,100234,100,99950,100,100283,100,99948,100,100297,100,99917,100,100314,100,99908,200,100383,100,99900,100
2019-06-28 09:47:30.000000000,100053,613,100039,313,100054,653,99967,313,100092,100,99966,100,100147,100,99958,100,100234,100,99956,100,100283,100,99950,100,100297,100,99948,100,100314,100,99917,100,100383,100,99908,200,,,99900,100
2019-06-28 09:47:40.000000000,100053,485,100039,185,100054,525,99967,185,100092,185,99966,185,100147,185,99958,185,100234,185,99956,185,100283,100,99950,100,100297,100,99948,100,100314,100,99917,100,100383,100,99908,200,,,99900,100
2019-06-28 09:47:50.000000000,100053,613,100039,313,100054,653,99967,313,100092,100,99966,100,100147,100,99958,100,100234,100,99956,100,100283,100,99950,100,100297,100,99948,100,100314,100,99917,100,100383,100,99908,200,,,99900,100
2019-06-28 09:47:55.522982196,100053,513,100039,313,100054,653,99967,313,100092,100,99966,100,100234,100,99958,100,100283,100,99956,100,100297,100,99950,100,100314,100,99948,100,100383,100,99917,100,,,99908,200,,,99900,100
2019-06-28 09:47:58.454869048,100053,413,100039,313,100054,653,99967,313,100092,100,99966,100,100234,100,99958,100,100283,100,99956,100,100297,100,99950,100,100314,100,99948,100,100383,100,99908,200,,,99900,100,,,99895,100
2019-06-28 09:48:00.000000000,100053,345,100039,245,100054,581,99967,241,100092,241,99966,241,100234,100,99958,100,100283,100,99956,100,100297,100,99950,100,100314,100,99948,100,100383,100,99908,200,,,99900,100,,,99895,100
2019-06-28 09:48:10.000000000,100053,285,100039,185,100054,525,99967,185,100092,185,99966,185,100234,185,99958,185,100283,185,99956,185,100297,100,99950,100,100314,100,99948,100,100383,100,99908,200,,,99900,100,,,99895,100
2019-06-28 09:48:20.000000000,100053,626,100039,526,100054,440,99967,100,100092,100,99966,100,100234,100,99958,100,100283,100,99956,100,100297,100,99950,100,100314,100,99948,100,100383,100,99908,200,,,99900,100,,,99895,100
2019-06-28 09:48:30.000000000,100053,285,100039,185,100054,525,99967,185,100092,185,99966,185,100234,185,99958,185,100283,185,99956,185,100297,100,99950,100,100314,100,99948,100,100383,100,99908,200,,,99900,100,,,99895,100
2019-06-28 09:48:40.000000000,100053,345,100039,245,100054,581,99967,241,100092,241,99966,241,100234,100,99958,100,100283,100,99956,100,100297,100,99950,100,100314,100,99948,100,100383,100,99908,200,,,99900,100,,,99895,100
2019-06-28 09:48:43.174340486,100053,245,100039,245,100054,581,99967,241,100092,241,99966,141,100234,100,99958,100,100283,100,99956,100,100297,100,99950,100,100314,100,99948,100,100383,100,99908,200,,,99900,100,,,99895,100
2019-06-28 09:48:50.000000000,100053,206,100039,206,100054,546,99967,206,100092,206,99958,206,100234,206,99956,206,100283,100,99950,100,100297,100,99948,100,100314,100,99908,200,100383,100,99900,100,,,99895,100,,,99871,100
2019-06-28 09:49:00.000000000,100053,245,100039,245,100054,581,99967,241,100092,241,99958,241,100234,100,99956,100,100283,100,99950,100,100297,100,99948,100,100314,100,99908,200,100383,100,99900,100,,,99895,100,,,99871,100
2019-06-28 09:49:10.000000000,100053,526,100039,526,100054,440,99967,100,100092,100,99958,100,100234,100,99956,100,100283,100,99950,100,100297,100,99948,100,100314,100,99908,200,100383,100,99900,100,,,99895,100,,,99871,100
2019-06-28 09:49:20.000000000,100053,526,100039,526,100054,440,99967,100,100092,100,99958,100,100234,100,99956,100,100283,100,99950,100,100297,100,99948,100,100314,100,99908,200,100383,100,99900,100,,,99895,100,,,99871,100
2019-06-28 09:49:30.000000000,100053,185,100039,185,100054,525,99967,185,100092,185,99958,185,100234,185,99956,185,100283,185,99950,185,100297,100,99948,100,100314,100,99908,200,100383,100,99900,100,,,99895,100,,,99871,100
2019-06-28 09:49:34.205274510,100053,185,100039,185,100054,525,99967,185,100092,185,99958,185,100234,185,99956,185,100283,185,99950,185,100297,100,99948,100,100314,100,99908,200,100383,100,99900,100,101116,100,99895,100,,,99871,100
2019-06-28 09:49:35.931002587,100053,85,100039,185,100054,525,99967,185,100092,185,99958,185,100234,185,99956,185,100283,185,99950,185,100297,100,99948,100,100314,100,99908,200,100383,100,99900,100,101116,100,99895,100,,,99871,100
2019-06-28 09:49:40.000000000,100054,866,100039,526,100092,100,99967,100,100234,100,99958,100,100283,100,99956,100,100297,100,99950,100,100314,100,99948,100,100383,100,99908,200,101116,100,99900,100,,,99895,100,,,99871,100
2019-06-28 09:49:46.023958708,100054,766,100039,526,100092,100,99967,100,100234,100,99958,100,100283,100,99956,100,100297,100,99950,100,100314,100,99948,100,100383,100,99908,200,101116,100,99900,100,,,99895,100,,,99871,100
2019-06-28 09:49:50.000000000,100054,553,100039,313,100092,313,99967,313,100234,100,99958,100,100283,100,99956,100,100297,100,99950,100,100314,100,99948,100,100383,100,99908,200,101116,100,99900,100,,,99895,100,,,99871,100
2019-06-28 09:49:58.945195725,100054,553,100039,313,100092,313,99967,313,100234,100,99958,100,100283,100,99956,100,100297,100,99950,100,100314,100,99948,100,100383,100,99908,200,100831,100,99900,100,101116,100,99895,100,,,99871,100
2019-06-28 09:50:00.000000000,100054,425,100039,185,100092,185,99967,185,100234,185,99958,185,100283,185,99956,185,100297,185,99950,185,100314,100,99948,100,100383,100,99908,200,100831,100,99900,100,101116,100,99895,100,,,99871,100
2019-06-28 09:50:10.000000000,100054,485,100039,245,100092,241,99967,241,100234,241,99958,241,100283,100,99956,100,100297,100,99950,100,100314,100,99948,100,100383,100,99908,200,100831,100,99900,100,101116,100,99895,100,,,99871,100
2019-06-28 09:50:15.883146894,100054,485,100053,100,100092,241,100039,245,100234,241,99967,241,100283,100,99958,241,100297,100,99956,100,100314,100,99950,100,100383,100,99948,100,100831,100,99908,200,101116,100,99900,100,,,99895,100
2019-06-28 09:50:20.000000000,100054,446,100053,206,100092,206,100039,206,100234,206,99967,206,100283,206,99958,206,100297,100,99956,100,100314,100,99950,100,100383,100,99948,100,100831,100,99908,200,101116,100,99900,100,,,99895,100
2019-06-28 09:50:30.000000000,100054,766,100053,526,100092,100,100039,100,100234,100,99967,100,100283,100,99958,100,100297,100,99956,100,100314,100,99950,100,100383,100,99948,100,100831,100,99908,200,101116,100,99900,100,,,99895,100
2019-06-28 09:50:35.048886857,100054,766,100053,526,100092,100,100039,100,100234,100,99967,100,100283,100,99958,100,100297,100,99956,100,100314,100,99950,100,100383,100,99948,100,100831,100,99908,200,101116,100,99900,100,101226,100,99895,100
2019-06-28 09:50:37.690164466,100054,766,100053,626,100092,100,100039,100,100234,100,99967,100,100283,100,99958,100,100297,100,99956,100,100314,100,99950,100,100383,100,99948,100,100831,100,99908,200,101116,100,99900,100,101226,100,99895,100
2019-06-28 09:50:39.360903616,100054,666,100053,626,100092,100,100039,100,100234,100,99967,100,100283,100,99958,100,100297,100,99956,100,100314,100,99950,100,100383,100,99948,100,100831,100,99908,200,101116,100,99900,100,101226,100,99895,100
2019-06-28 09:50:40.000000000,100054,346,100053,306,100092,206,100039,206,100234,206,99967,206,100283,206,99958,206,100297,100,99956,100,100314,100,99950,100,100383,100,99948,100,100831,100,99908,200,101116,100,99900,100,101226,100,99895,100
2019-06-28 09:50:45.975627800,100054,246,100053,306,100092,206,100039,206,100234,206,99967,206,100283,206,99958,206,100297,100,99956,100,100314,100,99950,100,100383,100,99948,100,100831,100,99908,200,101116,100,99900,100,101226,100,99871,100
2019-06-28 09:50:46.057870229,100054,246,100053,306,100092,206,100039,206,100234,206,99967,206,100283,206,99958,206,100297,100,99956,100,100314,100,99950,100,100383,100,99948,100,100831,100,99908,200,101116,100,99900,100,101226,100,99871,100
2019-06-28 09:50:50.000000000,100054,225,100053,285,100092,185,100039,185,100234,185,99967,185,100283,185,99958,185,100297,185,99956,185,100314,100,99950,100,100383,100,99948,100,100831,100,99908,200,101116,100,99900,100,101226,100,99871,100
2019-06-28 09:50:59.156361137,100054,225,100053,285,100092,185,100039,185,100234,185,99967,185,100283,185,99958,185,100297,185,99956,185,100314,100,99950,100,100383,100,99948,100,100831,100,99908,200,101107,100,99900,100,101116,100,99871,100
2019-06-28 09:51:00.000000000,100054,566,100053,626,100092,100,100039,100,100234,100,99967,100,100283,100,99958,100,100297,100,99956,100,100314,100,99950,100,100383,100,99948,100,100831,100,99908,200,101107,100,99900,100,101116,100,99871,100
2019-06-28 09:51:10.000000000,100054,285,100053,345,100092,241,100039,241,100234,241,99967,241,100283,100,99958,100,100297,100,99956,100,100314,100,99950,100,100383,100,99948,100,100831,100,99908,200,101107,100,99900,100,101116,100,99871,100
2019-06-28 09:51:13.346246542,100054,285,100053,345,100092,241,100039,241,100234,241,99967,241,100283,100,99958,100,100297,100,99956,100,100314,100,99950,100,100383,100,99948,100,100831,100,99908,200,101107,100,99900,100,101116,100,99871,100
2019-06-28 09:51:20.000000000,100054,566,100053,626,100092,100,100039,100,100234,100,99967,100,100283,100,99958,100,100297,100,99956,100,100314,100,99950,100,100383,100,99948,100,100831,100,99908,200,101107,100,99900,100,101116,100,99871,100
2019-06-28 09:51:25.139343619,100054,426,100053,626,100092,100,100039,100,100234,100,99967,100,100283,100,99958,100,100297,100,99956,100,100314,100,99950,100,100383,100,99948,100,100831,100,99908,200,101107,100,99900,100,101116,100,99871,100
2019-06-28 09:51:30.000000000,100092,313,100053,413,100234,313,100039,313,100283,100,99967,100,100297,100,99958,100,100314,100,99956,100,100383,100,99950,100,100831,100,99948,100,101107,100,99908,200,101116,100,99900,100,101196,100,99871,100
2019-06-28 09:51:40.000000000,100092,526,100053,626,100234,100,100039,100,100283,100,99967,100,100297,100,99958,100,100314,100,99956,100,100383,100,99950,100,100831,100,99948,100,101107,100,99908,200,101116,100,99900,100,101196,100,99871,100
2019-06-28 09:51:50.000000000,100092,245,100053,345,100234,241,100039,241,100283,241,99967,241,100297,100,99958,100,100314,100,99956,100,100383,100,99950,100,100831,100,99948,100,101107,100,99908,200,101116,100,99900,100,101196,100,99871,100
2019-06-28 09:52:00.000000000,100092,313,100053,413,100234,313,100039,313,100283,100,99967,100,100297,100,99958,100,100314,100,99956,100,100383,100,99950,100,100831,100,99948,100,101107,100,99908,200,101116,100,99900,100,101196,100,99871,100
2019-06-28 09:52:10.000000000,100092,526,100053,626,100234,100,100039,100,100283,100,99967,100,100297,100,99958,100,100314,100,99956,100,100383,100,99950,100,100831,100,99948,100,101107,100,99908,200,101116,100,99900,100,101196,100,99871,100
2019-06-28 09:52:20.000000000,100092,245,100053,345,100234,241,100039,241,100283,241,99967,241,100297,100,99958,100,100314,100,99956,100,100383,100,99950,100,100831,100,99948,100,101107,100,99908,200,101116,100,99900,100,101196,100,99871,100
2019-06-28 09:52:20.749582685,100092,45,100053,345,100234,241,100039,241,100283,241,99967,241,100297,100,99958,100,100314,100,99956,100,100383,100,99950,100,100831,100,99948,100,101107,100,99908,200,101116,100,99900,100,101196,100,99871,100
2019-06-28 09:52:23.469760861,100092,45,100054,100,100234,241,100053,345,100283,241,100039,241,100297,100,99967,241,100314,100,99958,100,100383,100,99956,100,100831,100,99950,100,101107,100,99948,100,101116,100,99908,200,101196,100,99900,100
2019-06-28 09:52:30.000000000,100234,185,100054,185,100283,185,100053,285,100297,185,100039,185,100314,185,99967,185,100383,185,99958,185,100831,100,99956,100,101107,100,99950,100,101116,100,99948,100,101196,100,99908,200,101226,100,99900,100
2019-06-28 09:52:40.000000000,100234,313,100054,313,100283,313,100053,413,100297,100,100039,100,100314,100,99967,100,100383,100,99958,100,100831,100,99956,100,101107,100,99950,100,101116,100,99948,100,101196,100,99908,200,101226,100,99900,100
2019-06-28 09:52:50.000000000,100234,313,100054,313,100283,313,100053,413,100297,100,100039,100,100314,100,99967,100,100383,100,99958,100,100831,100,99956,100,101107,100,99950,100,101116,100,99948,100,101196,100,99908,200,101226,100,99900,100
2019-06-28 09:53:00.000000000,100234,185,100054,185,100283,185,100053,285,100297,185,100039,185,100314,185,99967,185,100383,185,99958,185,100831,100,99956,100,101107,100,99950,100,101116,100,99948,100,101196,100,99908,200,101226,100,99900,100
2019-06-28 09:53:10.000000000,100234,206,100054,206,100283,206,100053,306,100297,206,100039,206,100314,206,99967,206,100383,100,99958,100,100831,100,99956,100,101107,100,99950,100,101116,100,99948,100,101196,100,99908,200,101226,100,99900,100
2019-06-28 09:53:18.160713745,100234,206,100054,206,100283,206,100053,306,100297,206,100039,206,100314,206,99967,206,100383,100,99958,100,100598,100,99956,100,100831,100,99950,100,101107,100,99948,100,101116,100,99908,200,101196,100,99900,100
2019-06-28 09:53:20.000000000,100234,526,100054,526,100283,100,100053,200,100297,100,100039,100,100314,100,99967,100,100383,100,99958,100,100598,100,99956,100,100831,100,99950,100,101107,100,99948,100,101116,100,99908,200,101196,100,99900,100
2019-06-28 09:53:25.200090506,100234,426,100054,526,100283,100,100053,200,100297,100,100039,100,100314,100,99967,100,100383,100,99958,100,100598,100,99956,100,100831,100,99950,100,101116,100,99948,100,101196,100,99908,200,101226,100,99900,100
2019-06-28 09:53:30.000000000,100283,526,100054,526,100297,100,100053,200,100314,100,100039,100,100383,100,99967,100,100598,100,99958,100,100831,100,99956,100,101116,100,99950,100,101196,100,99948,100,101226,100,99908,200,101244,100,99900,100
2019-06-28 09:53:40.000000000,100283,185,100054,185,100297,185,100053,285,100314,185,100039,185,100383,185,99967,185,100598,185,99958,185,100831,100,99956,100,101116,100,99950,100,101196,100,99948,100,101226,100,99908,200,101244,100,99900,100
2019-06-28 09:53:42.828830223,100283,185,100054,185,100297,185,100053,285,100314,185,100039,185,100383,185,99997,100,100598,185,99967,185,100831,100,99958,185,101116,100,99956,100,101196,100,99950,100,101226,100,99948,100,,,99908,200
2019-06-28 09:53:49.155313317,100233,100,100054,185,100283,185,100053,285,100297,185,100039,185,100314,185,99997,100,100383,185,99967,185,100598,185,99958,185,100831,100,99956,100,101116,100,99950,100,101196,100,99948,100,101226,100,99908,200
2019-06-28 09:53:50.000000000,100233,185,100054,185,100283,185,100053,285,100297,185,100039,185,100314,185,99997,185,100383,185,99967,185,100598,100,99958,100,100831,100,99956,100,101116,100,99950,100,101196,100,99948,100,101226,100,99908,200
2019-06-28 09:54:00.000000000,100233,526,100054,526,100283,100,100053,200,100297,100,100039,100,100314,100,99997,100,100383,100,99967,100,100598,100,99958,100,100831,100,99956,100,101116,100,99950,100,101196,100,99948,100,101226,100,99908,200
2019-06-28 09:54:04.155819495,100102,100,100054,526,100233,526,100053,200,100283,100,100039,100,100297,100,99997,100,100314,100,99967,100,100383,100,99958,100,100598,100,99956,100,100831,100,99950,100,101116,100,99948,100,101196,100,99908,200
2019-06-28 09:54:10.000000000,100102,245,100054,245,100233,241,100053,341,100283,241,100039,241,100297,100,99997,100,100314,100,99967,100,100383,100,99958,100,100598,100,99956,100,100831,100,99950,100,101116,100,99948,100,101196,100,99908,200
2019-06-28 09:54:20.000000000,100102,313,100054,313,100233,313,100053,413,100283,100,100039,100,100297,100,99997,100,100314,100,99967,100,100383,100,99958,100,100598,100,99956,100,100831,100,99950,100,101116,100,99948,100,101196,100,99908,200
2019-06-28 09:54:30.000000000,100102,185,100054,185,100233,185,100053,285,100283,185,100039,185,100297,185,99997,185,100314,185,99967,185,100383,100,99958,100,100598,100,99956,100,100831,100,99950,100,101116,100,99948,100,101196,100,99908,200
2019-06-28 09:54:39.431073690,100102,85,100054,185,100233,185,100053,285,100283,185,100039,185,100297,185,99997,185,100314,185,99967,185,100598,100,99958,100,100831,100,99956,100,101116,100,99950,100,101196,100,99948,100,101226,100,99908,200
2019-06-28 09:54:40.000000000,100233,206,100054,206,100283,206,100053,306,100297,206,100039,206,100314,206,99997,206,100598,100,99967,100,100831,100,99958,100,101116,100,99956,100,101196,100,99950,100,101226,100,99948,100,,,99908,200
2019-06-28 09:54:50.000000000,100233,245,100054,245,100283,241,100053,341,100297,241,100039,241,100314,100,99997,100,100598,100,99967,100,100831,100,99958,100,101116,100,99956,100,101196,100,99950,100,101226,100,99948,100,,,99908,200
2019-06-28 09:55:00.000000000,100233,206,100054,206,100283,206,100053,306,100297,206,100039,206,100314,206,99997,206,100598,100,99967,100,100831,100,99958,100,101116,100,99956,100,101196,100,99950,100,101226,100,99948,100,,,99908,200
2019-06-28 09:55:10.000000000,100233,245,100054,245,100283,241,100053,341,100297,241,100039,241,100314,100,99997,100,100598,100,99967,100,100831,100,99958,100,101116,100,99956,100,101196,100,99950,100,101226,100,99948,100,,,99908,200
2019-06-28 09:55:20.000000000,100233,313,100054,313,100283,313,100053,413,100297,100,100039,100,100314,100,99997,100,100598,100,99967,100,100831,100,99958,100,101116,100,99956,100,101196,100,99950,100,101226,100,99948,100,,,99908,200
2019-06-28 09:55:27.959259954,100233,213,100054,313,100283,313,100053,413,100297,100,100039,100,100314,100,99997,100,100598,100,99967,100,100831,100,99958,100,101116,100,99956,100,101196,100,99950,100,,,99948,100,,,99908,200
2019-06-28 09:55:30.000000000,100283,206,100054,206,100297,206,100053,306,100314,206,100039,206,100598,206,99997,206,100831,100,99967,100,101116,100,99958,100,101196,100,99956,100,,,99950,100,,,99948,100,,,99908,200
2019-06-28 09:55:40.000000000,100283,206,100054,206,100297,206,100053,306,100314,206,100039,206,100598,206,99997,206,100831,100,99967,100,101116,100,99958,100,101196,100,99956,100,,,99950,100,,,99948,100,,,99908,200
2019-06-28 09:55:50.000000000,100283,206,100054,206,100297,206,100053,306,100314,206,100039,206,100598,206,99997,206,100831,100,99967,100,101116,100,99958,100,101196,100,99956,100,,,99950,100,,,99948,100,,,99908,200
2019-06-28 09:55:55.185161017,100283,206,100054,206,100297,206,100053,206,100314,206,100039,206,100598,206,99997,206,100831,100,99967,100,101116,100,99958,100,101196,100,99956,100,,,99950,100,,,99948,100,,,99908,200
2019-06-28 09:56:00.000000000,100283,185,100054,185,100297,185,100053,185,100314,185,100039,185,100598,185,99997,185,100831,185,99967,185,101116,100,99958,100,101196,100,99956,100,,,99950,100,,,99948,100,,,99908,200
2019-06-28 09:56:10.000000000,100283,185,100054,185,100297,185,100053,185,100314,185,100039,185,100598,185,99997,185,100831,185,99967,185,101116,100,99958,100,101196,100,99956,100,,,99950,100,,,99948,100,,,99908,200
2019-06-28 09:56:20.000000000,100283,245,100054,245,100297,241,100053,241,100314,241,100039,241,100598,100,99997,100,100831,100,99967,100,101116,100,99958,100,101196,100,99956,100,,,99950,100,,,99948,100,,,99908,200
2019-06-28 09:56:30.000000000,100283,206,100054,206,100297,206,100053,206,100314,206,100039,206,100598,206,99997,206,100831,100,99967,100,101116,100,99958,100,101196,100,99956,100,,,99950,100,,,99948,100,,,99908,200
2019-06-28 09:56:32.306943052,100283,206,100054,206,100297,206,100053,206,100314,206,100039,206,100598,206,99997,206,100831,100,99967,100,100834,100,99958,100,101116,100,99956,100,101196,100,99950,100,,,99948,100,,,99908,200
2019-06-28 09:56:39.925259841,100283,106,100054,206,100297,206,100053,206,100314,206,100039,206,100598,206,99997,206,100831,100,99967,100,100834,100,99958,100,101116,100,99956,100,101196,100,99950,100,,,99948,100,,,99908,200
2019-06-28 09:56:40.000000000,100297,526,100054,526,100314,100,100053,100,100598,100,100039,100,100831,100,99997,100,100834,100,99967,100,101116,100,99958,100,101196,100,99956,100,,,99950,100,,,99948,100,,,99908,200
2019-06-28 09:56:42.399055721,100297,526,100054,526,100314,100,100053,100,100598,100,100039,100,100831,100,99997,100,100834,100,99967,100,100896,100,99958,100,101116,100,99956,100,101196,100,99950,100,,,99948,100,,,99908,200
2019-06-28 09:56:50.000000000,100297,245,100054,245,100314,241,100053,241,100598,241,100039,241,100831,100,99997,100,100834,100,99967,100,100896,100,99958,100,101116,100,99956,100,101196,100,99950,100,,,99948,100,,,99908,200
2019-06-28 09:57:00.000000000,100297,313,100054,313,100314,313,100053,313,100598,100,100039,100,100831,100,99997,100,100834,100,99967,100,100896,100,99958,100,101116,100,99956,100,101196,100,99950,100,,,99948,100,,,99908,200
2019-06-28 09:57:03.545626384,100297,213,100054,313,100314,313,100053,313,100598,100,100039,100,100831,100,99997,100,100834,100,99967,100,100896,100,99958,100,101116,100,99956,100,101196,100,99950,100,,,99948,100,,,99908,100
2019-06-28 09:57:10.000000000,100314,206,100054,206,100598,206,100053,206,100831,206,100039,206,100834,206,99997,206,100896,100,99967,100,101116,100,99958,100,101196,100,99956,100,,,99950,100,,,99948,100,,,99908,100
2019-06-28 09:57:20.000000000,100314,245,100054,245,100598,241,100053,241,100831,241,100039,241,100834,100,99997,100,100896,100,99967,100,101116,100,99958,100,101196,100,99956,100,,,99950,100,,,99948,100,,,99908,100
2019-06-28 09:57:24.346872414,100314,245,100283,100,100598,241,100054,145,100831,241,100053,241,100834,100,100039,241,100896,100,99997,100,101116,100,99967,100,101196,100,99958,100,,,99956,100,,,99950,100,,,99948,100
2019-06-28 09:57:30.000000000,100314,185,100283,185,100598,185,100053,185,100831,185,100039,185,100834,185,99997,185,100896,185,99967,185,101116,100,99958,100,101196,100,99956,100,,,99950,100,,,99948,100,,,99908,100
2019-06-28 09:57:40.000000000,100314,185,100283,185,100598,185,100053,185,100831,185,100039,185,100834,185,99997,185,100896,185,99967,185,101116,100,99958,100,101196,100,99956,100,,,99950,100,,,99948,100,,,99908,100
2019-06-28 09:57:41.561476390,100314,85,100283,185,100598,185,100053,185,100831,185,100039,85,100834,185,99997,185,100896,185,99967,185,101116,100,99958,100,101196,100,99956,100,,,99950,100,,,99948,100,,,99908,100
2019-06-28 09:57:46.615425119,100314,85,100283,185,100598,185,100053,185,100831,185,100039,85,100834,185,99997,185,100841,100,99967,185,100896,185,99958,100,101116,100,99956,100,101196,100,99950,100,,,99948,100,,,99908,100
2019-06-28 09:57:50.000000000,100598,313,100283,313,100831,313,100053,313,100834,100,99997,100,100841,100,99967,100,100896,100,99958,100,101116,100,99956,100,101196,100,99950,100,,,99948,100,,,99908,100,,,99900,100
2019-06-28 09:57:56.035984108,100598,313,100283,313,100728,100,100053,313,100831,213,99997,100,100834,100,99967,100,100841,100,99958,100,100896,100,99956,100,101116,100,99950,100,101196,100,99948,100,,,99908,100,,,99900,100
2019-06-28 09:58:00.000000000,100598,526,100283,526,100728,100,100053,100,100834,100,99997,100,100841,100,99967,100,100896,100,99958,100,101116,100,99956,100,101196,100,99950,100,,,99948,100,,,99908,100,,,99900,100
2019-06-28 09:58:10.000000000,100598,206,100283,206,100728,206,100053,206,100834,206,99997,206,100841,206,99967,206,100896,100,99958,100,101116,100,99956,100,101196,100,99950,100,,,99948,100,,,99908,100,,,99900,100
2019-06-28 09:58:20.000000000,100598,206,100283,206,100728,206,100053,206,100834,206,99997,206,100841,206,99967,206,100896,100,99958,100,101116,100,99956,100,101196,100,99950,100,,,99948,100,,,99908,100,,,99900,100
2019-06-28 09:58:30.000000000,100598,526,100283,526,100728,100,100053,100,100834,100,99997,100,100841,100,99967,100,100896,100,99958,100,101116,100,99956,100,101196,100,99950,100,,,99948,100,,,99908,100,,,99900,100
2019-06-28 09:58:40.000000000,100598,526,100283,526,100728,100,100053,100,100834,100,99997,100,100841,100,99967,100,100896,100,99958,100,101116,100,99956,100,101196,100,99950,100,,,99948,100,,,99908,100,,,99900,100
2019-06-28 09:58:50.000000000,100598,245,100283,245,100728,241,100053,241,100834,241,99997,241,100841,100,99967,100,100896,100,99958,100,101116,100,99956,100,101196,100,99950,100,,,99948,100,,,99908,100,,,99900,100
2019-06-28 09:59:00.000000000,100598,206,100283,206,100728,206,100053,206,100834,206,99997,206,100841,206,99967,206,100896,100,99958,100,101116,100,99956,100,101196,100,99950,100,,,99948,100,,,99908,100,,,99900,100
2019-06-28 09:59:10.000000000,100598,526,100283,526,100728,100,100053,100,100834,100,99997,100,100841,100,99967,100,100896,100,99958,100,101116,100,99956,100,101196,100,99950,100,,,99948,100,,,99908,100,,,99900,100
2019-06-28 09:59:11.045326528,100598,526,100283,526,100728,100,100053,100,100834,100,99997,100,100841,100,99967,100,100896,100,99958,100,101116,100,99956,100,101196,100,99950,100,,,99948,100,,,99914,100,,,99908,100
2019-06-28 09:59:13.956734677,100598,526,100283,526,100728,100,100217,100,100834,100,100053,100,100841,100,99997,100,100896,100,99967,100,101116,100,99958,100,101196,100,99956,100,,,99950,100,,,99948,100,,,99914,100
2019-06-28 09:59:20.000000000,100598,245,100283,245,100728,241,100217,241,100834,241,100053,241,100841,100,99997,100,100896,100,99967,100,101116,100,99958,100,101196,100,99956,100,,,99950,100,,,99948,100,,,99914,100
2019-06-28 09:59:24.054629532,100296,100,100283,245,100598,245,100217,241,100728,241,100053,241,100834,241,99997,100,100841,100,99967,100,100896,100,99958,100,101116,100,99956,100,101196,100,99950,100,,,99948,100,,,99914,100
2019-06-28 09:59:30.000000000,100296,526,100283,526,100598,100,100217,100,100728,100,100053,100,100834,100,99997,100,100841,100,99967,100,100896,100,99958,100,101116,100,99956,100,101196,100,99950,100,,,99948,100,,,99914,100
2019-06-28 09:59:40.000000000,100296,185,100283,185,100598,185,100217,185,100728,185,100053,185,100834,185,99997,185,100841,185,99967,185,100896,100,99958,100,101116,100,99956,100,101196,100,99950,100,,,99948,100,,,99914,100
2019-06-28 09:59:50.000000000,100296,313,100283,313,100598,313,100217,313,100728,100,100053,100,100834,100,99997,100,100841,100,99967,100,100896,100,99958,100,101116,100,99956,100,101196,100,99950,100,,,99948,100,,,99914,100
2019-06-28 10:00:00.000000000,100296,185,100283,185,100598,185,100217,185,100728,185,100053,185,100834,185,99997,185,100841,185,99967,185,100896,100,99958,100,101116,100,99956,100,101196,100,99950,100,,,99948,100,,,99914,100
2019-06-28 10:00:10.000000000,100296,245,100283,245,100598,241,100217,241,100728,241,100053,241,100834,100,99997,100,100841,100,99967,100,100896,100,99958,100,101116,100,99956,100,101196,100,99950,100,,,99948,100,,,99914,100
2019-06-28 10:00:11.439285584,100296,145,100283,245,100598,241,100217,241,100728,241,100053,241,100834,100,99997,100,100841,100,99967,100,100896,100,99958,100,101116,100,99956,100,101196,100,99950,100,,,99948,100,,,99914,100
2019-06-28 10:00:20.000000000,100598,313,100283,313,100728,313,100217,313,100834,100,100053,100,100841,100,99997,100,100896,100,99967,100,101116,100,99958,100,101196,100,99956,100,,,99950,100,,,99948,100,,,99914,100
2019-06-28 10:00:30.000000000,100598,206,100283,206,100728,206,100217,206,100834,206,100053,206,100841,206,99997,206,100896,100,99967,100,101116,100,99958,100,101196,100,99956,100,,,99950,100,,,99948,100,,,99914,100
2019-06-28 10:00:38.259330912,100369,100,100283,206,100598,206,100217,106,100728,206,100053,206,100834,206,99997,206,100841,206,99967,100,100896,100,99958,100,101116,100,99956,100,101196,100,99950,100,,,99948,100,,,99914,100
2019-06-28 10:00:40.000000000,100369,185,100283,185,100598,185,100053,185,100728,185,99997,185,100834,185,99967,185,100841,185,99958,185,100896,100,99956,100,101116,100,99950,100,101196,100,99948,100,,,99914,100,,,99908,100
2019-06-28 10:00:48.350606760,100369,185,100283,185,100598,185,100061,100,100728,185,100053,185,100834,185,99997,185,100841,185,99967,185,100896,100,99958,185,101116,100,99956,100,101196,100,99950,100,,,99948,100,,,99914,100
2019-06-28 10:00:50.000000000,100369,313,100283,313,100598,313,100061,313,100728,100,100053,100,100834,100,99997,100,100841,100,99967,100,100896,100,99958,100,101116,100,99956,100,101196,100,99950,100,,,99948,100,,,99914,100
2019-06-28 10:01:00.000000000,100369,185,100283,185,100598,185,100061,185,100728,185,100053,185,100834,185,99997,185,100841,185,99967,185,100896,100,99958,100,101116,100,99956,100,101196,100,99950,100,,,99948,100,,,99914,100
2019-06-28 10:01:02.185583907,100295,100,100283,185,100369,185,100061,185,100598,185,100053,185,100728,185,99997,185,100834,185,99967,185,100841,185,99958,100,100896,100,99956,100,101116,100,99950,100,101196,100,99948,100,,,99914,100
2019-06-28 10:01:10.000000000,100295,526,100283,526,100369,100,100061,100,100598,100,100053,100,100728,100,99997,100,100834,100,99967,100,100841,100,99958,100,100896,100,99956,100,101116,100,99950,100,101196,100,99948,100,,,99914,100
2019-06-28 10:01:13.778737685,100295,526,100283,526,100369,100,100061,100,100598,100,100053,100,100728,100,100016,100,100834,100,99997,100,100841,100,99967,100,100896,100,99958,100,101116,100,99956,100,101196,100,99950,100,,,99948,100
2019-06-28 10:01:16.892084775,100295,526,100283,426,100369,100,100061,100,100598,100,100053,100,100728,100,100016,100,100834,100,99997,100,100841,100,99967,100,100896,100,99958,100,101116,100,99956,100,101196,100,99950,100,,,99948,100
2019-06-28 10:01:20.000000000,100295,526,100061,526,100369,100,100053,100,100598,100,100016,100,100728,100,99997,100,100834,100,99967,100,100841,100,99958,100,100896,100,99956,100,101116,100,99950,100,101196,100,99948,100,,,99914,100
2019-06-28 10:01:23.373739903,100295,526,100061,526,100369,100,100053,100,100374,100,100016,100,100598,100,99997,100,100728,100,99967,100,100834,100,99958,100,100841,100,99956,100,100896,100,99950,100,101116,100,99948,100,101196,100,99914,100
2019-06-28 10:01:30.000000000,100295,206,100061,206,100369,206,100053,206,100374,206,100016,206,100598,206,99997,206,100728,100,99967,100,100834,100,99958,100,100841,100,99956,100,100896,100,99950,100,101116,100,99948,100,101196,100,99914,100
2019-06-28 10:01:40.000000000,100295,313,100061,313,100369,313,100053,313,100374,100,100016,100,100598,100,99997,100,100728,100,99967,100,100834,100,99958,100,100841,100,99956,100,100896,100,99950,100,101116,100,99948,100,101196,100,99914,100
2019-06-28 10:01:50.000000000,100295,206,100061,206,100369,206,100053,206,100374,206,100016,206,100598,206,99997,206,100728,100,99967,100,100834,100,99958,100,100841,100,99956,100,100896,100,99950,100,101116,100,99948,100,101196,100,99914,100
2019-06-28 10:02:00.000000000,100295,185,100061,185,100369,185,100053,185,100374,185,100016,185,100598,185,99997,185,100728,185,99967,185,100834,100,99958,100,100841,100,99956,100,100896,100,99950,100,101116,100,99948,100,101196,100,99914,100
2019-06-28 10:02:08.423445296,100295,185,100061,185,100369,185,100053,185,100374,185,100016,185,100441,100,99997,185,100598,185,99967,185,100728,185,99958,100,100834,100,99956,100,100841,100,99950,100,100896,100,99948,100,101116,100,99914,100
2019-06-28 10:02:08.802788208,100295,185,100143,100,100369,185,100061,185,100374,185,100053,185,100441,100,100016,185,100598,185,99997,185,100728,185,99967,185,100834,100,99958,100,100841,100,99956,100,100896,100,99950,100,101116,100,99948,100
2019-06-28 10:02:09.409984036,100295,185,100143,100,100369,185,100061,185,100374,185,100053,85,100441,100,100016,185,100598,185,99997,185,100728,185,99967,185,100834,100,99958,100,100841,100,99956,100,100896,100,99950,100,101116,100,99948,100
2019-06-28 10:02:10.000000000,100295,206,100143,206,100369,206,100061,206,100374,206,100016,206,100441,206,99997,206,100598,100,99967,100,100728,100,99958,100,100834,100,99956,100,100841,100,99950,100,100896,100,99948,100,101116,100,99914,100
2019-06-28 10:02:12.521619053,100295,206,100143,206,100369,206,100061,206,100374,206,100016,206,100441,206,99997,206,100473,100,99967,100,100598,100,99958,100,100728,100,99956,100,100834,100,99950,100,100841,100,99948,100,100896,100,99914,100
2019-06-28 10:02:20.000000000,100295,185,100143,185,100369,185,100061,185,100374,185,100016,185,100441,185,99997,185,100473,185,99967,185,100598,100,99958,100,100728,100,99956,100,100834,100,99950,100,100841,100,99948,100,100896,100,99914,100
2019-06-28 10:02:30.000000000,100295,526,100143,526,100369,100,100061,100,100374,100,100016,100,100441,100,99997,100,100473,100,99967,100,100598,100,99958,100,100728,100,99956,100,100834,100,99950,100,100841,100,99948,100,100896,100,99914,100
2019-06-28 10:02:40.000000000,100295,526,100143,526,100369,100,100061,100,100374,100,100016,100,100441,100,99997,100,100473,100,99967,100,100598,100,99958,100,100728,100,99956,100,100834,100,99950,100,100841,100,99948,100,100896,100,99914,100
2019-06-28 10:02:45.338676369,100295,526,100143,526,100303,100,100061,100,100369,100,100016,100,100374,100,99967,100,100441,100,99958,100,100473,100,99956,100,100598,100,99950,100,100728,100,99948,100,100834,100,99914,100,100841,100,99908,100
2019-06-28 10:02:50.000000000,100295,206,100143,206,100303,206,100061,206,100369,206,100016,206,100374,206,99967,206,100441,100,99958,100,100473,100,99956,100,100598,100,99950,100,100728,100,99948,100,100834,100,99914,100,100841,100,99908,100
2019-06-28 10:03:00.000000000,100295,526,100143,526,100303,100,100061,100,100369,100,100016,100,100374,100,99967,100,100441,100,99958,100,100473,100,99956,100,100598,100,99950,100,100728,100,99948,100,100834,100,99914,100,100841,100,99908,100
2019-06-28 10:03:10.000000000,100295,245,100143,245,100303,241,100061,241,100369,241,100016,241,100374,100,99967,100,100441,100,99958,100,100473,100,99956,100,100598,100,99950,100,100728,100,99948,100,100834,100,99914,100,100841,100,99908,100
2019-06-28 10:03:12.515790309,100295,245,100284,100,100303,241,100143,245,100369,241,100061,241,100374,100,100016,241,100441,100,99967,100,100473,100,99958,100,100598,100,99956,100,100728,100,99950,100,100834,100,99948,100,100841,100,99914,100
2019-06-28 10:03:20.000000000,100295,526,100284,526,100303,100,100143,100,100369,100,100061,100,100374,100,100016,100,100441,100,99967,100,100473,100,99958,100,100598,100,99956,100,100728,100,99950,100,100834,100,99948,100,100841,100,99914,100
2019-06-28 10:03:30.000000000,100295,185,100284,185,100303,185,100143,185,100369,185,100061,185,100374,185,100016,185,100441,185,99967,185,100473,100,99958,100,100598,100,99956,100,100728,100,99950,100,100834,100,99948,100,100841,100,99914,100
2019-06-28 10:03:40.000000000,100295,313,100284,313,100303,313,100143,313,100369,100,100061,100,100374,100,100016,100,100441,100,99967,100,100473,100,99958,100,100598,100,99956,100,100728,100,99950,100,100834,100,99948,100,100841,100,99914,100
2019-06-28 10:03:47.016424479,100295,313,100284,313,100303,313,100143,313,100369,100,100061,100,100374,100,100016,100,100441,100,99967,100,100473,100,99958,100,100598,100,99956,100,100728,100,99950,100,100834,100,99948,100,100841,100,99914,100
2019-06-28 10:03:50.000000000,100295,526,100284,526,100303,100,100143,100,100369,100,100061,100,100374,100,100016,100,100441,100,99967,100,100473,100,99958,100,100598,100,99956,100,100728,100,99950,100,100834,100,99948,100,100841,100,99914,100
2019-06-28 10:03:57.792843133,100295,526,100284,526,100303,100,100143,100,100369,100,100061,100,100374,100,100016,100,100441,100,99967,100,100473,100,99958,100,100598,100,99956,100,100728,100,99950,100,100740,100,99948,100,100834,100,99914,100
2019-06-28 10:04:00.000000000,100295,313,100284,313,100303,313,100143,313,100369,100,100061,100,100374,100,100016,100,100441,100,99967,100,100473,100,99958,100,100598,100,99956,100,100728,100,99950,100,100740,100,99948,100,100834,100,99914,100
2019-06-28 10:04:05.860373455,100295,313,100284,413,100303,313,100143,313,100369,100,100061,100,100374,100,100016,100,100441,100,99967,100,100473,100,99958,100,100598,100,99956,100,100728,100,99950,100,100740,100,99948,100,100834,100,99914,100
2019-06-28 10:04:10.000000000,100295,206,100284,306,100303,206,100143,206,100369,206,100061,206,100374,206,100016,206,100441,100,99967,100,100473,100,99958,100,100598,100,99956,100,100728,100,99950,100,100740,100,99948,100,100834,100,99914,100
2019-06-28 10:04:14.147785416,100295,106,100284,306,100303,206,100143,206,100369,206,100061,206,100374,206,100016,206,100441,100,99967,100,100473,100,99958,100,100598,100,99956,100,100728,100,99950,100,100740,100,99948,100,100834,100,99914,100
2019-06-28 10:04:20.000000000,100303,245,100284,345,100369,241,100143,241,100374,241,100061,241,100441,100,100016,100,100473,100,99967,100,100598,100,99958,100,100728,100,99956,100,100740,100,99950,100,100834,100,99948,100,100841,100,99914,100
2019-06-28 10:04:30.000000000,100303,245,100284,345,100369,241,100143,241,100374,241,100061,241,100441,100,100016,100,100473,100,99967,100,100598,100,99958,100,100728,100,99956,100,100740,100,99950,100,100834,100,99948,100,100841,100,99914,100
2019-06-28 10:04:32.747215865,100303,145,100284,345,100369,241,100143,241,100374,241,100061,241,100441,100,100016,100,100473,100,99967,100,100598,100,99958,100,100728,100,99956,100,100740,100,99950,100,100834,100,99948,100,100841,100,99914,100
2019-06-28 10:04:39.291714639,100303,145,100295,100,100369,241,100284,345,100374,241,100143,241,100441,100,100061,241,100473,100,100016,100,100598,100,99967,100,100728,100,99958,100,100740,100,99956,100,100834,100,99950,100,100841,100,99948,100
2019-06-28 10:04:40.000000000,100369,313,100295,313,100374,313,100284,413,100441,100,100143,100,100473,100,100061,100,100598,100,100016,100,100728,100,99967,100,100740,100,99958,100,100834,100,99956,100,100841,100,99950,100,101017,100,99948,100
2019-06-28 10:04:40.969623940,100369,313,100295,413,100374,313,100284,413,100441,100,100143,100,100473,100,100061,100,100598,100,100016,100,100728,100,99967,100,100740,100,99958,100,100834,100,99956,100,100841,100,99950,100,101017,100,99948,100
2019-06-28 10:04:50.000000000,100369,245,100295,345,100374,241,100284,341,100441,241,100143,241,100473,100,100061,100,100598,100,100016,100,100728,100,99967,100,100740,100,99958,100,100834,100,99956,100,100841,100,99950,100,101017,100,99948,100
2019-06-28 10:05:00.000000000,100369,526,100295,626,100374,100,100284,200,100441,100,100143,100,100473,100,100061,100,100598,100,100016,100,100728,100,99967,100,100740,100,99958,100,100834,100,99956,100,100841,100,99950,100,101017,100,99948,100
2019-06-28 10:05:10.000000000,100369,526,100295,626,100374,100,100284,200,100441,100,100143,100,100473,100,100061,100,100598,100,100016,100,100728,100,99967,100,100740,100,99958,100,100834,100,99956,100,100841,100,99950,100,101017,100,99948,100
2019-06-28 10:05:12.137874983,100369,526,100295,626,100374,100,100284,200,100441,100,100143,100,100473,100,100061,100,100598,100,100016,100,100643,100,99967,100,100728,100,99958,100,100740,100,99956,100,100834,100,99950,100,100841,100,99948,100
2019-06-28 10:05:15.059246327,100369,526,100295,726,100374,100,100284,200,100441,100,100143,100,100473,100,100061,100,100598,100,100016,100,100643,100,99967,100,100728,100,99958,100,100740,100,99956,100,100834,100,99950,100,100841,100,99948,100
2019-06-28 10:05:20.000000000,100369,185,100295,385,100374,185,100284,285,100441,185,100143,185,100473,185,100061,185,100598,185,100016,185,100643,100,99967,100,100728,100,99958,100,100740,100,99956,100,100834,100,99950,100,100841,100,99948,100
2019-06-28 10:05:30.000000000,100369,185,100295,385,100374,185,100284,285,100441,185,100143,185,100473,185,100061,185,100598,185,100016,185,100643,100,99967,100,100728,100,99958,100,100740,100,99956,100,100834,100,99950,100,100841,100,99948,100
2019-06-28 10:05:30.904175715,100369,185,100295,485,100374,185,100284,285,100441,185,100143,185,100473,185,100061,185,100598,185,100016,185,100643,100,99967,100,100728,100,99958,100,100740,100,99956,100,100834,100,99950,100,100841,100,99948,100
2019-06-28 10:05:31.305927142,100369,185,100295,585,100374,185,100284,285,100441,185,100143,185,100473,185,100061,185,100598,185,100016,185,100643,100,99967,100,100728,100,99958,100,100740,100,99956,100,100834,100,99950,100,100841,100,99948,100
2019-06-28 10:05:40.000000000,100369,206,100295,606,100374,206,100284,306,100441,206,100143,206,100473,206,100061,206,100598,100,100016,100,100643,100,99967,100,100728,100,99958,100,100740,100,99956,100,100834,100,99950,100,100841,100,99948,100
2019-06-28 10:05:48.999279465,100369,206,100295,706,100374,206,100284,206,100441,206,100143,206,100473,206,100061,206,100598,100,100016,100,100643,100,99967,100,100728,100,99958,100,100740,100,99956,100,100834,100,99950,100,100841,100,99948,100
2019-06-28 10:05:50.000000000,100369,526,100295,1026,100374,100,100284,100,100441,100,100143,100,100473,100,100061,100,100598,100,100016,100,100643,100,99967,100,100728,100,99958,100,100740,100,99956,100,100834,100,99950,100,100841,100,99948,100
2019-06-28 10:06:00.000000000,100369,206,100295,706,100374,206,100284,206,100441,206,100143,206,100473,206,100061,206,100598,100,100016,100,100643,100,99967,100,100728,100,99958,100,100740,100,99956,100,100834,100,99950,100,100841,100,99948,100
2019-06-28 10:06:08.319166025,100369,206,100295,706,100374,206,100284,206,100441,206,100143,206,100473,206,100061,206,100598,100,100016,100,100643,100,99967,100,100728,100,99958,100,100740,100,99956,100,100834,100,99950,100,100841,100,99948,100
2019-06-28 10:06:10.000000000,100369,245,100295,745,100374,241,100284,241,100441,241,100143,241,100473,100,100061,100,100598,100,100016,100,100643,100,99967,100,100728,100,99958,100,100740,100,99956,100,100834,100,99950,100,100841,100,99948,100
2019-06-28 10:06:16.963829467,100369,245,100295,745,100374,241,100284,241,100441,241,100143,241,100473,100,100061,100,100598,100,100016,100,100643,100,99967,100,100728,100,99958,100,100740,100,99956,100,100834,100,99950,100,100841,100,99948,100
2019-06-28 10:06:20.000000000,100369,526,100295,1026,100374,100,100284,100,100441,100,100143,100,100473,100,100061,100,100598,100,100016,100,100643,100,99967,100,100728,100,99958,100,100740,100,99956,100,100834,100,99950,100,100841,100,99948,100
2019-06-28 10:06:30.000000000,100369,206,100295,706,100374,206,100284,206,100441,206,100143,206,100473,206,100061,206,100598,100,100016,100,100643,100,99967,100,100728,100,99958,100,100740,100,99956,100,100834,100,99950,100,100841,100,99948,100
2019-06-28 10:06:31.752483067,100369,206,100295,706,100374,106,100284,206,100441,206,100143,206,100473,206,100061,206,100598,100,100016,100,100643,100,99967,100,100728,100,99958,100,100740,100,99956,100,100828,100,99950,100,100834,100,99948,100
2019-06-28 10:06:34.272248797,100369,206,100295,706,100374,106,100284,206,100441,206,100143,206,100473,206,100061,206,100598,100,100016,100,100643,100,99967,100,100728,100,99958,100,100740,100,99956,100,100767,100,99950,100,100828,100,99948,100
2019-06-28 10:06:38.329948306,100369,106,100295,706,100374,106,100284,206,100441,206,100143,206,100473,206,100061,206,100598,100,100016,100,100643,100,99967,100,100728,100,99958,100,100740,100,99956,100,100767,100,99950,100,100828,100,99948,100
2019-06-28 10:06:40.000000000,100441,245,100295,745,100473,241,100284,241,100598,241,100143,241,100643,100,100061,100,100728,100,100016,100,100740,100,99967,100,100767,100,99958,100,100828,100,99956,100,100834,100,99950,100,100841,100,99948,100
2019-06-28 10:06:45.542771456,100441,145,100295,745,100473,241,100284,241,100598,241,100143,241,100643,100,100061,100,100728,100,100016,100,100740,100,99967,100,100767,100,99958,100,100828,100,99956,100,100834,100,99950,100,100841,100,99948,100
2019-06-28 10:06:50.000000000,100473,185,100295,685,100598,185,100284,185,100643,185,100143,185,100728,185,100061,185,100740,185,100016,185,100767,100,99967,100,100828,100,99958,100,100834,100,99956,100,100841,100,99950,100,100943,100,99948,100
2019-06-28 10:06:58.486260335,100473,185,100295,685,100598,185,100284,185,100643,185,100143,185,100728,185,100061,185,100740,185,100016,185,100767,100,99967,100,100828,100,99958,100,100834,100,99956,100,100841,100,99950,100,100943,100,99948,100
2019-06-28 10:07:00.000000000,100473,313,100295,813,100598,313,100284,313,100643,100,100143,100,100728,100,100061,100,100740,100,100016,100,100767,100,99967,100,100828,100,99958,100,100834,100,99956,100,100841,100,99950,100,100943,100,99948,100
2019-06-28 10:07:08.894155669,100473,313,100295,813,100598,313,100284,313,100643,100,100143,100,100728,100,100061,100,100740,100,100016,100,100767,100,99967,100,100828,100,99958,100,100834,100,99956,100,100841,100,99950,100,100916,100,99948,100
2019-06-28 10:07:10.000000000,100473,185,100295,685,100598,185,100284,185,100643,185,100143,185,100728,185,100061,185,100740,185,100016,185,100767,100,99967,100,100828,100,99958,100,100834,100,99956,100,100841,100,99950,100,100916,100,99948,100
2019-06-28 10:07:20.000000000,100473,245,100295,745,100598,241,100284,241,100643,241,100143,241,100728,100,100061,100,100740,100,100016,100,100767,100,99967,100,100828,100,99958,100,100834,100,99956,100,100841,100,99950,100,100916,100,99948,100
2019-06-28 10:07:30.000000000,100473,206,100295,706,100598,206,100284,206,100643,206,100143,206,100728,206,100061,206,100740,100,100016,100,100767,100,99967,100,100828,100,99958,100,100834,100,99956,100,100841,100,99950,100,100916,100,99948,100
2019-06-28 10:07:39.651342172,100473,206,100295,706,100598,206,100284,206,100643,206,100143,206,100728,206,100061,206,100740,100,100016,100,100767,100,99967,100,100828,100,99958,100,100834,100,99956,100,100841,100,99950,100,100916,100,99948,100
2019-06-28 10:07:40.000000000,100473,245,100295,745,100598,241,100284,241,100643,241,100143,241,100728,100,100061,100,100740,100,100016,100,100767,100,99967,100,100828,100,99958,100,100834,100,99956,100,100841,100,99950,100,100916,100,99948,100
2019-06-28 10:07:50.000000000,100473,526,100295,1026,100598,100,100284,100,100643,100,100143,100,100728,100,100061,100,100740,100,100016,100,100767,100,99967,100,100828,100,99958,100,100834,100,99956,100,100841,100,99950,100,100916,100,99948,100
2019-06-28 10:07:50.686660062,100473,526,100295,1026,100598,100,100284,100,100643,100,100143,100,100728,100,100061,100,100740,100,100016,100,100767,100,99967,100,100828,100,99958,100,100834,100,99956,100,100841,100,99950,100,100916,100,99948,100
2019-06-28 10:08:00.000000000,100473,206,100295,706,100598,206,100284,206,100643,206,100143,206,100728,206,100061,206,100740,100,100016,100,100767,100,99967,100,100828,100,99958,100,100834,100,99956,100,100841,100,99950,100,100916,100,99948,100
2019-06-28 10:08:04.810148912,100473,206,100295,706,100598,206,100284,206,100643,206,100143,206,100728,206,100061,206,100740,100,100016,100,100767,100,99967,100,100828,100,99958,100,100834,100,99956,100,100841,100,99950,100,100916,100,99948,100
2019-06-28 10:08:07.166436713,100473,106,100295,706,100598,206,100284,206,100643,206,100143,206,100728,206,100061,206,100740,100,100016,100,100767,100,99967,100,100828,100,99958,100,100834,100,99956,100,100841,100,99950,100,100916,100,99948,100
2019-06-28 10:08:09.627904586,100473,106,100295,706,100598,206,100284,206,100643,206,100143,206,100728,206,100061,206,100767,100,100016,100,100828,100,99967,100,100834,100,99958,100,100841,100,99956,100,100916,100,99950,100,100943,100,99948,100
2019-06-28 10:08:10.000000000,100598,313,100295,813,100643,313,100284,313,100728,100,100143,100,100767,100,100061,100,100828,100,100016,100,100834,100,99967,100,100841,100,99958,100,100916,100,99956,100,100943,100,99950,100,100976,100,99948,100
2019-06-28 10:08:20.000000000,100598,313,100295,813,100643,313,100284,313,100728,100,100143,100,100767,100,100061,100,100828,100,100016,100,100834,100,99967,100,100841,100,99958,100,100916,100,99956,100,100943,100,99950,100,100976,100,99948,100
2019-06-28 10:08:30.000000000,100598,245,100295,745,100643,241,100284,241,100728,241,100143,241,100767,100,100061,100,100828,100,100016,100,100834,100,99967,100,100841,100,99958,100,100916,100,99956,100,100943,100,99950,100,100976,100,99948,100
2019-06-28 10:08:40.000000000,100598,206,100295,706,100643,206,100284,206,100728,206,100143,206,100767,206,100061,206,100828,100,100016,100,100834,100,99967,100,100841,100,99958,100,100916,100,99956,100,100943,100,99950,100,100976,100,99948,100
2019-06-28 10:08:50.000000000,100598,185,100295,685,100643,185,100284,185,100728,185,100143,185,100767,185,100061,185,100828,185,100016,185,100834,100,99967,100,100841,100,99958,100,100916,100,99956,100,100943,100,99950,100,100976,100,99948,100
2019-06-28 10:08:54.180794842,100598,85,100295,685,100643,185,100284,185,100728,185,100143,185,100767,185,100061,185,100828,185,100016,185,100834,100,99967,100,100841,100,99958,100,100916,100,99956,100,100943,100,99950,100,100976,100,99948,100
2019-06-28 10:09:00.000000000,100643,185,100295,685,100728,185,100284,185,100767,185,100143,185,100828,185,100061,185,100834,185,100016,185,100841,100,99967,100,100916,100,99958,100,100943,100,99956,100,100976,100,99950,100,101017,100,99948,100
2019-06-28 10:09:08.166347235,100643,185,100295,685,100728,185,100284,185,100767,185,100143,185,100828,185,100061,185,100834,185,100016,185,100841,100,99967,100,100943,100,99958,100,100976,100,99956,100,101017,100,99950,100,101116,100,99948,100
2019-06-28 10:09:10.000000000,100643,245,100295,745,100728,241,100284,241,100767,241,100143,241,100828,100,100061,100,100834,100,100016,100,100841,100,99967,100,100943,100,99958,100,100976,100,99956,100,101017,100,99950,100,101116,100,99948,100
