,ask_price_1,ask_size_1,bid_price_1,bid_size_1,ask_price_2,ask_size_2,bid_price_2,bid_size_2,ask_price_3,ask_size_3,bid_price_3,bid_size_3,ask_price_4,ask_size_4,bid_price_4,bid_size_4,ask_price_5,ask_size_5,bid_price_5,bid_size_5,ask_price_6,ask_size_6,bid_price_6,bid_size_6,ask_price_7,ask_size_7,bid_price_7,bid_size_7,ask_price_8,ask_size_8,bid_price_8,bid_size_8,ask_price_9,ask_size_9,bid_price_9,bid_size_9,ask_price_10,ask_size_10,bid_price_10,bid_size_10
2019-06-28 09:30:00.000000000,,,99916,100,,,,,,,,,,,,,,,,,,,,,,,,,,,,,,,,,,,,
2019-06-28 09:30:00.000000001,100087,100,99916,100,,,,,,,,,,,,,,,,,,,,,,,,,,,,,,,,,,,,
2019-06-28 09:30:00.000000003,100087,100,99916,100,,,99899,100,,,,,,,,,,,,,,,,,,,,,,,,,,,,,,,,
2019-06-28 09:30:00.000000004,100087,100,99916,100,,,99899,100,,,99820,100,,,,,,,,,,,,,,,,,,,,,,,,,,,,
2019-06-28 09:30:00.000000006,100087,100,99916,100,,,99899,100,,,99855,100,,,99820,100,,,,,,,,,,,,,,,,,,,,,,,,
2019-06-28 09:30:00.000000009,100077,100,99916,100,100087,100,99899,100,,,99855,100,,,99820,100,,,,,,,,,,,,,,,,,,,,,,,,
2019-06-28 09:30:00.000000012,100016,100,99916,100,100077,100,99899,100,100087,100,99855,100,,,99820,100,,,,,,,,,,,,,,,,,,,,,,,,
2019-06-28 09:30:00.000000013,100077,100,99916,100,100087,100,99899,100,,,99873,100,,,99855,100,,,99820,100,,,,,,,,,,,,,,,,,,,,
2019-06-28 09:30:00.000000014,100087,100,99916,100,,,99906,100,,,99899,100,,,99873,100,,,99855,100,,,99820,100,,,,,,,,,,,,,,,,
2019-06-28 09:30:00.000000015,100076,100,99916,100,100087,100,99906,100,,,99899,100,,,99873,100,,,99855,100,,,99820,100,,,,,,,,,,,,,,,,
2019-06-28 09:30:00.000000016,100076,100,99916,100,100087,100,99906,100,,,99899,100,,,99878,100,,,99873,100,,,99855,100,,,99820,100,,,,,,,,,,,,
2019-06-28 09:30:00.000000017,100076,200,99916,100,100087,100,99906,100,,,99899,100,,,99878,100,,,99873,100,,,99855,100,,,99820,100,,,,,,,,,,,,
2019-06-28 09:30:00.000000018,100076,200,99916,100,100077,100,99906,100,100087,100,99899,100,,,99878,100,,,99873,100,,,99855,100,,,99820,100,,,,,,,,,,,,
2019-06-28 09:30:00.000000020,100076,200,100008,100,100077,100,99916,100,100087,100,99906,100,,,99899,100,,,99878,100,,,99873,100,,,99855,100,,,99820,100,,,,,,,,
2019-06-28 09:30:00.000000023,100076,200,100008,100,100077,100,99916,100,100087,100,99906,100,100224,100,99899,100,,,99878,100,,,99873,100,,,99855,100,,,99820,100,,,,,,,,
2019-06-28 09:30:00.000000024,100009,100,100008,100,100076,200,99916,100,100077,100,99906,100,100087,100,99899,100,100224,100,99878,100,,,99873,100,,,99855,100,,,99820,100,,,,,,,,
2019-06-28 09:30:00.000000025,100076,200,100008,100,100077,100,99916,100,100087,100,99906,100,100224,100,99899,100,,,99878,100,,,99873,100,,,99855,100,,,99820,100,,,,,,,,
2019-06-28 09:30:00.000000028,100076,200,100008,100,100077,100,99916,100,100087,100,99906,100,100190,100,99899,100,100224,100,99878,100,,,99873,100,,,99855,100,,,99820,100,,,,,,,,
2019-06-28 09:30:00.000000034,100076,200,100008,100,100077,100,99925,100,100087,100,99916,100,100104,100,99906,100,100190,100,99899,100,100224,100,99878,100,,,99873,100,,,99855,100,,,99820,100,,,,
2019-06-28 09:30:00.000000035,100076,200,100008,100,100077,100,99925,100,100087,100,99916,100,100104,100,99906,100,100190,100,99899,100,100224,100,99878,100,,,99873,100,,,99855,100,,,99837,100,,,99820,100
2019-06-28 09:30:00.000000036,100075,200,100008,100,100076,200,99925,100,100077,100,99916,100,100087,100,99906,100,100099,100,99899,100,100104,100,99878,100,100190,100,99873,100,100224,100,99855,100,,,99837,100,,,99820,100
2019-06-28 09:30:00.000000041,100075,200,100009,100,100076,200,100008,100,100077,100,99925,100,100087,100,99916,100,100099,100,99906,100,100104,100,99899,100,100190,100,99878,100,100224,100,99873,100,,,99855,100,,,99837,100
2019-06-28 09:30:00.000000042,100075,200,100009,200,100076,200,100008,100,100077,100,99925,100,100087,100,99916,100,100099,100,99906,100,100104,100,99899,100,100190,100,99878,100,100224,100,99873,100,,,99855,100,,,99837,100
2019-06-28 09:30:00.000000045,100018,100,100009,200,100075,200,100008,100,100076,200,99925,100,100077,100,99916,100,100087,100,99906,100,100099,100,99899,100,100104,100,99889,100,100190,100,99878,100,100224,100,99873,100,,,99855,100
2019-06-28 09:30:00.000000046,100018,100,100009,200,100075,400,100008,100,100076,200,99925,100,100077,100,99916,100,100085,100,99906,100,100087,100,99899,100,100099,100,99889,100,100104,100,99878,100,100190,100,99873,100,100224,100,99855,100
2019-06-28 09:30:00.000000049,100018,100,100009,200,100075,500,100008,100,100076,200,99925,100,100077,100,99916,100,100085,100,99906,100,100087,100,99899,100,100099,100,99889,100,100104,100,99878,100,100190,100,99873,100,100224,100,99855,100
2019-06-28 09:30:00.000000050,100018,100,100009,200,100075,500,100008,100,100076,200,99925,100,100077,100,99916,100,100085,100,99906,100,100087,100,99899,100,100099,200,99889,100,100104,100,99878,100,100190,100,99873,100,100224,100,99855,100
2019-06-28 09:30:00.000000051,100018,100,100009,200,100075,500,100008,100,100076,200,99925,100,100077,100,99916,100,100085,100,99906,100,100087,100,99899,100,100099,200,99889,100,100104,100,99878,200,100190,100,99873,100,100224,100,99855,100
2019-06-28 09:30:00.000000052,100018,100,100009,200,100075,500,100008,100,100076,200,99983,100,100077,100,99925,100,100085,100,99916,100,100087,100,99906,100,100099,200,99899,100,100104,100,99889,100,100190,100,99878,200,100224,100,99873,100
2019-06-28 09:30:00.000000055,100018,100,100009,200,100037,100,100008,100,100075,500,99983,100,100076,200,99925,100,100077,100,99916,100,100085,100,99906,100,100087,100,99899,100,100099,200,99889,100,100104,100,99878,200,100190,100,99873,100
2019-06-28 09:30:00.000000061,100018,100,100009,100,100037,100,100008,100,100075,500,99983,100,100076,200,99925,100,100077,100,99916,100,100085,100,99906,100,100087,100,99899,100,100099,200,99889,100,100104,100,99878,200,100190,100,99873,100
2019-06-28 09:30:00.000000062,100018,100,100009,100,100037,100,100008,100,100075,500,99983,100,100076,200,99925,100,100077,100,99916,100,100085,100,99906,100,100087,100,99899,100,100099,200,99889,100,100104,100,99878,200,100186,100,99873,100
2019-06-28 09:30:00.000000063,100037,100,100009,100,100075,500,100008,100,100076,200,99983,100,100077,100,99925,100,100085,100,99916,100,100087,100,99906,100,100099,200,99899,100,100104,100,99889,100,100140,100,99878,200,100186,100,99873,100
2019-06-28 09:30:00.000000066,100037,100,100009,100,100075,500,100008,100,100076,200,99983,100,100077,100,99925,100,100085,100,99916,100,100087,100,99906,100,100099,200,99899,100,100104,100,99889,100,100109,100,99878,200,100140,100,99873,100
2019-06-28 09:30:00.000000068,100037,100,100009,100,100059,100,100008,100,100075,500,99983,100,100076,200,99925,100,100077,100,99916,100,100085,100,99906,100,100087,100,99899,100,100099,200,99889,100,100104,100,99878,200,100109,100,99873,100
2019-06-28 09:30:00.000000070,100037,200,100009,100,100059,100,100008,100,100075,500,99983,100,100076,200,99925,100,100077,100,99916,100,100085,100,99906,100,100087,100,99899,100,100099,200,99889,100,100104,100,99878,200,100109,100,99873,100
2019-06-28 09:30:00.000000072,100037,200,100009,100,100059,100,100008,100,100075,500,99983,100,100076,200,99948,100,100077,100,99925,100,100085,100,99916,100,100087,100,99906,100,100099,200,99899,100,100104,100,99889,100,100109,100,99878,200
2019-06-28 09:30:00.000000073,100037,200,100009,100,100059,100,100008,100,100075,500,99983,100,100076,200,99948,100,100077,100,99925,100,100085,100,99916,100,100087,100,99906,100,100099,200,99899,100,100104,100,99889,100,100109,100,99878,200
2019-06-28 09:30:00.000000075,100037,200,100009,100,100059,100,100008,100,100075,500,99983,100,100076,200,99948,100,100077,100,99925,100,100085,100,99916,100,100087,100,99906,100,100094,100,99899,100,100099,200,99889,100,100104,100,99878,200
2019-06-28 09:30:00.000000077,100037,200,100009,100,100059,100,100008,100,100070,100,99983,100,100075,500,99948,100,100076,200,99925,100,100077,100,99923,100,100085,100,99916,100,100087,100,99906,100,100094,100,99899,100,100099,200,99889,100
2019-06-28 09:30:00.000000078,100037,200,100009,100,100059,100,100008,100,100070,100,99983,100,100075,500,99948,100,100076,200,99930,100,100077,100,99925,100,100085,100,99923,100,100087,100,99916,100,100094,100,99906,100,100099,200,99899,100
2019-06-28 09:30:00.000000079,100037,200,100009,100,100059,100,100008,100,100070,200,99983,100,100075,500,99948,100,100076,200,99930,100,100077,100,99925,100,100085,100,99923,100,100087,100,99916,100,100094,100,99906,100,100099,200,99899,100
2019-06-28 09:30:00.000000080,100037,200,100009,100,100059,100,100008,100,100070,200,99983,100,100075,500,99973,100,100076,200,99948,100,100077,100,99930,100,100085,100,99925,100,100087,100,99923,100,100094,100,99916,100,100099,200,99906,100
2019-06-28 09:30:00.000000081,100037,300,100009,100,100059,100,100008,100,100070,200,99983,100,100075,500,99973,100,100076,200,99948,100,100077,100,99930,100,100085,100,99925,100,100087,100,99923,100,100094,100,99916,100,100099,200,99906,100
2019-06-28 09:30:00.000000086,100035,100,100009,100,100037,300,100008,100,100059,100,99983,100,100070,200,99973,100,100075,500,99948,100,100076,200,99930,100,100077,100,99925,100,100085,100,99923,100,100087,100,99916,100,100094,100,99906,100
2019-06-28 09:30:00.000000087,100035,100,100009,100,100037,300,100008,100,100059,100,99983,100,100070,200,99973,100,100072,100,99948,100,100075,500,99946,100,100076,200,99930,100,100077,100,99925,100,100085,100,99923,100,100087,100,99916,100
2019-06-28 09:30:00.000000090,100035,100,100009,100,100037,500,100008,100,100059,100,99983,100,100070,200,99973,100,100072,100,99948,100,100075,500,99946,100,100076,200,99930,100,100077,100,99925,100,100085,100,99923,100,100087,100,99918,100
2019-06-28 09:30:00.000000095,100035,100,100008,100,100037,500,99983,100,100059,100,99973,100,100070,200,99948,100,100072,100,99946,100,100075,500,99930,100,100076,200,99925,100,100077,100,99923,100,100085,100,99918,100,100087,100,99916,100
2019-06-28 09:30:00.000000096,100035,100,100008,100,100037,500,99983,100,100059,100,99973,100,100070,200,99948,100,100072,100,99946,100,100075,500,99930,100,100076,200,99925,100,100077,100,99923,100,100085,100,99918,100,100087,100,99916,100
2019-06-28 09:30:00.000000097,100034,100,100008,100,100035,100,99983,100,100037,500,99973,100,100059,100,99948,100,100070,200,99946,100,100072,100,99930,100,100075,500,99927,100,100076,200,99925,100,100077,100,99923,100,100082,100,99918,100
2019-06-28 09:30:00.000000099,100024,100,100008,100,100034,100,99983,100,100035,100,99973,100,100037,500,99948,100,100059,100,99946,100,100070,200,99930,100,100072,100,99927,100,100075,500,99925,100,100076,200,99923,100,100077,100,99918,100
2019-06-28 09:30:01.783875869,100024,100,100008,100,100034,100,99983,100,100035,100,99973,100,100037,400,99948,100,100059,100,99946,100,100070,200,99930,100,100072,100,99927,100,100075,500,99925,100,100076,200,99923,100,100077,100,99918,100
2019-06-28 09:30:10.000000000,100024,167,100008,167,100034,167,99983,167,100035,167,99973,167,100037,467,99948,167,100059,167,99946,167,100070,200,99930,100,100072,100,99927,100,100075,500,99925,100,100076,200,99923,100,100077,100,99918,100
2019-06-28 09:30:17.460127445,100024,167,100008,67,100034,167,99983,167,100035,167,99973,167,100037,467,99948,167,100059,167,99946,167,100070,200,99930,100,100072,100,99927,100,100075,500,99925,100,100076,200,99923,100,100077,100,99918,100
2019-06-28 09:30:20.000000000,100024,214,99983,214,100034,210,99973,210,100035,210,99948,210,100037,400,99946,100,100059,100,99930,100,100070,200,99927,100,100072,100,99925,100,100075,500,99923,100,100076,200,99918,100,100077,100,99916,100
2019-06-28 09:30:30.000000000,100024,214,99983,214,100034,210,99973,210,100035,210,99948,210,100037,400,99946,100,100059,100,99930,100,100070,200,99927,100,100072,100,99925,100,100075,500,99923,100,100076,200,99918,100,100077,100,99916,100
2019-06-28 09:30:39.393186162,100024,214,99983,214,100034,210,99973,210,100035,210,99948,210,100037,400,99946,100,100059,100,99930,100,100070,200,99927,100,100072,100,99925,100,100075,400,99923,100,100076,200,99918,100,100077,100,99916,100
2019-06-28 09:30:40.000000000,100024,267,99983,267,100034,267,99973,267,100035,100,99948,100,100037,400,99946,100,100059,100,99930,100,100070,200,99927,100,100072,100,99925,100,100075,400,99923,100,100076,200,99918,100,100077,100,99916,100
2019-06-28 09:30:40.459271418,100024,267,99983,267,100034,267,99973,267,100035,100,99948,100,100037,400,99946,100,100059,100,99930,100,100070,200,99927,100,100072,100,99926,100,100075,400,99925,100,100076,200,99923,100,100077,100,99918,100
2019-06-28 09:30:42.083342160,100024,267,99983,167,100034,267,99973,267,100035,100,99948,100,100037,400,99946,100,100059,100,99930,100,100070,200,99927,100,100072,100,99926,100,100075,400,99925,100,100076,200,99923,100,100077,100,99918,100
2019-06-28 09:30:50.000000000,100024,184,99973,184,100034,184,99948,184,100035,184,99946,184,100037,484,99930,184,100059,100,99927,100,100070,200,99926,100,100072,100,99925,100,100075,400,99923,100,100076,200,99918,100,100077,100,99916,100
2019-06-28 09:30:56.886591086,100024,184,99973,184,100034,184,99948,184,100035,184,99946,184,100037,484,99930,184,100059,100,99927,100,100063,100,99926,100,100070,200,99925,100,100072,100,99923,100,100075,400,99918,100,100076,200,99916,100
2019-06-28 09:31:00.000000000,100024,434,99973,434,100034,100,99948,100,100035,100,99946,100,100037,400,99930,100,100059,100,99927,100,100063,100,99926,100,100070,200,99925,100,100072,100,99923,100,100075,400,99918,100,100076,200,99916,100
2019-06-28 09:31:10.000000000,100024,184,99973,184,100034,184,99948,184,100035,184,99946,184,100037,484,99930,184,100059,100,99927,100,100063,100,99926,100,100070,200,99925,100,100072,100,99923,100,100075,400,99918,100,100076,200,99916,100
2019-06-28 09:31:20.000000000,100024,167,99973,167,100034,167,99948,167,100035,167,99946,167,100037,467,99930,167,100059,167,99927,167,100063,100,99926,100,100070,200,99925,100,100072,100,99923,100,100075,400,99918,100,100076,200,99916,100
2019-06-28 09:31:30.000000000,100024,434,99973,434,100034,100,99948,100,100035,100,99946,100,100037,400,99930,100,100059,100,99927,100,100063,100,99926,100,100070,200,99925,100,100072,100,99923,100,100075,400,99918,100,100076,200,99916,100
2019-06-28 09:31:40.000000000,100024,434,99973,434,100034,100,99948,100,100035,100,99946,100,100037,400,99930,100,100059,100,99927,100,100063,100,99926,100,100070,200,99925,100,100072,100,99923,100,100075,400,99918,100,100076,200,99916,100
2019-06-28 09:31:40.071442632,100024,434,99973,434,100034,100,99948,100,100035,100,99946,100,100037,400,99930,100,100059,100,99927,100,100063,100,99926,100,100070,200,99923,100,100072,100,99918,100,100075,400,99916,100,100076,200,99899,100
2019-06-28 09:31:50.000000000,100024,214,99973,214,100034,210,99948,210,100035,210,99946,210,100037,400,99930,100,100059,100,99927,100,100063,100,99926,100,100070,200,99923,100,100072,100,99918,100,100075,400,99916,100,100076,200,99899,100
2019-06-28 09:31:55.662721381,100024,114,99973,214,100034,210,99948,210,100035,210,99946,210,100037,400,99930,100,100059,100,99927,100,100063,100,99926,100,100070,200,99923,100,100072,100,99918,100,100075,400,99916,100,100076,200,99899,100
2019-06-28 09:32:00.000000000,100034,267,99973,267,100035,267,99948,267,100037,400,99946,100,100059,100,99930,100,100063,100,99927,100,100070,200,99926,100,100072,100,99923,100,100075,400,99918,100,100076,200,99916,100,100077,100,99899,100
2019-06-28 09:32:10.000000000,100034,267,99973,267,100035,267,99948,267,100037,400,99946,100,100059,100,99930,100,100063,100,99927,100,100070,200,99926,100,100072,100,99923,100,100075,400,99918,100,100076,200,99916,100,100077,100,99899,100
2019-06-28 09:32:20.000000000,100034,214,99973,214,100035,210,99948,210,100037,510,99946,210,100059,100,99930,100,100063,100,99927,100,100070,200,99926,100,100072,100,99923,100,100075,400,99918,100,100076,200,99916,100,100077,100,99899,100
2019-06-28 09:32:30.000000000,100034,167,99973,167,100035,167,99948,167,100037,467,99946,167,100059,167,99930,167,100063,167,99927,167,100070,200,99926,100,100072,100,99923,100,100075,400,99918,100,100076,200,99916,100,100077,100,99899,100
2019-06-28 09:32:40.000000000,100034,167,99973,167,100035,167,99948,167,100037,467,99946,167,100059,167,99930,167,100063,167,99927,167,100070,200,99926,100,100072,100,99923,100,100075,400,99918,100,100076,200,99916,100,100077,100,99899,100
2019-06-28 09:32:43.455363230,100034,167,99984,100,100035,167,99973,167,100037,467,99948,167,100059,167,99946,167,100063,167,99930,167,100070,200,99927,167,100072,100,99926,100,100075,400,99923,100,100076,200,99918,100,100077,100,99916,100
2019-06-28 09:32:50.000000000,100034,434,99984,434,100035,100,99973,100,100037,400,99948,100,100059,100,99946,100,100063,100,99930,100,100070,200,99927,100,100072,100,99926,100,100075,400,99923,100,100076,200,99918,100,100077,100,99916,100
2019-06-28 09:33:00.000000000,100034,184,99984,184,100035,184,99973,184,100037,484,99948,184,100059,184,99946,184,100063,100,99930,100,100070,200,99927,100,100072,100,99926,100,100075,400,99923,100,100076,200,99918,100,100077,100,99916,100
2019-06-28 09:33:10.000000000,100034,167,99984,167,100035,167,99973,167,100037,467,99948,167,100059,167,99946,167,100063,167,99930,167,100070,200,99927,100,100072,100,99926,100,100075,400,99923,100,100076,200,99918,100,100077,100,99916,100
2019-06-28 09:33:20.000000000,100034,434,99984,434,100035,100,99973,100,100037,400,99948,100,100059,100,99946,100,100063,100,99930,100,100070,200,99927,100,100072,100,99926,100,100075,400,99923,100,100076,200,99918,100,100077,100,99916,100
2019-06-28 09:33:25.414819540,100034,434,99984,534,100035,100,99973,100,100037,300,99948,100,100059,100,99946,100,100063,100,99930,100,100070,200,99927,100,100072,100,99926,100,100075,400,99923,100,100076,200,99918,100,100077,100,99916,100
2019-06-28 09:33:26.415971228,100034,434,99984,534,100035,100,99973,100,100037,300,99946,100,100059,100,99930,100,100063,100,99927,100,100070,200,99926,100,100072,100,99923,100,100075,400,99918,100,100076,200,99916,100,100077,100,99899,100
2019-06-28 09:33:27.298184755,100034,434,99984,534,100035,100,99946,100,100037,300,99930,100,100059,100,99927,100,100063,100,99926,100,100070,200,99923,100,100072,100,99918,100,100075,400,99916,100,100076,200,99899,100,100077,100,99889,100
2019-06-28 09:33:30.000000000,100034,267,99984,367,100035,267,99946,267,100037,300,99930,100,100059,100,99927,100,100063,100,99926,100,100070,200,99923,100,100072,100,99918,100,100075,400,99916,100,100076,200,99899,100,100077,100,99889,100
2019-06-28 09:33:40.000000000,100034,434,99984,534,100035,100,99946,100,100037,300,99930,100,100059,100,99927,100,100063,100,99926,100,100070,200,99923,100,100072,100,99918,100,100075,400,99916,100,100076,200,99899,100,100077,100,99889,100
2019-06-28 09:33:50.000000000,100034,434,99984,534,100035,100,99946,100,100037,300,99930,100,100059,100,99927,100,100063,100,99926,100,100070,200,99923,100,100072,100,99918,100,100075,400,99916,100,100076,200,99899,100,100077,100,99889,100
2019-06-28 09:33:56.368866139,100034,434,99984,534,100035,100,99946,100,100037,300,99930,100,100059,100,99927,100,100063,100,99926,100,100070,200,99923,100,100072,100,99918,100,100075,300,99916,100,100076,200,99899,100,100077,100,99889,100
2019-06-28 09:34:00.000000000,100034,167,99984,267,100035,167,99946,167,100037,367,99930,167,100059,167,99927,167,100063,167,99926,167,100070,200,99923,100,100072,100,99918,100,100075,300,99916,100,100076,200,99899,100,100077,100,99889,100
2019-06-28 09:34:08.754144287,100034,167,99984,267,100035,167,99946,167,100037,367,99930,167,100059,167,99927,167,100063,167,99926,167,100070,200,99923,100,100072,100,99918,100,100075,200,99916,100,100076,200,99899,100,100077,100,99889,100
2019-06-28 09:34:09.227256692,100034,167,99984,267,100035,167,99946,167,100037,367,99930,167,100059,167,99927,167,100063,167,99926,167,100070,200,99923,100,100072,100,99918,100,100075,200,99916,100,100076,200,99899,100,100077,100,99889,100
2019-06-28 09:34:10.000000000,100034,214,99984,314,100035,210,99946,210,100037,410,99930,210,100059,100,99927,100,100063,100,99926,100,100070,200,99923,100,100072,100,99918,100,100075,200,99916,100,100076,200,99899,100,100077,100,99889,100
2019-06-28 09:34:11.683058987,100034,114,99984,314,100035,210,99946,110,100037,410,99930,210,100059,100,99927,100,100063,100,99926,100,100070,200,99923,100,100072,100,99918,100,100075,200,99916,100,100076,200,99899,100,100077,100,99889,100
2019-06-28 09:34:20.000000000,100035,434,99984,534,100037,300,99930,100,100059,100,99927,100,100063,100,99926,100,100070,200,99923,100,100072,100,99918,100,100075,200,99916,100,100076,200,99899,100,100077,100,99889,100,100082,100,99878,100
2019-06-28 09:34:30.000000000,100035,184,99984,284,100037,384,99930,184,100059,184,99927,184,100063,184,99926,184,100070,200,99923,100,100072,100,99918,100,100075,200,99916,100,100076,200,99899,100,100077,100,99889,100,100082,100,99878,100
2019-06-28 09:34:30.204451432,100035,184,99984,284,100037,384,99930,184,100059,184,99927,184,100063,184,99926,184,100070,200,99923,100,100072,100,99918,100,100075,200,99916,100,100076,200,99899,100,100077,100,99889,100,100082,100,99878,100
2019-06-28 09:34:38.972522792,100035,184,100024,100,100037,384,99984,284,100059,184,99930,184,100063,184,99927,184,100070,200,99926,184,100072,100,99923,100,100075,200,99918,100,100076,200,99916,100,100077,100,99899,100,100082,100,99889,100
2019-06-28 09:34:40.000000000,100035,434,100024,434,100037,300,99984,200,100059,100,99930,100,100063,100,99927,100,100070,200,99926,100,100072,100,99923,100,100075,200,99918,100,100076,200,99916,100,100077,100,99899,100,100082,100,99889,100
2019-06-28 09:34:50.000000000,100035,184,100024,184,100037,384,99984,284,100059,184,99930,184,100063,184,99927,184,100070,200,99926,100,100072,100,99923,100,100075,200,99918,100,100076,200,99916,100,100077,100,99899,100,100082,100,99889,100
2019-06-28 09:34:53.988458443,100035,184,100024,184,100037,384,99984,284,100059,184,99930,184,100063,184,99927,184,100070,200,99926,100,100072,100,99923,100,100075,200,99918,100,100076,200,99899,100,100077,100,99889,100,100082,100,99878,100
2019-06-28 09:34:58.979615236,100035,184,100024,184,100037,384,99984,284,100059,184,99930,184,100063,184,99927,184,100070,200,99926,100,100072,100,99923,100,100075,200,99918,100,100076,200,99899,100,100077,100,99889,100,100082,100,99878,100
2019-06-28 09:35:00.000000000,100035,214,100024,214,100037,410,99984,310,100059,210,99930,210,100063,100,99927,100,100070,200,99926,100,100072,100,99923,100,100075,200,99918,100,100076,200,99899,100,100077,100,99889,100,100082,100,99878,100
2019-06-28 09:35:10.000000000,100035,267,100024,267,100037,467,99984,367,100059,100,99930,100,100063,100,99927,100,100070,200,99926,100,100072,100,99923,100,100075,200,99918,100,100076,200,99899,100,100077,100,99889,100,100082,100,99878,100
2019-06-28 09:35:20.000000000,100035,167,100024,167,100037,367,99984,267,100059,167,99930,167,100063,167,99927,167,100070,267,99926,167,100072,100,99923,100,100075,200,99918,100,100076,200,99899,100,100077,100,99889,100,100082,100,99878,100
2019-06-28 09:35:30.000000000,100035,184,100024,184,100037,384,99984,284,100059,184,99930,184,100063,184,99927,184,100070,200,99926,100,100072,100,99923,100,100075,200,99918,100,100076,200,99899,100,100077,100,99889,100,100082,100,99878,100
2019-06-28 09:35:40.000000000,100035,167,100024,167,100037,367,99984,267,100059,167,99930,167,100063,167,99927,167,100070,267,99926,167,100072,100,99923,100,100075,200,99918,100,100076,200,99899,100,100077,100,99889,100,100082,100,99878,100
2019-06-28 09:35:40.674806960,100035,67,100024,167,100037,367,99984,267,100059,167,99930,167,100063,167,99927,167,100070,267,99926,167,100072,100,99923,100,100075,200,99918,100,100076,200,99899,100,100077,100,99889,100,100082,100,99878,100
2019-06-28 09:35:50.000000000,100037,634,100024,434,100059,100,99984,200,100063,100,99930,100,100070,200,99927,100,100072,100,99926,100,100075,200,99923,100,100076,200,99918,100,100077,100,99899,100,100082,100,99889,100,100085,100,99878,100
2019-06-28 09:35:51.410580374,100037,634,100024,534,100059,100,99984,200,100063,100,99930,100,100070,200,99927,100,100072,100,99926,100,100075,200,99923,100,100076,200,99918,100,100077,100,99899,100,100082,100,99889,100,100085,100,99878,100
2019-06-28 09:36:00.000000000,100037,367,100024,267,100059,167,99984,267,100063,167,99930,167,100070,267,99927,167,100072,167,99926,167,100075,200,99923,100,100076,200,99918,100,100077,100,99899,100,100082,100,99889,100,100085,100,99878,100
2019-06-28 09:36:04.718774514,100037,267,100024,267,100059,167,99984,267,100063,167,99930,167,100070,267,99927,167,100072,167,99926,167,100075,200,99923,100,100076,200,99918,100,100077,100,99899,100,100082,100,99889,100,100085,100,99878,100
2019-06-28 09:36:10.000000000,100037,367,100024,367,100059,267,99984,367,100063,100,99930,100,100070,200,99927,100,100072,100,99926,100,100075,200,99923,100,100076,200,99918,100,100077,100,99899,100,100082,100,99889,100,100085,100,99878,100
2019-06-28 09:36:20.000000000,100037,267,100024,267,100059,167,99984,267,100063,167,99930,167,100070,267,99927,167,100072,167,99926,167,100075,200,99923,100,100076,200,99918,100,100077,100,99899,100,100082,100,99889,100,100085,100,99878,100
2019-06-28 09:36:25.557057690,100037,267,100034,100,100059,167,100024,267,100063,167,99984,267,100070,267,99930,167,100072,167,99927,167,100075,200,99926,167,100076,200,99923,100,100077,100,99918,100,100082,100,99899,100,100085,100,99889,100
2019-06-28 09:36:26.498965645,100037,267,100034,200,100059,167,100024,267,100063,167,99984,267,100070,267,99930,167,100072,167,99927,167,100075,200,99926,167,100076,200,99923,100,100077,100,99918,100,100082,100,99899,100,100085,100,99889,100
2019-06-28 09:36:27.422386279,100037,167,100034,200,100059,67,100024,267,100063,167,99984,267,100070,267,99930,167,100072,167,99927,167,100075,200,99926,167,100076,200,99923,100,100077,100,99918,100,100082,100,99899,100,100085,100,99889,100
2019-06-28 09:36:30.000000000,100037,267,100034,367,100063,267,100024,367,100070,200,99984,200,100072,100,99930,100,100075,200,99927,100,100076,200,99926,100,100077,100,99923,100,100082,100,99918,100,100085,100,99899,100,100087,100,99889,100
2019-06-28 09:36:36.659308427,100037,167,100034,367,100063,267,100024,367,100070,200,99984,200,100072,100,99930,100,100075,200,99927,100,100076,200,99926,100,100077,100,99923,100,100082,100,99918,100,100085,100,99899,100,100087,100,99889,100
2019-06-28 09:36:36.720514005,100037,167,100034,367,100063,267,100024,367,100070,200,99984,200,100072,100,99930,100,100075,200,99927,100,100076,100,99926,100,100077,100,99923,100,100082,100,99918,100,100085,100,99899,100,100087,100,99889,100
2019-06-28 09:36:40.000000000,100063,267,100034,367,100070,367,100024,367,100072,100,99984,200,100075,200,99930,100,100076,100,99927,100,100077,100,99926,100,100082,100,99923,100,100085,100,99918,100,100087,100,99899,100,100094,100,99889,100
2019-06-28 09:36:46.106023478,100063,267,100034,367,100070,367,100024,367,100072,100,99984,200,100075,200,99930,100,100076,100,99927,100,100077,100,99926,100,100082,100,99923,100,100085,100,99918,100,100094,100,99899,100,100099,200,99889,100
2019-06-28 09:36:50.000000000,100063,184,100034,284,100070,284,100024,284,100072,184,99984,284,100075,284,99930,184,100076,100,99927,100,100077,100,99926,100,100082,100,99923,100,100085,100,99918,100,100094,100,99899,100,100099,200,99889,100
2019-06-28 09:37:00.000000000,100063,267,100034,367,100070,367,100024,367,100072,100,99984,200,100075,200,99930,100,100076,100,99927,100,100077,100,99926,100,100082,100,99923,100,100085,100,99918,100,100094,100,99899,100,100099,200,99889,100
2019-06-28 09:37:07.372986203,100063,267,100037,100,100070,367,100034,367,100072,100,100024,367,100075,200,99984,200,100076,100,99930,100,100077,100,99927,100,100082,100,99926,100,100085,100,99923,100,100094,100,99918,100,100099,200,99899,100
2019-06-28 09:37:10.000000000,100063,267,100037,267,100070,367,100034,367,100072,100,100024,200,100075,200,99984,200,100076,100,99930,100,100077,100,99927,100,100082,100,99926,100,100085,100,99923,100,100094,100,99918,100,100099,200,99899,100
2019-06-28 09:37:12.680352975,100063,167,100037,267,100070,267,100034,367,100072,100,100024,200,100075,200,99984,200,100076,100,99930,100,100077,100,99927,100,100082,100,99926,100,100085,100,99923,100,100094,100,99918,100,100099,200,99899,100
2019-06-28 09:37:20.000000000,100070,434,100037,434,100072,100,100034,200,100075,200,100024,200,100076,100,99984,200,100077,100,99930,100,100082,100,99927,100,100085,100,99926,100,100094,100,99923,100,100099,200,99918,100,100104,100,99899,100
2019-06-28 09:37:24.058034733,100070,334,100037,434,100072,100,100034,200,100075,200,100024,200,100076,100,99984,200,100077,100,99930,100,100082,100,99926,100,100085,100,99923,100,100094,100,99918,100,100099,200,99899,100,100104,100,99889,100
2019-06-28 09:37:30.000000000,100072,267,100037,267,100075,367,100034,367,100076,100,100024,200,100077,100,99984,200,100082,100,99930,100,100085,100,99926,100,100094,100,99923,100,100099,200,99918,100,100104,100,99899,100,100109,100,99889,100
2019-06-28 09:37:31.474744442,100072,267,100037,267,100075,367,100034,267,100076,100,100024,200,100077,100,99984,200,100082,100,99930,100,100085,100,99926,100,100094,100,99923,100,100099,200,99918,100,100104,100,99899,100,100109,100,99889,100
2019-06-28 09:37:31.747269500,100072,267,100063,100,100075,367,100037,267,100076,100,100034,267,100077,100,100024,200,100082,100,99984,200,100085,100,99930,100,100094,100,99926,100,100099,200,99923,100,100104,100,99918,100,100109,100,99899,100
2019-06-28 09:37:37.349946012,100072,267,100063,200,100075,367,100037,267,100076,100,100034,267,100077,100,100024,200,100082,100,99984,100,100085,100,99930,100,100094,100,99926,100,100099,200,99923,100,100104,100,99918,100,100109,100,99899,100
2019-06-28 09:37:40.000000000,100072,434,100063,534,100075,200,100037,100,100076,100,100034,100,100077,100,100024,200,100082,100,99984,100,100085,100,99930,100,100094,100,99926,100,100099,200,99923,100,100104,100,99918,100,100109,100,99899,100
2019-06-28 09:37:50.000000000,100072,267,100063,367,100075,367,100037,267,100076,100,100034,100,100077,100,100024,200,100082,100,99984,100,100085,100,99930,100,100094,100,99926,100,100099,200,99923,100,100104,100,99918,100,100109,100,99899,100
2019-06-28 09:37:50.440837459,100072,267,100063,367,100075,367,100037,267,100076,100,100034,100,100077,100,100024,200,100082,100,99984,100,100085,100,99930,100,100094,100,99926,100,100099,200,99923,100,100104,100,99918,100,100109,100,99899,100
2019-06-28 09:38:00.000000000,100072,267,100063,367,100075,367,100037,267,100076,100,100034,100,100077,100,100024,200,100082,100,99984,100,100085,100,99930,100,100094,100,99926,100,100099,200,99923,100,100104,100,99918,100,100109,100,99899,100
2019-06-28 09:38:01.829770999,100072,267,100063,367,100075,367,100037,267,100076,100,100024,200,100077,100,99984,100,100082,100,99930,100,100085,100,99926,100,100094,100,99923,100,100099,200,99918,100,100104,100,99899,100,100109,100,99889,100
2019-06-28 09:38:02.113116147,100072,267,100063,367,100075,367,100037,267,100076,100,100024,200,100077,100,99984,100,100082,100,99930,100,100085,100,99926,100,100094,100,99923,100,100099,200,99918,100,100104,100,99899,100,100109,100,99889,100
2019-06-28 09:38:06.385887549,100072,267,100063,367,100075,367,100037,267,100076,100,100024,200,100077,100,99984,100,100082,100,99930,100,100085,100,99926,100,100094,100,99918,100,100099,200,99899,100,100104,100,99889,100,100109,100,99878,100
2019-06-28 09:38:10.000000000,100072,167,100063,267,100075,267,100037,167,100076,167,100024,267,100077,167,99984,167,100082,167,99930,167,100085,100,99926,100,100094,100,99918,100,100099,200,99899,100,100104,100,99889,100,100109,100,99878,100
2019-06-28 09:38:14.387671540,100072,167,100063,267,100075,267,100037,167,100076,167,100024,267,100077,167,99984,167,100082,167,99930,167,100085,100,99926,100,100094,100,99918,100,100099,200,99899,100,100104,100,99889,100,100109,100,99878,100
2019-06-28 09:38:20.000000000,100072,184,100063,284,100075,284,100037,184,100076,184,100024,284,100077,184,99984,184,100082,100,99930,100,100085,100,99926,100,100094,100,99918,100,100099,200,99899,100,100104,100,99889,100,100109,100,99878,100
2019-06-28 09:38:30.000000000,100072,434,100063,534,100075,200,100037,100,100076,100,100024,200,100077,100,99984,100,100082,100,99930,100,100085,100,99926,100,100094,100,99918,100,100099,200,99899,100,100104,100,99889,100,100109,100,99878,100
2019-06-28 09:38:30.837547096,100072,334,100063,534,100075,200,100037,100,100076,100,100024,200,100077,100,99984,100,100082,100,99930,100,100085,100,99926,100,100094,100,99918,100,100099,200,99899,100,100104,100,99889,100,100109,100,99878,100
2019-06-28 09:38:37.362764205,100072,334,100063,534,100075,200,100037,100,100076,100,100024,200,100077,100,99984,100,100082,100,99930,100,100085,100,99926,100,100094,100,99918,100,100099,200,99899,100,100104,100,99889,100,100109,100,99878,100
2019-06-28 09:38:39.387744344,100072,234,100063,534,100075,200,100037,100,100076,100,100024,200,100077,100,99984,100,100082,100,99930,100,100085,100,99926,100,100094,100,99918,100,100099,200,99899,100,100104,100,99889,100,100109,100,99878,100
2019-06-28 09:38:40.000000000,100075,267,100063,267,100076,167,100037,167,100077,167,100024,267,100082,167,99984,167,100085,167,99930,167,100094,100,99926,100,100099,200,99918,100,100104,100,99899,100,100109,100,99889,100,100140,100,99878,100
2019-06-28 09:38:50.000000000,100075,284,100063,284,100076,184,100037,184,100077,184,100024,284,100082,184,99984,184,100085,100,99930,100,100094,100,99926,100,100099,200,99918,100,100104,100,99899,100,100109,100,99889,100,100140,100,99878,100
2019-06-28 09:39:00.000000000,100075,284,100063,284,100076,184,100037,184,100077,184,100024,284,100082,184,99984,184,100085,100,99930,100,100094,100,99926,100,100099,200,99918,100,100104,100,99899,100,100109,100,99889,100,100140,100,99878,100
2019-06-28 09:39:10.000000000,100075,534,100063,534,100076,100,100037,100,100077,100,100024,200,100082,100,99984,100,100085,100,99930,100,100094,100,99926,100,100099,200,99918,100,100104,100,99899,100,100109,100,99889,100,100140,100,99878,100
2019-06-28 09:39:12.468850803,100075,434,100063,534,100076,100,100037,100,100077,100,100024,200,100082,100,99984,100,100085,100,99930,100,100094,100,99926,100,100099,200,99918,100,100104,100,99899,100,100109,100,99889,100,100140,100,99878,100
2019-06-28 09:39:20.000000000,100075,434,100063,534,100076,100,100037,100,100077,100,100024,200,100082,100,99984,100,100085,100,99930,100,100094,100,99926,100,100099,200,99918,100,100104,100,99899,100,100109,100,99889,100,100140,100,99878,100
2019-06-28 09:39:30.000000000,100075,214,100063,314,100076,210,100037,210,100077,210,100024,310,100082,100,99984,100,100085,100,99930,100,100094,100,99926,100,100099,200,99918,100,100104,100,99899,100,100109,100,99889,100,100140,100,99878,100
2019-06-28 09:39:40.000000000,100075,167,100063,267,100076,167,100037,167,100077,167,100024,267,100082,167,99984,167,100085,167,99930,167,100094,100,99926,100,100099,200,99918,100,100104,100,99899,100,100109,100,99889,100,100140,100,99878,100
2019-06-28 09:39:45.450922299,100075,167,100063,267,100076,167,100037,167,100077,167,100024,267,100082,167,99984,167,100085,167,99930,167,100094,100,99926,100,100099,200,99918,100,100104,100,99899,100,100109,100,99889,100,100140,100,99878,100
2019-06-28 09:39:50.000000000,100075,214,100063,314,100076,210,100037,210,100077,210,100024,310,100082,100,99984,100,100085,100,99930,100,100094,100,99926,100,100099,200,99918,100,100104,100,99899,100,100109,100,99889,100,100140,100,99878,100
2019-06-28 09:40:00.000000000,100075,184,100063,284,100076,184,100037,184,100077,184,100024,284,100082,184,99984,184,100085,100,99930,100,100094,100,99926,100,100099,200,99918,100,100104,100,99899,100,100109,100,99889,100,100140,100,99878,100
2019-06-28 09:40:09.862225031,100075,184,100072,100,100076,184,100063,284,100077,184,100037,184,100082,184,100024,284,100085,100,99984,184,100094,100,99930,100,100099,200,99926,100,100104,100,99918,100,100109,100,99899,100,100140,100,99889,100
2019-06-28 09:40:10.000000000,100075,434,100072,434,100076,100,100063,200,100077,100,100037,100,100082,100,100024,200,100085,100,99984,100,100094,100,99930,100,100099,200,99926,100,100104,100,99918,100,100109,100,99899,100,100140,100,99889,100
2019-06-28 09:40:20.000000000,100075,184,100072,184,100076,184,100063,284,100077,184,100037,184,100082,184,100024,284,100085,100,99984,100,100094,100,99930,100,100099,200,99926,100,100104,100,99918,100,100109,100,99899,100,100140,100,99889,100
2019-06-28 09:40:30.000000000,100075,434,100072,434,100076,100,100063,200,100077,100,100037,100,100082,100,100024,200,100085,100,99984,100,100094,100,99930,100,100099,200,99926,100,100104,100,99918,100,100109,100,99899,100,100140,100,99889,100
2019-06-28 09:40:40.000000000,100075,167,100072,167,100076,167,100063,267,100077,167,100037,167,100082,167,100024,267,100085,167,99984,167,100094,100,99930,100,100099,200,99926,100,100104,100,99918,100,100109,100,99899,100,100140,100,99889,100
2019-06-28 09:40:50.000000000,100075,167,100072,167,100076,167,100063,267,100077,167,100037,167,100082,167,100024,267,100085,167,99984,167,100094,100,99930,100,100099,200,99926,100,100104,100,99918,100,100109,100,99899,100,100140,100,99889,100
2019-06-28 09:41:00.000000000,100075,184,100072,184,100076,184,100063,284,100077,184,100037,184,100082,184,100024,284,100085,100,99984,100,100094,100,99930,100,100099,200,99926,100,100104,100,99918,100,100109,100,99899,100,100140,100,99889,100
2019-06-28 09:41:10.000000000,100075,167,100072,167,100076,167,100063,267,100077,167,100037,167,100082,167,100024,267,100085,167,99984,167,100094,100,99930,100,100099,200,99926,100,100104,100,99918,100,100109,100,99899,100,100140,100,99889,100
2019-06-28 09:41:11.922824143,100075,67,100072,167,100076,167,100063,267,100077,167,100037,167,100082,167,100024,267,100085,167,99984,167,100094,100,99930,100,100099,200,99926,100,100104,100,99918,100,100109,100,99899,100,100140,100,99889,100
2019-06-28 09:41:20.000000000,100076,267,100072,267,100077,267,100063,367,100082,100,100037,100,100085,100,100024,200,100094,100,99984,100,100099,200,99930,100,100104,100,99926,100,100109,100,99918,100,100140,100,99899,100,100186,100,99889,100
2019-06-28 09:41:30.000000000,100076,167,100072,167,100077,167,100063,267,100082,167,100037,167,100085,167,100024,267,100094,167,99984,167,100099,200,99930,100,100104,100,99926,100,100109,100,99918,100,100140,100,99899,100,100186,100,99889,100
2019-06-28 09:41:35.104143523,100076,167,100072,167,100077,167,100063,267,100082,167,100037,167,100085,167,100024,267,100094,167,99984,167,100099,200,99930,100,100109,100,99926,100,100140,100,99918,100,100186,100,99899,100,100190,100,99889,100
2019-06-28 09:41:40.000000000,100076,214,100072,214,100077,210,100063,310,100082,210,100037,210,100085,100,100024,200,100094,100,99984,100,100099,200,99930,100,100109,100,99926,100,100140,100,99918,100,100186,100,99899,100,100190,100,99889,100
2019-06-28 09:41:41.459768108,100076,214,100075,100,100077,210,100072,214,100082,210,100063,310,100085,100,100037,210,100094,100,100024,200,100099,200,99984,100,100109,100,99930,100,100140,100,99926,100,100186,100,99918,100,100190,100,99899,100
2019-06-28 09:41:50.000000000,100076,267,100075,267,100077,267,100072,267,100082,100,100063,200,100085,100,100037,100,100094,100,100024,200,100099,200,99984,100,100109,100,99930,100,100140,100,99926,100,100186,100,99918,100,100190,100,99899,100
2019-06-28 09:42:00.000000000,100076,434,100075,434,100077,100,100072,100,100082,100,100063,200,100085,100,100037,100,100094,100,100024,200,100099,200,99984,100,100109,100,99930,100,100140,100,99926,100,100186,100,99918,100,100190,100,99899,100
2019-06-28 09:42:06.283889713,100076,434,100075,434,100077,100,100072,100,100082,100,100063,200,100085,100,100037,100,100094,100,100024,200,100099,200,99984,100,100109,100,99930,100,100140,100,99926,100,100186,100,99918,100,100190,100,99899,100
2019-06-28 09:42:10.000000000,100076,167,100075,167,100077,167,100072,167,100082,167,100063,267,100085,167,100037,167,100094,167,100024,267,100099,200,99984,100,100109,100,99930,100,100140,100,99926,100,100186,100,99918,100,100190,100,99899,100
2019-06-28 09:42:13.385569800,100076,167,100075,267,100077,167,100072,167,100082,167,100063,267,100085,167,100037,167,100094,167,100024,267,100099,200,99984,100,100109,100,99930,100,100140,100,99926,100,100186,100,99918,100,100190,100,99899,100
2019-06-28 09:42:20.000000000,100076,214,100075,314,100077,210,100072,210,100082,210,100063,310,100085,100,100037,100,100094,100,100024,200,100099,200,99984,100,100109,100,99930,100,100140,100,99926,100,100186,100,99918,100,100190,100,99899,100
2019-06-28 09:42:30.000000000,100076,434,100075,534,100077,100,100072,100,100082,100,100063,200,100085,100,100037,100,100094,100,100024,200,100099,200,99984,100,100109,100,99930,100,100140,100,99926,100,100186,100,99918,100,100190,100,99899,100
2019-06-28 09:42:30.298225294,100076,434,100075,534,100077,100,100072,100,100082,100,100063,200,100085,100,100037,100,100094,100,100024,200,100099,200,99984,100,100109,100,99930,100,100140,100,99926,100,100186,100,99918,100,100190,100,99899,100
2019-06-28 09:42:40.000000000,100076,167,100075,267,100077,167,100072,167,100082,167,100063,267,100085,167,100037,167,100094,167,100024,267,100099,200,99984,100,100109,100,99930,100,100140,100,99926,100,100186,100,99918,100,100190,100,99899,100
2019-06-28 09:42:49.373828131,100076,167,100075,267,100077,167,100072,167,100082,167,100063,267,100085,167,100037,167,100094,167,100024,267,100099,200,99984,100,100109,100,99930,100,100140,100,99926,100,100186,100,99918,100,100190,100,99899,100
2019-06-28 09:42:50.000000000,100076,434,100075,534,100077,100,100072,100,100082,100,100063,200,100085,100,100037,100,100094,100,100024,200,100099,200,99984,100,100109,100,99930,100,100140,100,99926,100,100186,100,99918,100,100190,100,99899,100
2019-06-28 09:42:57.902882210,100076,334,100075,534,100077,100,100072,100,100082,100,100063,200,100094,100,100037,100,100099,200,100024,200,100109,100,99984,100,100140,100,99930,100,100186,100,99926,100,100190,100,99918,100,100224,100,99899,100
2019-06-28 09:43:00.000000000,100077,267,100075,367,100082,267,100072,267,100094,100,100063,200,100099,200,100037,100,100109,100,100024,200,100140,100,99984,100,100186,100,99930,100,100190,100,99926,100,100224,100,99918,100,100852,100,99899,100
2019-06-28 09:43:10.000000000,100077,184,100075,284,100082,184,100072,184,100094,184,100063,284,100099,284,100037,184,100109,100,100024,200,100140,100,99984,100,100186,100,99930,100,100190,100,99926,100,100224,100,99918,100,100852,100,99899,100
2019-06-28 09:43:18.039756558,100077,184,100075,284,100082,184,100072,184,100094,184,100063,284,100099,284,100037,184,100109,100,100024,200,100140,100,99984,100,100186,100,99930,100,100190,100,99926,100,100224,100,99918,100,100920,100,99899,100
2019-06-28 09:43:20.000000000,100077,434,100075,534,100082,100,100072,100,100094,100,100063,200,100099,200,100037,100,100109,100,100024,200,100140,100,99984,100,100186,100,99930,100,100190,100,99926,100,100224,100,99918,100,100920,100,99899,100
2019-06-28 09:43:29.962604257,100077,434,100076,100,100082,100,100075,534,100094,100,100072,100,100099,200,100063,200,100109,100,100037,100,100140,100,100024,200,100186,100,99984,100,100190,100,99930,100,100224,100,99926,100,100920,100,99918,100
2019-06-28 09:43:30.000000000,100077,267,100076,267,100082,267,100075,367,100094,100,100072,100,100099,200,100063,200,100109,100,100037,100,100140,100,100024,200,100186,100,99984,100,100190,100,99930,100,100224,100,99926,100,100920,100,99918,100
2019-06-28 09:43:39.177064769,100077,267,100076,267,100082,267,100075,367,100094,100,100072,100,100099,200,100063,200,100109,100,100037,100,100140,100,100024,200,100186,100,99984,100,100190,100,99930,100,100224,100,99926,100,100920,100,99918,100
2019-06-28 09:43:40.000000000,100077,434,100076,434,100082,100,100075,200,100094,100,100072,100,100099,200,100063,200,100109,100,100037,100,100140,100,100024,200,100186,100,99984,100,100190,100,99930,100,100224,100,99926,100,100920,100,99918,100
2019-06-28 09:43:40.071097558,100077,334,100076,434,100082,100,100075,200,100094,100,100072,100,100099,200,100063,200,100109,100,100037,100,100140,100,100024,200,100186,100,99984,100,100190,100,99930,100,100224,100,99926,100,100920,100,99918,100
2019-06-28 09:43:42.294698270,100077,334,100076,434,100082,100,100075,100,100094,100,100072,100,100099,200,100063,200,100109,100,100037,100,100140,100,100024,200,100186,100,99984,100,100190,100,99930,100,100224,100,99926,100,100920,100,99918,100
2019-06-28 09:43:45.365779714,100077,334,100076,434,100082,100,100075,100,100094,100,100072,100,100099,200,100063,200,100109,100,100037,100,100140,100,100024,200,100186,100,99930,100,100190,100,99926,100,100224,100,99918,100,100920,100,99899,100
2019-06-28 09:43:50.000000000,100082,434,100076,434,100094,100,100075,100,100099,200,100072,100,100109,100,100063,200,100140,100,100037,100,100186,100,100024,200,100190,100,99930,100,100224,100,99926,100,100920,100,99918,100,101120,100,99899,100
2019-06-28 09:43:57.868455396,100082,434,100077,100,100094,100,100076,434,100099,200,100075,100,100109,100,100072,100,100140,100,100063,200,100186,100,100037,100,100190,100,100024,200,100224,100,99930,100,100920,100,99926,100,101120,100,99918,100
2019-06-28 09:44:00.000000000,100082,167,100077,167,100094,167,100076,167,100099,267,100075,167,100109,167,100072,167,100140,167,100063,267,100186,100,100037,100,100190,100,100024,200,100224,100,99930,100,100920,100,99926,100,101120,100,99918,100
2019-06-28 09:44:10.000000000,100082,167,100077,167,100094,167,100076,167,100099,267,100075,167,100109,167,100072,167,100140,167,100063,267,100186,100,100037,100,100190,100,100024,200,100224,100,99930,100,100920,100,99926,100,101120,100,99918,100
2019-06-28 09:44:20.000000000,100082,184,100077,184,100094,184,100076,184,100099,284,100075,184,100109,184,100072,184,100140,100,100063,200,100186,100,100037,100,100190,100,100024,200,100224,100,99930,100,100920,100,99926,100,101120,100,99918,100
2019-06-28 09:44:27.904412397,100082,84,100077,184,100094,184,100076,184,100099,184,100075,184,100109,184,100072,184,100140,100,100063,200,100186,100,100037,100,100190,100,100024,200,100224,100,99930,100,100920,100,99926,100,101120,100,99918,100
2019-06-28 09:44:30.000000000,100094,434,100077,434,100099,100,100076,100,100109,100,100075,100,100140,100,100072,100,100186,100,100063,200,100190,100,100037,100,100224,100,100024,200,100920,100,99930,100,101120,100,99926,100,101322,100,99918,100
2019-06-28 09:44:40.000000000,100094,167,100077,167,100099,167,100076,167,100109,167,100075,167,100140,167,100072,167,100186,167,100063,267,100190,100,100037,100,100224,100,100024,200,100920,100,99930,100,101120,100,99926,100,101322,100,99918,100
2019-06-28 09:44:47.895246563,100094,167,100077,167,100099,167,100076,167,100109,167,100075,167,100140,167,100072,167,100186,167,100063,267,100190,100,100037,100,100224,100,100024,200,101120,100,99930,100,101322,100,99926,100,101389,100,99918,100
2019-06-28 09:44:50.000000000,100094,214,100077,214,100099,210,100076,210,100109,210,100075,210,100140,100,100072,100,100186,100,100063,200,100190,100,100037,100,100224,100,100024,200,101120,100,99930,100,101322,100,99926,100,101389,100,99918,100
2019-06-28 09:45:00.000000000,100094,434,100077,434,100099,100,100076,100,100109,100,100075,100,100140,100,100072,100,100186,100,100063,200,100190,100,100037,100,100224,100,100024,200,101120,100,99930,100,101322,100,99926,100,101389,100,99918,100
2019-06-28 09:45:02.014340039,100094,434,100077,434,100099,100,100076,100,100109,100,100075,100,100140,100,100072,100,100186,100,100063,200,100190,100,100037,100,100224,100,100024,200,101120,100,99930,100,101322,100,99926,100,101389,100,99899,100
2019-06-28 09:45:08.991478722,100094,434,100077,434,100099,100,100076,100,100109,100,100075,100,100140,100,100072,100,100186,100,100063,200,100190,100,100037,100,100224,100,100024,200,101120,100,99930,100,101322,100,99926,100,101389,100,99899,100
2019-06-28 09:45:10.000000000,100094,214,100077,214,100099,210,100076,210,100109,210,100075,210,100140,100,100072,100,100186,100,100063,200,100190,100,100037,100,100224,100,100024,200,101120,100,99930,100,101322,100,99926,100,101389,100,99899,100
2019-06-28 09:45:11.790498807,100094,114,100077,214,100099,210,100076,210,100109,210,100075,210,100140,100,100072,100,100186,100,100063,200,100190,100,100037,100,100224,100,100024,200,101120,100,99930,100,101322,100,99926,100,101389,100,99899,100
2019-06-28 09:45:20.000000000,100099,184,100077,184,100109,184,100076,184,100140,184,100075,184,100186,184,100072,184,100190,100,100063,200,100224,100,100037,100,101120,100,100024,200,101322,100,99930,100,101389,100,99926,100,101447,100,99899,100
2019-06-28 09:45:30.000000000,100099,167,100077,167,100109,167,100076,167,100140,167,100075,167,100186,167,100072,167,100190,167,100063,267,100224,100,100037,100,101120,100,100024,200,101322,100,99930,100,101389,100,99926,100,101447,100,99899,100
2019-06-28 09:45:39.184056311,100099,167,100077,167,100109,167,100076,167,100140,167,100075,167,100186,167,100072,167,100190,167,100063,267,100224,100,100037,100,101120,100,100024,200,101322,100,99930,100,101389,100,99926,100,101447,100,99899,100
2019-06-28 09:45:40.000000000,100099,267,100077,267,100109,267,100076,267,100140,100,100075,100,100186,100,100072,100,100190,100,100063,200,100224,100,100037,100,101120,100,100024,200,101322,100,99930,100,101389,100,99926,100,101447,100,99899,100
2019-06-28 09:45:40.769233886,100099,267,100082,100,100109,267,100077,267,100140,100,100076,267,100186,100,100075,100,100190,100,100072,100,100224,100,100063,200,101120,100,100037,100,101322,100,100024,200,101389,100,99930,100,101447,100,99926,100
2019-06-28 09:45:48.471943716,100099,167,100082,100,100109,267,100077,267,100140,100,100076,267,100186,100,100075,100,100190,100,100072,100,100224,100,100063,200,101120,100,100037,100,101322,100,100024,200,101389,100,99930,100,101447,100,99926,100
2019-06-28 09:45:50.000000000,100109,167,100082,167,100140,167,100077,167,100186,167,100076,167,100190,167,100075,167,100224,167,100072,167,101120,100,100063,200,101322,100,100037,100,101389,100,100024,200,101447,100,99930,100,101501,100,99926,100
2019-06-28 09:45:51.679442242,100109,167,100094,100,100140,167,100082,67,100186,167,100077,167,100190,167,100076,167,100224,167,100075,167,101120,100,100072,167,101322,100,100063,200,101389,100,100037,100,101447,100,100024,200,101501,100,99930,100
2019-06-28 09:46:00.000000000,100109,214,100094,214,100140,210,100077,210,100186,210,100076,210,100190,100,100075,100,100224,100,100072,100,101120,100,100063,200,101322,100,100037,100,101389,100,100024,200,101447,100,99930,100,101501,100,99926,100
2019-06-28 09:46:00.059076090,100109,214,100094,214,100140,210,100077,210,100186,210,100076,210,100190,100,100075,100,100224,100,100072,100,101120,100,100063,200,101322,100,100037,100,101389,100,100024,200,101447,100,99930,100,101501,100,99926,100
2019-06-28 09:46:08.622589184,100109,114,100094,214,100140,210,100077,210,100186,210,100076,210,100190,100,100075,100,100224,100,100072,100,101120,100,100063,200,101322,100,100037,100,101389,100,100024,200,101447,100,99930,100,101501,100,99926,100
2019-06-28 09:46:10.000000000,100140,184,100094,184,100186,184,100077,184,100190,184,100076,184,100224,184,100075,184,101120,100,100072,100,101322,100,100063,200,101389,100,100037,100,101447,100,100024,200,101501,100,99930,100,101573,100,99926,100
2019-06-28 09:46:20.000000000,100140,267,100094,267,100186,267,100077,267,100190,100,100076,100,100224,100,100075,100,101120,100,100072,100,101322,100,100063,200,101389,100,100037,100,101447,100,100024,200,101501,100,99930,100,101573,100,99926,100
2019-06-28 09:46:24.540171211,100140,167,100094,267,100186,267,100077,267,100190,100,100076,100,100224,100,100075,100,101120,100,100072,100,101322,100,100063,200,101389,100,100037,100,101447,100,100024,200,101501,100,99930,100,101573,100,99926,100
2019-06-28 09:46:30.000000000,100186,167,100094,167,100190,167,100077,167,100224,167,100076,167,101120,167,100075,167,101322,167,100072,167,101389,100,100063,200,101447,100,100037,100,101501,100,100024,200,101573,100,99930,100,101632,100,99926,100
2019-06-28 09:46:33.568770164,100186,167,100094,167,100190,167,100077,167,100224,167,100076,167,101120,167,100075,167,101322,167,100072,167,101389,100,100063,200,101447,100,100037,100,101501,100,100024,200,101573,100,99930,100,101632,100,99926,100
2019-06-28 09:46:35.855012614,100186,67,100094,167,100190,167,100077,167,100224,167,100076,167,101120,167,100075,167,101322,167,100072,167,101389,100,100063,200,101447,100,100037,100,101501,100,100024,200,101573,100,99930,100,101632,100,99926,100
2019-06-28 09:46:40.000000000,100190,167,100094,167,100224,167,100077,167,101120,167,100076,167,101322,167,100075,167,101389,167,100072,167,101447,100,100063,200,101501,100,100037,100,101573,100,100024,200,101632,100,99930,100,101657,100,99926,100
2019-06-28 09:46:44.021023909,100190,167,100140,100,100224,167,100094,167,101120,167,100077,167,101322,167,100076,167,101389,167,100075,167,101447,100,100072,167,101501,100,100063,200,101573,100,100037,100,101632,100,100024,100,101657,100,99930,100
2019-06-28 09:46:50.000000000,100190,184,100140,184,100224,184,100094,184,101120,184,100077,184,101322,184,100076,184,101389,100,100075,100,101447,100,100072,100,101501,100,100063,200,101573,100,100037,100,101632,100,100024,100,101657,100,99930,100
2019-06-28 09:47:00.000000000,100190,214,100140,214,100224,210,100094,210,101120,210,100077,210,101322,100,100076,100,101389,100,100075,100,101447,100,100072,100,101501,100,100063,200,101573,100,100037,100,101632,100,100024,100,101657,100,99930,100
2019-06-28 09:47:10.000000000,100190,434,100140,434,100224,100,100094,100,101120,100,100077,100,101322,100,100076,100,101389,100,100075,100,101447,100,100072,100,101501,100,100063,200,101573,100,100037,100,101632,100,100024,100,101657,100,99930,100
2019-06-28 09:47:16.241975360,100190,334,100140,434,100224,100,100094,100,101120,100,100077,100,101322,100,100076,100,101389,100,100075,100,101447,100,100072,100,101501,100,100063,200,101573,100,100037,100,101632,100,100024,100,101657,100,99930,100
2019-06-28 09:47:20.000000000,100224,184,100140,184,101120,184,100094,184,101322,184,100077,184,101389,184,100076,184,101447,100,100075,100,101501,100,100072,100,101573,100,100063,200,101632,100,100037,100,101657,100,100024,100,101658,100,99930,100
2019-06-28 09:47:30.000000000,100224,267,100140,267,101120,267,100094,267,101322,100,100077,100,101389,100,100076,100,101447,100,100075,100,101501,100,100072,100,101573,100,100063,200,101632,100,100037,100,101657,100,100024,100,101658,100,99930,100
2019-06-28 09:47:40.000000000,100224,167,100140,167,101120,167,100094,167,101322,167,100077,167,101389,167,100076,167,101447,167,100075,167,101501,100,100072,100,101573,100,100063,200,101632,100,100037,100,101657,100,100024,100,101658,100,99930,100
2019-06-28 09:47:44.793539256,100224,67,100140,167,101120,167,100094,167,101322,167,100077,167,101389,167,100076,167,101447,167,100075,167,101501,100,100072,100,101573,100,100063,200,101632,100,100037,100,101657,100,100024,100,101658,100,99930,100
2019-06-28 09:47:50.000000000,101120,214,100140,214,101322,210,100094,210,101389,210,100077,210,101447,100,100076,100,101501,100,100075,100,101573,100,100072,100,101632,100,100063,200,101657,100,100037,100,101658,100,100024,100,101685,200,99930,100
2019-06-28 09:47:50.642719196,101120,114,100140,214,101322,210,100094,210,101389,210,100077,210,101447,100,100076,100,101501,100,100075,100,101573,100,100072,100,101632,100,100063,200,101657,100,100037,100,101658,100,100024,100,101685,200,99930,100
2019-06-28 09:48:00.000000000,101322,267,100140,267,101389,267,100094,267,101447,100,100077,100,101501,100,100076,100,101573,100,100075,100,101632,100,100072,100,101657,100,100063,200,101658,100,100037,100,101685,200,100024,100,101752,100,99930,100
2019-06-28 09:48:10.000000000,101322,434,100140,434,101389,100,100094,100,101447,100,100077,100,101501,100,100076,100,101573,100,100075,100,101632,100,100072,100,101657,100,100063,200,101658,100,100037,100,101685,200,100024,100,101752,100,99930,100
2019-06-28 09:48:18.519023390,101055,100,100140,434,101322,434,100094,100,101389,100,100077,100,101447,100,100076,100,101501,100,100075,100,101573,100,100072,100,101632,100,100063,200,101657,100,100037,100,101685,200,100024,100,101752,100,99930,100
2019-06-28 09:48:20.000000000,101055,184,100140,184,101322,184,100094,184,101389,184,100077,184,101447,184,100076,184,101501,100,100075,100,101573,100,100072,100,101632,100,100063,200,101657,100,100037,100,101685,200,100024,100,101752,100,99930,100
2019-06-28 09:48:22.224557380,101055,184,100140,184,101098,100,100094,184,101322,184,100077,184,101389,184,100076,184,101447,184,100075,100,101501,100,100072,100,101573,100,100063,200,101632,100,100037,100,101657,100,100024,100,101685,200,99930,100
2019-06-28 09:48:30.000000000,101055,184,100140,184,101098,184,100094,184,101322,184,100077,184,101389,184,100076,184,101447,100,100075,100,101501,100,100072,100,101573,100,100063,200,101632,100,100037,100,101657,100,100024,100,101685,200,99930,100
2019-06-28 09:48:40.000000000,101055,214,100140,214,101098,210,100094,210,101322,210,100077,210,101389,100,100076,100,101447,100,100075,100,101501,100,100072,100,101573,100,100063,200,101632,100,100037,100,101657,100,100024,100,101685,200,99930,100
2019-06-28 09:48:47.845329073,101055,214,100718,100,101098,210,100140,214,101322,210,100094,210,101389,100,100077,210,101447,100,100076,100,101501,100,100075,100,101573,100,100072,100,101632,100,100063,200,101657,100,100037,100,101685,200,100024,100
2019-06-28 09:48:50.000000000,101055,184,100718,184,101098,184,100140,184,101322,184,100094,184,101389,184,100077,184,101447,100,100076,100,101501,100,100075,100,101573,100,100072,100,101632,100,100063,200,101657,100,100037,100,101685,200,100024,100
2019-06-28 09:49:00.000000000,101055,184,100718,184,101098,184,100140,184,101322,184,100094,184,101389,184,100077,184,101447,100,100076,100,101501,100,100075,100,101573,100,100072,100,101632,100,100063,200,101657,100,100037,100,101685,200,100024,100
2019-06-28 09:49:10.000000000,101055,214,100718,214,101098,210,100140,210,101322,210,100094,210,101389,100,100077,100,101447,100,100076,100,101501,100,100075,100,101573,100,100072,100,101632,100,100063,200,101657,100,100037,100,101685,200,100024,100
2019-06-28 09:49:10.989592249,101055,214,100718,214,101098,210,100224,100,101322,210,100140,210,101389,100,100094,210,101447,100,100076,100,101501,100,100075,100,101573,100,100072,100,101632,100,100063,200,101657,100,100037,100,101685,200,100024,100
2019-06-28 09:49:18.300324214,101055,214,100718,214,101098,210,100224,100,101119,100,100140,210,101322,210,100094,210,101389,100,100076,100,101447,100,100075,100,101501,100,100072,100,101573,100,100063,200,101632,100,100037,100,101657,100,100024,100
2019-06-28 09:49:20.000000000,101055,267,100718,267,101098,267,100224,267,101119,100,100140,100,101322,100,100094,100,101389,100,100076,100,101447,100,100075,100,101501,100,100072,100,101573,100,100063,200,101632,100,100037,100,101657,100,100024,100
2019-06-28 09:49:30.000000000,101055,434,100718,434,101098,100,100224,100,101119,100,100140,100,101322,100,100094,100,101389,100,100076,100,101447,100,100075,100,101501,100,100072,100,101573,100,100063,200,101632,100,100037,100,101657,100,100024,100
2019-06-28 09:49:37.016352002,101055,434,100955,100,101098,100,100718,434,101119,100,100224,100,101322,100,100140,100,101389,100,100094,100,101447,100,100076,100,101501,100,100075,100,101573,100,100072,100,101632,100,100063,200,101657,100,100037,100
2019-06-28 09:49:40.000000000,101055,184,100955,184,101098,184,100718,184,101119,184,100224,184,101322,184,100140,184,101389,100,100094,100,101447,100,100076,100,101501,100,100075,100,101573,100,100072,100,101632,100,100063,200,101657,100,100037,100
2019-06-28 09:49:50.000000000,101055,434,100955,434,101098,100,100718,100,101119,100,100224,100,101322,100,100140,100,101389,100,100094,100,101447,100,100076,100,101501,100,100075,100,101573,100,100072,100,101632,100,100063,200,101657,100,100037,100
2019-06-28 09:50:00.000000000,101055,167,100955,167,101098,167,100718,167,101119,167,100224,167,101322,167,100140,167,101389,167,100094,167,101447,100,100076,100,101501,100,100075,100,101573,100,100072,100,101632,100,100063,200,101657,100,100037,100
2019-06-28 09:50:08.832749551,101055,167,100955,167,101098,167,100718,167,101119,167,100224,167,101322,167,100140,167,101389,167,100094,167,101447,100,100076,100,101501,100,100075,100,101573,100,100072,100,101600,100,100063,200,101632,100,100037,100
2019-06-28 09:50:10.000000000,101055,184,100955,184,101098,184,100718,184,101119,184,100224,184,101322,184,100140,184,101389,100,100094,100,101447,100,100076,100,101501,100,100075,100,101573,100,100072,100,101600,100,100063,200,101632,100,100037,100
2019-06-28 09:50:19.628116009,101055,184,100955,184,101098,184,100718,184,101119,184,100224,284,101322,184,100140,184,101389,100,100094,100,101447,100,100076,100,101501,100,100075,100,101573,100,100072,100,101600,100,100063,200,101632,100,100037,100
2019-06-28 09:50:20.000000000,101055,434,100955,434,101098,100,100718,100,101119,100,100224,200,101322,100,100140,100,101389,100,100094,100,101447,100,100076,100,101501,100,100075,100,101573,100,100072,100,101600,100,100063,200,101632,100,100037,100
2019-06-28 09:50:28.949950359,101055,434,100955,434,101098,100,100718,100,101119,100,100224,300,101322,100,100140,100,101389,100,100094,100,101447,100,100076,100,101501,100,100075,100,101573,100,100072,100,101600,100,100063,200,101632,100,100037,100
2019-06-28 09:50:30.000000000,101055,184,100955,184,101098,184,100718,184,101119,184,100224,384,101322,184,100140,184,101389,100,100094,100,101447,100,100076,100,101501,100,100075,100,101573,100,100072,100,101600,100,100063,200,101632,100,100037,100
2019-06-28 09:50:34.614581385,101055,184,100955,184,101098,184,100718,184,101119,84,100224,384,101322,184,100140,184,101389,100,100094,100,101447,100,100076,100,101501,100,100075,100,101573,100,100072,100,101600,100,100063,200,101632,100,100037,100
2019-06-28 09:50:40.000000000,101055,434,100955,434,101098,100,100718,100,101322,100,100224,300,101389,100,100140,100,101447,100,100094,100,101501,100,100076,100,101573,100,100075,100,101600,100,100072,100,101632,100,100063,200,101657,100,100037,100
2019-06-28 09:50:50.000000000,101055,434,100955,434,101098,100,100718,100,101322,100,100224,300,101389,100,100140,100,101447,100,100094,100,101501,100,100076,100,101573,100,100075,100,101600,100,100072,100,101632,100,100063,200,101657,100,100037,100
2019-06-28 09:50:56.141351836,101055,334,100955,434,101098,100,100718,100,101322,100,100224,300,101389,100,100140,100,101447,100,100094,100,101501,100,100076,100,101573,100,100075,100,101600,100,100072,100,101632,100,100063,200,101657,100,100037,100
2019-06-28 09:51:00.000000000,101098,214,100955,214,101322,210,100718,210,101389,210,100224,410,101447,100,100140,100,101501,100,100094,100,101573,100,100076,100,101600,100,100075,100,101632,100,100072,100,101657,100,100063,200,101685,200,100037,100
2019-06-28 09:51:10.000000000,101098,167,100955,167,101322,167,100718,167,101389,167,100224,367,101447,167,100140,167,101501,167,100094,167,101573,100,100076,100,101600,100,100075,100,101632,100,100072,100,101657,100,100063,200,101685,200,100037,100
2019-06-28 09:51:20.000000000,101098,267,100955,267,101322,267,100718,267,101389,100,100224,300,101447,100,100140,100,101501,100,100094,100,101573,100,100076,100,101600,100,100075,100,101632,100,100072,100,101657,100,100063,200,101685,200,100037,100
2019-06-28 09:51:30.000000000,101098,167,100955,167,101322,167,100718,167,101389,167,100224,367,101447,167,100140,167,101501,167,100094,167,101573,100,100076,100,101600,100,100075,100,101632,100,100072,100,101657,100,100063,200,101685,200,100037,100
2019-06-28 09:51:39.527918638,101098,167,100955,167,101211,100,100718,167,101322,167,100224,367,101389,167,100140,167,101447,167,100094,167,101501,167,100076,100,101573,100,100075,100,101600,100,100072,100,101632,100,100063,200,101657,100,100037,100
2019-06-28 09:51:40.000000000,101098,214,100955,214,101211,210,100718,210,101322,210,100224,410,101389,100,100140,100,101447,100,100094,100,101501,100,100076,100,101573,100,100075,100,101600,100,100072,100,101632,100,100063,200,101657,100,100037,100
2019-06-28 09:51:40.926254615,101098,214,101032,100,101211,210,100955,214,101322,210,100718,210,101389,100,100224,410,101447,100,100140,100,101501,100,100094,100,101573,100,100076,100,101600,100,100075,100,101632,100,100072,100,101657,100,100063,200
2019-06-28 09:51:50.000000000,101098,214,101032,214,101211,210,100955,210,101322,210,100718,210,101389,100,100224,300,101447,100,100140,100,101501,100,100094,100,101573,100,100076,100,101600,100,100075,100,101632,100,100072,100,101657,100,100063,200
2019-06-28 09:51:57.749375559,101098,214,101055,100,101211,210,101032,214,101322,210,100955,210,101389,100,100718,210,101447,100,100224,300,101501,100,100140,100,101573,100,100076,100,101600,100,100075,100,101632,100,100072,100,101657,100,100063,200
2019-06-28 09:52:00.000000000,101098,184,101055,184,101211,184,101032,184,101322,184,100955,184,101389,184,100718,184,101447,100,100224,300,101501,100,100140,100,101573,100,100076,100,101600,100,100075,100,101632,100,100072,100,101657,100,100063,200
2019-06-28 09:52:10.000000000,101098,267,101055,267,101211,267,101032,267,101322,100,100955,100,101389,100,100718,100,101447,100,100224,300,101501,100,100140,100,101573,100,100076,100,101600,100,100075,100,101632,100,100072,100,101657,100,100063,200
2019-06-28 09:52:20.000000000,101098,214,101055,214,101211,210,101032,210,101322,210,100955,210,101389,100,100718,100,101447,100,100224,300,101501,100,100140,100,101573,100,100076,100,101600,100,100075,100,101632,100,100072,100,101657,100,100063,200
2019-06-28 09:52:24.926034855,101098,214,101055,214,101211,210,101032,210,101322,210,100955,210,101389,100,100718,100,101405,100,100224,300,101447,100,100140,100,101501,100,100076,100,101573,100,100075,100,101600,100,100072,100,101632,100,100063,200
2019-06-28 09:52:30.000000000,101098,214,101055,214,101211,210,101032,210,101322,210,100955,210,101389,100,100718,100,101405,100,100224,300,101447,100,100140,100,101501,100,100076,100,101573,100,100075,100,101600,100,100072,100,101632,100,100063,200
2019-06-28 09:52:32.086143526,101098,214,101055,314,101211,210,101032,210,101322,210,100955,210,101389,100,100718,100,101405,100,100224,300,101447,100,100140,100,101501,100,100076,100,101573,100,100075,100,101600,100,100072,100,101632,100,100063,200
2019-06-28 09:52:40.000000000,101098,167,101055,267,101211,167,101032,167,101322,167,100955,167,101389,167,100718,167,101405,167,100224,367,101447,100,100140,100,101501,100,100076,100,101573,100,100075,100,101600,100,100072,100,101632,100,100063,200
2019-06-28 09:52:50.000000000,101098,167,101055,267,101211,167,101032,167,101322,167,100955,167,101389,167,100718,167,101405,167,100224,367,101447,100,100140,100,101501,100,100076,100,101573,100,100075,100,101600,100,100072,100,101632,100,100063,200
2019-06-28 09:52:51.139374471,101098,167,101055,367,101211,167,101032,167,101322,167,100955,167,101389,167,100718,167,101405,167,100224,367,101447,100,100140,100,101501,100,100076,100,101573,100,100072,100,101600,100,100063,200,101632,100,100037,100
2019-06-28 09:53:00.000000000,101098,434,101055,634,101211,100,101032,100,101322,100,100955,100,101389,100,100718,100,101405,100,100224,300,101447,100,100140,100,101501,100,100076,100,101573,100,100072,100,101600,100,100063,200,101632,100,100037,100
2019-06-28 09:53:08.086668461,101098,434,101055,634,101211,100,101032,100,101318,100,100955,100,101322,100,100718,100,101389,100,100224,300,101405,100,100140,100,101447,100,100076,100,101501,100,100072,100,101573,100,100063,200,101600,100,100037,100
2019-06-28 09:53:10.000000000,101098,214,101055,414,101211,210,101032,210,101318,210,100955,210,101322,100,100718,100,101389,100,100224,300,101405,100,100140,100,101447,100,100076,100,101501,100,100072,100,101573,100,100063,200,101600,100,100037,100
2019-06-28 09:53:20.000000000,101098,214,101055,414,101211,210,101032,210,101318,210,100955,210,101322,100,100718,100,101389,100,100224,300,101405,100,100140,100,101447,100,100076,100,101501,100,100072,100,101573,100,100063,200,101600,100,100037,100
2019-06-28 09:53:30.000000000,101098,167,101055,367,101211,167,101032,167,101318,167,100955,167,101322,167,100718,167,101389,167,100224,367,101405,100,100140,100,101447,100,100076,100,101501,100,100072,100,101573,100,100063,200,101600,100,100037,100
2019-06-28 09:53:40.000000000,101098,214,101055,414,101211,210,101032,210,101318,210,100955,210,101322,100,100718,100,101389,100,100224,300,101405,100,100140,100,101447,100,100076,100,101501,100,100072,100,101573,100,100063,200,101600,100,100037,100
2019-06-28 09:53:50.000000000,101098,434,101055,634,101211,100,101032,100,101318,100,100955,100,101322,100,100718,100,101389,100,100224,300,101405,100,100140,100,101447,100,100076,100,101501,100,100072,100,101573,100,100063,200,101600,100,100037,100
2019-06-28 09:54:00.000000000,101098,184,101055,384,101211,184,101032,184,101318,184,100955,184,101322,184,100718,184,101389,100,100224,300,101405,100,100140,100,101447,100,100076,100,101501,100,100072,100,101573,100,100063,200,101600,100,100037,100
2019-06-28 09:54:06.699428083,101098,184,101068,100,101211,84,101055,384,101318,184,101032,184,101322,184,100955,184,101389,100,100718,184,101405,100,100224,300,101447,100,100140,100,101501,100,100076,100,101573,100,100072,100,101600,100,100063,200
2019-06-28 09:54:09.237931344,101098,84,101068,100,101211,84,101055,384,101318,184,101032,184,101322,184,100955,184,101389,100,100718,184,101405,100,100224,300,101447,100,100140,100,101501,100,100076,100,101573,100,100072,100,101600,100,100063,200
2019-06-28 09:54:10.000000000,101318,434,101068,434,101322,100,101055,300,101389,100,101032,100,101405,100,100955,100,101447,100,100718,100,101501,100,100224,300,101573,100,100140,100,101600,100,100076,100,101632,100,100072,100,101685,200,100063,200
2019-06-28 09:54:20.000000000,101318,214,101068,214,101322,210,101055,410,101389,210,101032,210,101405,100,100955,100,101447,100,100718,100,101501,100,100224,300,101573,100,100140,100,101600,100,100076,100,101632,100,100072,100,101685,200,100063,200
2019-06-28 09:54:24.614871341,101318,214,101068,214,101322,210,101055,410,101389,210,101032,210,101405,100,100955,100,101447,100,100731,100,101501,100,100718,100,101573,100,100224,300,101600,100,100140,100,101632,100,100076,100,101685,200,100072,100
2019-06-28 09:54:30.000000000,101318,167,101068,167,101322,167,101055,367,101389,167,101032,167,101405,167,100955,167,101447,167,100731,167,101501,100,100718,100,101573,100,100224,300,101600,100,100140,100,101632,100,100076,100,101685,200,100072,100
2019-06-28 09:54:35.123643691,101318,167,101068,67,101322,167,101055,367,101389,167,101032,167,101405,167,100955,167,101447,167,100731,167,101501,100,100718,100,101573,100,100224,300,101600,100,100140,100,101632,100,100076,100,101685,200,100072,100
2019-06-28 09:54:40.000000000,101318,167,101055,367,101322,167,101032,167,101389,167,100955,167,101405,167,100731,167,101447,167,100718,167,101501,100,100224,300,101573,100,100140,100,101600,100,100076,100,101632,100,100072,100,101685,200,100063,200
2019-06-28 09:54:41.325052207,101318,167,101055,267,101322,167,101032,167,101389,167,100955,167,101405,167,100731,167,101447,167,100718,167,101501,100,100224,300,101573,100,100140,100,101600,100,100076,100,101632,100,100072,100,101685,100,100063,200
2019-06-28 09:54:44.249315499,101318,167,101055,267,101322,67,101032,167,101389,167,100955,167,101405,167,100731,167,101447,167,100718,167,101501,100,100701,100,101573,100,100224,300,101600,100,100140,100,101632,100,100076,100,101685,100,100072,100
2019-06-28 09:54:50.000000000,101318,214,101055,314,101389,210,101032,210,101405,210,100955,210,101447,100,100731,100,101501,100,100718,100,101573,100,100701,100,101600,100,100224,300,101632,100,100140,100,101685,100,100076,100,,,100072,100
2019-06-28 09:55:00.000000000,101318,184,101055,284,101389,184,101032,184,101405,184,100955,184,101447,184,100731,184,101501,100,100718,100,101573,100,100701,100,101600,100,100224,300,101632,100,100140,100,101685,100,100076,100,,,100072,100
2019-06-28 09:55:10.000000000,101318,184,101055,284,101389,184,101032,184,101405,184,100955,184,101447,184,100731,184,101501,100,100718,100,101573,100,100701,100,101600,100,100224,300,101632,100,100140,100,101685,100,100076,100,,,100072,100
2019-06-28 09:55:20.000000000,101318,184,101055,284,101389,184,101032,184,101405,184,100955,184,101447,184,100731,184,101501,100,100718,100,101573,100,100701,100,101600,100,100224,300,101632,100,100140,100,101685,100,100076,100,,,100072,100
2019-06-28 09:55:28.634521936,101068,100,101055,284,101318,184,101032,184,101389,184,100955,184,101405,184,100731,184,101447,184,100718,100,101501,100,100701,100,101573,100,100224,300,101600,100,100140,100,101632,100,100076,100,101685,100,100072,100
2019-06-28 09:55:30.000000000,101068,267,101055,367,101318,267,101032,267,101389,100,100955,100,101405,100,100731,100,101447,100,100718,100,101501,100,100701,100,101573,100,100224,300,101600,100,100140,100,101632,100,100076,100,101685,100,100072,100
2019-06-28 09:55:31.136086213,101068,267,101055,367,101318,267,101032,267,101389,100,100955,100,101405,100,100731,100,101447,100,100718,100,101501,100,100701,100,101573,100,100316,100,101600,100,100224,300,101632,100,100140,100,101685,100,100076,100
2019-06-28 09:55:37.018508172,101068,267,101055,267,101318,267,101032,267,101389,100,100955,100,101405,100,100718,100,101447,100,100701,100,101501,100,100316,100,101573,100,100224,300,101600,100,100140,100,101632,100,100076,100,101685,100,100072,100
2019-06-28 09:55:40.000000000,101068,434,101055,434,101318,100,101032,100,101389,100,100955,100,101405,100,100718,100,101447,100,100701,100,101501,100,100316,100,101573,100,100224,300,101600,100,100140,100,101632,100,100076,100,101685,100,100072,100
2019-06-28 09:55:47.817208347,101068,434,101055,434,101318,100,101032,100,101389,100,100955,100,101405,100,100718,100,101447,100,100701,100,101501,100,100316,100,101573,100,100224,200,101600,100,100140,100,101632,100,100076,100,101685,100,100072,100
2019-06-28 09:55:50.000000000,101068,167,101055,167,101318,167,101032,167,101389,167,100955,167,101405,167,100718,167,101447,167,100701,167,101501,100,100316,100,101573,100,100224,200,101600,100,100140,100,101632,100,100076,100,101685,100,100072,100
2019-06-28 09:55:57.722783863,101068,167,101055,167,101318,167,101032,167,101389,167,100955,167,101405,167,100718,167,101447,167,100701,167,101501,100,100316,100,101573,100,100224,200,101600,100,100166,100,101632,100,100140,100,101685,100,100076,100
2019-06-28 09:55:59.736472280,101068,167,101055,67,101318,167,101032,167,101389,167,100955,167,101405,167,100718,167,101447,167,100701,167,101501,100,100316,100,101573,100,100224,200,101600,100,100166,100,101632,100,100140,100,101685,100,100076,100
2019-06-28 09:56:00.000000000,101068,167,101032,167,101318,167,100955,167,101389,167,100718,167,101405,167,100701,167,101447,167,100316,167,101501,100,100224,200,101573,100,100166,100,101600,100,100140,100,101632,100,100076,100,101685,100,100072,100
2019-06-28 09:56:00.905917810,101068,167,101032,167,101318,167,100955,167,101389,167,100718,167,101405,167,100701,167,101447,167,100316,167,101501,100,100224,200,101573,100,100166,100,101600,100,100140,100,101632,100,100076,100,101685,100,100072,100
2019-06-28 09:56:06.021388694,101068,167,101032,167,101318,167,100955,167,101389,167,100718,167,101405,167,100701,167,101447,167,100413,100,101501,100,100316,167,101573,100,100224,200,101600,100,100166,100,101632,100,100140,100,101685,100,100076,100
2019-06-28 09:56:10.000000000,101068,167,101032,167,101318,167,100955,167,101389,167,100718,167,101405,167,100701,167,101447,167,100413,167,101501,100,100316,100,101573,100,100224,200,101600,100,100166,100,101632,100,100140,100,101685,100,100076,100
2019-06-28 09:56:20.000000000,101068,434,101032,434,101318,100,100955,100,101389,100,100718,100,101405,100,100701,100,101447,100,100413,100,101501,100,100316,100,101573,100,100224,200,101600,100,100166,100,101632,100,100140,100,101685,100,100076,100
2019-06-28 09:56:26.000687047,101068,434,101032,334,101318,100,100955,100,101389,100,100718,100,101405,100,100701,100,101447,100,100413,100,101501,100,100316,100,101573,100,100224,200,101600,100,100140,100,101632,100,100076,100,101685,100,100072,100
2019-06-28 09:56:30.000000000,101068,184,100955,184,101318,184,100718,184,101389,184,100701,184,101405,184,100413,184,101447,100,100316,100,101501,100,100224,200,101573,100,100140,100,101600,100,100076,100,101632,100,100072,100,101685,100,100063,200
2019-06-28 09:56:40.000000000,101068,267,100955,267,101318,267,100718,267,101389,100,100701,100,101405,100,100413,100,101447,100,100316,100,101501,100,100224,200,101573,100,100140,100,101600,100,100076,100,101632,100,100072,100,101685,100,100063,200
2019-06-28 09:56:50.000000000,101068,184,100955,184,101318,184,100718,184,101389,184,100701,184,101405,184,100413,184,101447,100,100316,100,101501,100,100224,200,101573,100,100140,100,101600,100,100076,100,101632,100,100072,100,101685,100,100063,200
2019-06-28 09:56:51.257095557,101068,184,100955,84,101318,184,100718,184,101389,184,100701,184,101405,184,100413,184,101447,100,100316,100,101501,100,100224,200,101573,100,100140,100,101600,100,100076,100,101632,100,100072,100,101685,100,100063,200
2019-06-28 09:57:00.000000000,101068,434,100718,434,101318,100,100701,100,101389,100,100413,100,101405,100,100316,100,101447,100,100224,200,101501,100,100140,100,101573,100,100076,100,101600,100,100072,100,101632,100,100063,200,101685,100,100037,100
2019-06-28 09:57:03.170885657,101068,434,100718,434,101318,100,100701,100,101389,100,100413,100,101405,100,100316,100,101447,100,100224,200,101501,100,100140,100,101573,100,100076,100,101600,100,100072,100,101632,100,100063,200,101685,100,100037,100
2019-06-28 09:57:10.000000000,101068,167,100718,167,101318,167,100701,167,101389,167,100413,167,101405,167,100316,167,101447,167,100224,267,101501,100,100140,100,101573,100,100076,100,101600,100,100072,100,101632,100,100063,200,101685,100,100037,100
2019-06-28 09:57:11.591455162,101068,167,100718,167,101318,167,100701,167,101389,167,100413,167,101405,167,100316,167,101447,167,100224,267,101501,100,100140,100,101573,100,100076,100,101600,100,100072,100,101632,100,100063,200,101685,100,100037,100
2019-06-28 09:57:15.014577419,101068,167,100718,167,101318,167,100701,167,101389,167,100413,167,101405,167,100316,167,101447,167,100224,267,101501,100,100140,100,101573,100,100076,100,101600,100,100072,100,101632,100,100063,200,,,100037,100
2019-06-28 09:57:17.153746592,101068,167,100718,67,101318,167,100701,167,101389,167,100413,167,101405,167,100316,167,101447,167,100224,267,101501,100,100140,100,101573,100,100076,100,101600,100,100072,100,101632,100,100063,200,,,100037,100
2019-06-28 09:57:20.000000000,101068,184,100701,184,101318,184,100413,184,101389,184,100316,184,101405,184,100224,284,101447,100,100140,100,101501,100,100076,100,101573,100,100072,100,101600,100,100063,200,101632,100,100037,100,,,100024,100
2019-06-28 09:57:30.000000000,101068,167,100701,167,101318,167,100413,167,101389,167,100316,167,101405,167,100224,267,101447,167,100140,167,101501,100,100076,100,101573,100,100072,100,101600,100,100063,200,101632,100,100037,100,,,100024,100
2019-06-28 09:57:33.834506584,101068,167,100701,167,101318,167,100413,167,101389,167,100316,167,101405,167,100224,267,101447,167,100140,167,101501,100,100076,100,101573,100,100072,100,101600,100,100063,200,101632,100,100037,100,,,100024,100
2019-06-28 09:57:40.000000000,101068,214,100701,214,101318,210,100413,210,101389,210,100316,210,101405,100,100224,200,101447,100,100140,100,101501,100,100076,100,101573,100,100072,100,101600,100,100063,200,101632,100,100037,100,,,100024,100
2019-06-28 09:57:50.000000000,101068,214,100701,214,101318,210,100413,210,101389,210,100316,210,101405,100,100224,200,101447,100,100140,100,101501,100,100076,100,101573,100,100072,100,101600,100,100063,200,101632,100,100037,100,,,100024,100
2019-06-28 09:57:50.063789598,101068,214,100701,114,101318,210,100413,210,101389,210,100316,210,101405,100,100224,200,101447,100,100140,100,101501,100,100076,100,101573,100,100072,100,101600,100,100063,200,101632,100,100037,100,,,100024,100
2019-06-28 09:57:59.564479915,100718,100,100701,114,101068,214,100413,210,101318,210,100316,210,101389,210,100224,200,101405,100,100140,100,101447,100,100076,100,101501,100,100072,100,101573,100,100063,200,101600,100,100037,100,101632,100,100024,100
2019-06-28 09:58:00.000000000,100718,214,100413,214,101068,210,100316,210,101318,210,100224,310,101389,100,100140,100,101405,100,100076,100,101447,100,100072,100,101501,100,100063,200,101573,100,100037,100,101600,100,100024,100,101632,100,99964,100
2019-06-28 09:58:06.898570411,100718,214,100413,214,101068,210,100316,210,101318,210,100224,210,101389,100,100140,100,101405,100,100076,100,101447,100,100072,100,101501,100,100063,200,101573,100,100037,100,101600,100,100024,100,101632,100,99964,100
2019-06-28 09:58:10.000000000,100718,267,100413,267,101068,267,100316,267,101318,100,100224,100,101389,100,100140,100,101405,100,100076,100,101447,100,100072,100,101501,100,100063,200,101573,100,100037,100,101600,100,100024,100,101632,100,99964,100
2019-06-28 09:58:20.000000000,100718,267,100413,267,101068,267,100316,267,101318,100,100224,100,101389,100,100140,100,101405,100,100076,100,101447,100,100072,100,101501,100,100063,200,101573,100,100037,100,101600,100,100024,100,101632,100,99964,100
2019-06-28 09:58:30.000000000,100718,167,100413,167,101068,167,100316,167,101318,167,100224,167,101389,167,100140,167,101405,167,100076,167,101447,100,100072,100,101501,100,100063,200,101573,100,100037,100,101600,100,100024,100,101632,100,99964,100
2019-06-28 09:58:40.000000000,100718,214,100413,214,101068,210,100316,210,101318,210,100224,210,101389,100,100140,100,101405,100,100076,100,101447,100,100072,100,101501,100,100063,200,101573,100,100037,100,101600,100,100024,100,101632,100,99964,100
2019-06-28 09:58:48.335727416,100718,314,100413,214,101068,210,100316,210,101318,210,100224,210,101389,100,100140,100,101405,100,100076,100,101447,100,100072,100,101501,100,100063,200,101573,100,100037,100,101600,100,100024,100,101632,100,99964,100
2019-06-28 09:58:50.000000000,100718,534,100413,434,101068,100,100316,100,101318,100,100224,100,101389,100,100140,100,101405,100,100076,100,101447,100,100072,100,101501,100,100063,200,101573,100,100037,100,101600,100,100024,100,101632,100,99964,100
2019-06-28 09:59:00.000000000,100718,284,100413,184,101068,184,100316,184,101318,184,100224,184,101389,184,100140,184,101405,100,100076,100,101447,100,100072,100,101501,100,100063,200,101573,100,100037,100,101600,100,100024,100,101632,100,99964,100
2019-06-28 09:59:08.490440254,100718,284,100413,184,101068,184,100316,184,101318,184,100224,184,101389,184,100140,184,101405,100,100076,100,101447,100,100072,100,101501,100,100063,200,101573,100,100037,100,101600,100,100024,100,101632,100,99964,100
2019-06-28 09:59:10.000000000,100718,367,100413,267,101068,267,100316,267,101318,100,100224,100,101389,100,100140,100,101405,100,100076,100,101447,100,100072,100,101501,100,100063,200,101573,100,100037,100,101600,100,100024,100,101632,100,99964,100
2019-06-28 09:59:18.757285838,100718,367,100413,167,101068,267,100316,267,101318,100,100224,100,101389,100,100140,100,101405,100,100076,100,101447,100,100072,100,101501,100,100063,200,101573,100,100037,100,101600,100,100024,100,101632,100,99964,100
2019-06-28 09:59:20.000000000,100718,267,100316,167,101068,167,100224,167,101318,167,100140,167,101389,167,100076,167,101405,167,100072,167,101447,100,100063,200,101501,100,100037,100,101573,100,100024,100,101600,100,99964,100,101632,100,99930,100
2019-06-28 09:59:30.000000000,100718,284,100316,184,101068,184,100224,184,101318,184,100140,184,101389,184,100076,184,101405,100,100072,100,101447,100,100063,200,101501,100,100037,100,101573,100,100024,100,101600,100,99964,100,101632,100,99930,100
2019-06-28 09:59:40.000000000,100718,284,100316,184,101068,184,100224,184,101318,184,100140,184,101389,184,100076,184,101405,100,100072,100,101447,100,100063,200,101501,100,100037,100,101573,100,100024,100,101600,100,99964,100,101632,100,99930,100
2019-06-28 09:59:50.000000000,100718,267,100316,167,101068,167,100224,167,101318,167,100140,167,101389,167,100076,167,101405,167,100072,167,101447,100,100063,200,101501,100,100037,100,101573,100,100024,100,101600,100,99964,100,101632,100,99930,100
2019-06-28 09:59:55.326380441,100718,267,100316,67,101068,167,100224,167,101318,167,100140,167,101389,167,100076,167,101405,167,100072,167,101447,100,100063,200,101501,100,100037,100,101573,100,100024,100,101600,100,99964,100,101632,100,99930,100
2019-06-28 10:00:00.000000000,100718,534,100224,434,101068,100,100140,100,101318,100,100076,100,101389,100,100072,100,101405,100,100063,200,101447,100,100037,100,101501,100,100024,100,101573,100,99964,100,101600,100,99930,100,101632,100,99926,100
2019-06-28 10:00:03.352432559,100718,534,100224,434,101068,100,100140,100,101389,100,100076,100,101405,100,100072,100,101447,100,100063,200,101501,100,100037,100,101573,100,100024,100,101600,100,99964,100,101632,100,99930,100,,,99926,100
2019-06-28 10:00:06.140296645,100718,534,100224,434,101068,100,100140,100,101389,100,100076,100,101405,100,100072,100,101447,100,100063,200,101501,100,100037,100,101573,100,100024,100,101600,100,99964,100,101632,100,99930,100,,,99926,100
2019-06-28 10:00:10.000000000,100718,314,100224,214,101068,210,100140,210,101389,210,100076,210,101405,100,100072,100,101447,100,100063,200,101501,100,100037,100,101573,100,100024,100,101600,100,99964,100,101632,100,99930,100,,,99926,100
2019-06-28 10:00:16.145849848,100718,314,100224,214,101068,210,100140,210,101389,210,100076,210,101405,100,100072,100,101447,100,100063,200,101501,100,100037,100,101573,100,100024,100,101600,100,99964,100,101632,100,99930,100,,,99926,100
2019-06-28 10:00:19.338104589,100718,314,100224,114,101068,210,100140,210,101389,210,100076,210,101405,100,100072,100,101447,100,100063,200,101501,100,100037,100,101573,100,100024,100,101600,100,99964,100,101632,100,99930,100,,,99926,100
2019-06-28 10:00:20.000000000,100718,534,100140,434,101068,100,100076,100,101389,100,100072,100,101405,100,100063,200,101447,100,100037,100,101501,100,100024,100,101573,100,99964,100,101600,100,99930,100,101632,100,99926,100,,,99899,100
2019-06-28 10:00:20.482557822,100718,534,100140,334,101068,100,100076,100,101389,100,100072,100,101405,100,100063,200,101447,100,100037,100,101501,100,100024,100,101573,100,99964,100,101600,100,99930,100,101632,100,99926,100,,,99837,100
2019-06-28 10:00:30.000000000,100718,534,100076,434,101068,100,100072,100,101389,100,100063,200,101405,100,100037,100,101447,100,100024,100,101501,100,99964,100,101573,100,99930,100,101600,100,99926,100,101632,100,99837,100,,,99406,100
2019-06-28 10:00:35.364637365,100718,534,100076,434,101068,100,100072,100,101389,100,100063,200,101405,100,100037,100,101447,100,100024,100,101501,100,99964,100,101573,100,99930,100,101600,100,99926,100,101632,100,99837,100,,,99406,100
2019-06-28 10:00:40.000000000,100718,534,100076,434,101068,100,100072,100,101389,100,100063,200,101405,100,100037,100,101447,100,100024,100,101501,100,99964,100,101573,100,99930,100,101600,100,99926,100,101632,100,99837,100,,,99406,100
2019-06-28 10:00:50.000000000,100718,534,100076,434,101068,100,100072,100,101389,100,100063,200,101405,100,100037,100,101447,100,100024,100,101501,100,99964,100,101573,100,99930,100,101600,100,99926,100,101632,100,99837,100,,,99406,100
2019-06-28 10:00:50.694492974,100718,534,100076,434,101068,100,100072,100,101389,100,100063,100,101405,100,100037,100,101447,100,100024,100,101501,100,99964,100,101573,100,99930,100,101600,100,99926,100,101632,100,99837,100,,,99406,100
2019-06-28 10:00:59.991374804,100718,534,100076,334,101068,100,100072,100,101389,100,100063,100,101405,100,100037,100,101447,100,100024,100,101501,100,99964,100,101573,100,99930,100,101600,100,99926,100,101632,100,99837,100,,,99406,100
2019-06-28 10:01:00.000000000,100718,284,100072,184,101068,184,100063,184,101389,184,100037,184,101405,184,100024,184,101447,100,99964,100,101501,100,99930,100,101573,100,99926,100,101600,100,99837,100,101632,100,99406,100,,,99382,100
2019-06-28 10:01:01.363393376,100718,284,100072,84,101068,184,100063,184,101389,184,100037,184,101405,184,100024,184,101447,100,99964,100,101501,100,99930,100,101573,100,99926,100,101600,100,99837,100,101632,100,99406,100,,,99382,100
2019-06-28 10:01:07.015282036,100718,284,100072,84,101068,184,100063,184,101389,184,100037,184,101405,184,100024,184,101447,100,99964,100,101501,100,99930,100,101573,100,99926,100,101600,100,99837,100,101632,100,99406,100,,,99382,100
2019-06-28 10:01:10.000000000,100718,284,100063,184,101068,184,100037,184,101389,184,100024,184,101405,184,99964,184,101447,100,99930,100,101501,100,99926,100,101573,100,99837,100,101600,100,99406,100,101632,100,99382,100,,,99332,100
2019-06-28 10:01:20.000000000,100718,267,100063,167,101068,167,100037,167,101389,167,100024,167,101405,167,99964,167,101447,167,99930,167,101501,100,99926,100,101573,100,99837,100,101600,100,99406,100,101632,100,99382,100,,,99332,100
2019-06-28 10:01:30.000000000,100718,267,100063,167,101068,167,100037,167,101389,167,100024,167,101405,167,99964,167,101447,167,99930,167,101501,100,99926,100,101573,100,99837,100,101600,100,99406,100,101632,100,99382,100,,,99332,100
2019-06-28 10:01:30.100128818,100718,267,100063,67,101068,167,100037,167,101389,167,100024,167,101405,167,99964,167,101447,167,99930,167,101501,100,99926,100,101573,100,99837,100,101600,100,99406,100,101632,100,99382,100,,,99332,100
2019-06-28 10:01:40.000000000,100718,267,100037,167,101068,167,100024,167,101389,167,99964,167,101405,167,99930,167,101447,167,99926,167,101501,100,99837,100,101573,100,99406,100,101600,100,99382,100,101632,100,99332,100,,,99160,100
2019-06-28 10:01:45.530670079,100718,267,100037,167,101068,167,100024,167,101389,167,99964,167,101405,167,99930,167,101447,167,99926,167,101501,100,99837,100,101573,100,99628,100,101600,100,99406,100,101632,100,99382,100,,,99332,100
2019-06-28 10:01:50.000000000,100718,367,100037,267,101068,267,100024,267,101389,100,99964,100,101405,100,99930,100,101447,100,99926,100,101501,100,99837,100,101573,100,99628,100,101600,100,99406,100,101632,100,99382,100,,,99332,100
2019-06-28 10:02:00.000000000,100718,534,100037,434,101068,100,100024,100,101389,100,99964,100,101405,100,99930,100,101447,100,99926,100,101501,100,99837,100,101573,100,99628,100,101600,100,99406,100,101632,100,99382,100,,,99332,100
2019-06-28 10:02:10.000000000,100718,314,100037,214,101068,210,100024,210,101389,210,99964,210,101405,100,99930,100,101447,100,99926,100,101501,100,99837,100,101573,100,99628,100,101600,100,99406,100,101632,100,99382,100,,,99332,100
2019-06-28 10:02:13.423544146,100072,100,100037,214,100718,314,100024,210,101068,210,99964,210,101389,210,99930,100,101405,100,99926,100,101447,100,99837,100,101501,100,99628,100,101573,100,99406,100,101600,100,99382,100,101632,100,99332,100
2019-06-28 10:02:18.830802224,100072,100,100037,214,100718,314,100024,210,101068,210,99964,210,101389,210,99930,100,101405,100,99926,100,101447,100,99837,100,101501,100,99769,100,101573,100,99628,100,101600,100,99406,100,101632,100,99382,100
2019-06-28 10:02:20.000000000,100072,434,100037,434,100718,200,100024,100,101068,100,99964,100,101389,100,99930,100,101405,100,99926,100,101447,100,99837,100,101501,100,99769,100,101573,100,99628,100,101600,100,99406,100,101632,100,99382,100
2019-06-28 10:02:20.888404815,100072,434,100037,434,100718,200,100024,100,101068,100,99964,100,101389,100,99930,100,101405,100,99926,100,101447,100,99837,100,101501,100,99800,100,101573,100,99769,100,101600,100,99628,100,101632,100,99406,100
2019-06-28 10:02:30.000000000,100072,267,100037,267,100718,367,100024,267,101068,100,99964,100,101389,100,99930,100,101405,100,99926,100,101447,100,99837,100,101501,100,99800,100,101573,100,99769,100,101600,100,99628,100,101632,100,99406,100
2019-06-28 10:02:40.000000000,100072,167,100037,167,100718,267,100024,167,101068,167,99964,167,101389,167,99930,167,101405,167,99926,167,101447,100,99837,100,101501,100,99800,100,101573,100,99769,100,101600,100,99628,100,101632,100,99406,100
2019-06-28 10:02:43.033802316,100072,167,100037,167,100718,267,100024,167,101068,167,99964,167,101389,167,99930,167,101405,167,99926,167,101447,100,99837,100,101501,100,99800,100,101573,100,99769,100,101600,100,99687,100,101632,100,99628,100
2019-06-28 10:02:50.000000000,100072,267,100037,267,100718,367,100024,267,101068,100,99964,100,101389,100,99930,100,101405,100,99926,100,101447,100,99837,100,101501,100,99800,100,101573,100,99769,100,101600,100,99687,100,101632,100,99628,100
2019-06-28 10:03:00.000000000,100072,184,100037,184,100718,284,100024,184,101068,184,99964,184,101389,184,99930,184,101405,100,99926,100,101447,100,99837,100,101501,100,99800,100,101573,100,99769,100,101600,100,99687,100,101632,100,99628,100
2019-06-28 10:03:01.299022338,100072,184,100037,184,100718,284,100024,184,101068,184,99964,184,101389,184,99930,184,101405,100,99926,100,101447,100,99886,100,101501,100,99837,100,101573,100,99800,100,101600,100,99769,100,101632,100,99687,100
2019-06-28 10:03:10.000000000,100072,267,100037,267,100718,367,100024,267,101068,100,99964,100,101389,100,99930,100,101405,100,99926,100,101447,100,99886,100,101501,100,99837,100,101573,100,99800,100,101600,100,99769,100,101632,100,99687,100
2019-06-28 10:03:12.257505895,100072,267,100037,167,100718,367,100024,267,101068,100,99964,100,101389,100,99930,100,101405,100,99926,100,101447,100,99886,100,101501,100,99800,100,101573,100,99769,100,101600,100,99687,100,101632,100,99628,100
2019-06-28 10:03:20.000000000,100072,184,100024,184,100718,284,99964,184,101068,184,99930,184,101389,184,99926,184,101405,100,99886,100,101447,100,99800,100,101501,100,99769,100,101573,100,99687,100,101600,100,99628,100,101632,100,99406,100
2019-06-28 10:03:22.194035296,100072,184,100024,84,100718,284,99964,184,101068,184,99930,184,101389,184,99926,184,101405,100,99886,100,101447,100,99800,100,101501,100,99769,100,101573,100,99687,100,101600,100,99406,100,101632,100,99382,100
2019-06-28 10:03:27.444578231,100024,16,99964,184,100072,184,99930,184,100718,284,99926,184,101068,184,99886,100,101389,184,99800,100,101405,100,99769,100,101501,100,99687,100,101573,100,99406,100,101600,100,99382,100,101632,100,99332,100
2019-06-28 10:03:30.000000000,100024,83,99964,167,100072,167,99930,167,100718,267,99926,167,101068,167,99886,167,101389,167,99800,167,101405,100,99769,100,101501,100,99687,100,101573,100,99406,100,101600,100,99382,100,101632,100,99332,100
2019-06-28 10:03:31.991660052,100024,83,99964,167,100072,167,99930,167,100718,267,99926,167,101068,167,99886,167,101389,167,99800,167,101405,100,99769,100,101501,100,99694,100,101573,100,99687,100,101600,100,99406,100,101632,100,99382,100
2019-06-28 10:03:35.428997477,100024,83,99964,67,100072,167,99930,167,100718,267,99926,167,101068,167,99886,167,101389,167,99800,167,101405,100,99769,100,101501,100,99694,100,101573,100,99687,100,101600,100,99406,100,,,99382,100
2019-06-28 10:03:40.000000000,100024,83,99930,167,100072,167,99926,167,100718,267,99886,167,101068,167,99800,167,101389,167,99769,167,101405,100,99694,100,101501,100,99687,100,101573,100,99406,100,101600,100,99382,100,,,99332,100
2019-06-28 10:03:50.000000000,100024,350,99930,434,100072,100,99926,100,100718,200,99886,100,101068,100,99800,100,101389,100,99769,100,101405,100,99694,100,101501,100,99687,100,101573,100,99406,100,101600,100,99382,100,,,99332,100
2019-06-28 10:03:56.305175629,100024,350,99930,334,100072,100,99926,100,100718,200,99886,100,101068,100,99800,100,101389,100,99769,100,101405,100,99694,100,101501,100,99687,100,101573,100,99406,100,101600,100,99382,100,,,99332,100
2019-06-28 10:04:00.000000000,100024,100,99926,184,100072,184,99886,184,100718,284,99800,184,101068,184,99769,184,101389,100,99694,100,101405,100,99687,100,101501,100,99406,100,101573,100,99382,100,101600,100,99332,100,,,99160,100
2019-06-28 10:04:10.000000000,100024,83,99926,167,100072,167,99886,167,100718,267,99800,167,101068,167,99769,167,101389,167,99694,167,101405,100,99687,100,101501,100,99406,100,101573,100,99382,100,101600,100,99332,100,,,99160,100
2019-06-28 10:04:11.154081631,99964,100,99926,167,100024,83,99886,167,100072,167,99800,167,100718,167,99769,167,101068,167,99694,167,101389,167,99687,100,101405,100,99406,100,101501,100,99382,100,101573,100,99332,100,101600,100,99160,100
2019-06-28 10:04:20.000000000,99964,267,99926,267,100024,183,99886,267,100072,100,99800,100,100718,100,99769,100,101068,100,99694,100,101389,100,99687,100,101405,100,99406,100,101501,100,99382,100,101573,100,99332,100,101600,100,99160,100
2019-06-28 10:04:21.163775096,99964,267,99926,267,100024,183,99886,267,100072,100,99800,100,100128,100,99769,100,100718,100,99694,100,101068,100,99687,100,101389,100,99406,100,101405,100,99382,100,101501,100,99332,100,101573,100,99160,100
2019-06-28 10:04:25.964937636,99964,167,99926,267,100024,183,99886,267,100072,100,99800,100,100128,100,99769,100,100718,100,99694,100,101068,100,99687,100,101389,100,99406,100,101405,100,99382,100,101501,100,99332,100,101573,100,99160,100
2019-06-28 10:04:30.000000000,100024,350,99926,434,100072,100,99886,100,100128,100,99800,100,100718,100,99769,100,101068,100,99694,100,101389,100,99687,100,101405,100,99406,100,101501,100,99382,100,101573,100,99332,100,101600,100,99160,100
2019-06-28 10:04:40.000000000,100024,130,99926,214,100072,210,99886,210,100128,210,99800,210,100718,100,99769,100,101068,100,99694,100,101389,100,99687,100,101405,100,99406,100,101501,100,99382,100,101573,100,99332,100,101600,100,99160,100
2019-06-28 10:04:43.342661299,100024,130,99931,100,100072,210,99926,214,100128,210,99886,210,100718,100,99800,210,101068,100,99769,100,101389,100,99694,100,101405,100,99687,100,101501,100,99406,100,101573,100,99382,100,101600,100,99332,100
2019-06-28 10:04:45.596570760,100024,130,99931,100,100072,210,99926,214,100128,210,99886,210,100671,100,99800,210,100718,100,99769,100,101068,100,99694,100,101389,100,99687,100,101405,100,99406,100,101501,100,99382,100,101573,100,99332,100
2019-06-28 10:04:50.000000000,100024,183,99931,267,100072,267,99926,267,100128,100,99886,100,100671,100,99800,100,100718,100,99769,100,101068,100,99694,100,101389,100,99687,100,101405,100,99406,100,101501,100,99382,100,101573,100,99332,100
2019-06-28 10:04:54.686668190,100024,183,99931,267,100072,267,99926,267,100128,100,99886,100,100671,100,99800,100,100693,100,99769,100,100718,100,99694,100,101068,100,99687,100,101389,100,99406,100,101405,100,99382,100,101501,100,99332,100
2019-06-28 10:05:00.000000000,100024,83,99931,167,100072,167,99926,167,100128,167,99886,167,100671,167,99800,167,100693,167,99769,167,100718,100,99694,100,101068,100,99687,100,101389,100,99406,100,101405,100,99382,100,101501,100,99332,100
2019-06-28 10:05:05.552505346,100072,167,100024,17,100128,167,99931,167,100671,167,99926,167,100693,167,99886,167,100718,100,99800,167,101068,100,99769,167,101389,100,99694,100,101405,100,99687,100,101501,100,99406,100,101573,100,99382,100
