,ask_price_1,ask_size_1,bid_price_1,bid_size_1,ask_price_2,ask_size_2,bid_price_2,bid_size_2,ask_price_3,ask_size_3,bid_price_3,bid_size_3,ask_price_4,ask_size_4,bid_price_4,bid_size_4,ask_price_5,ask_size_5,bid_price_5,bid_size_5,ask_price_6,ask_size_6,bid_price_6,bid_size_6,ask_price_7,ask_size_7,bid_price_7,bid_size_7,ask_price_8,ask_size_8,bid_price_8,bid_size_8,ask_price_9,ask_size_9,bid_price_9,bid_size_9,ask_price_10,ask_size_10,bid_price_10,bid_size_10
2019-06-28 09:30:00.000000000,100100,100,99843,100,,,,,,,,,,,,,,,,,,,,,,,,,,,,,,,,,,,,
2019-06-28 09:30:00.000000003,100091,100,99877,100,100100,100,99843,100,100145,100,,,,,,,,,,,,,,,,,,,,,,,,,,,,,,
2019-06-28 09:30:00.000000004,100091,100,100024,100,100100,100,99877,100,100145,100,99843,100,,,,,,,,,,,,,,,,,,,,,,,,,,,,
2019-06-28 09:30:00.000000005,100091,100,100024,100,100100,100,99877,100,100145,100,99843,100,,,99826,100,,,,,,,,,,,,,,,,,,,,,,,,
2019-06-28 09:30:00.000000006,100091,100,100024,100,100100,100,99877,100,100110,100,99843,100,100142,100,99826,100,100145,100,,,,,,,,,,,,,,,,,,,,,,
2019-06-28 09:30:00.000000013,100025,100,100024,100,100091,100,99877,100,100100,100,99843,100,100110,100,99826,100,100142,100,,,100145,100,,,,,,,,,,,,,,,,,,
2019-06-28 09:30:00.000000018,100025,100,99877,100,100091,100,99843,100,100100,100,99826,100,100110,100,,,100142,100,,,100145,100,,,,,,,,,,,,,,,,,,
2019-06-28 09:30:00.000000019,100025,100,99877,100,100070,100,99843,100,100082,100,99826,100,100091,100,,,100100,100,,,100110,100,,,100142,100,,,100145,100,,,,,,,,,,
2019-06-28 09:30:00.000000020,100025,200,99877,100,100070,100,99843,100,100082,100,99826,100,100091,100,,,100100,100,,,100110,100,,,100142,100,,,100145,100,,,,,,,,,,
2019-06-28 09:30:00.000000021,100025,100,99889,100,100070,100,99877,100,100082,100,99843,100,100091,100,99826,100,100100,100,,,100110,100,,,100142,100,,,100145,100,,,,,,,,,,
2019-06-28 09:30:00.000000026,100024,100,99889,100,100025,100,99877,100,100070,100,99843,100,100082,100,99826,100,100091,100,,,100100,100,,,100110,100,,,100142,100,,,100145,100,,,,,,
2019-06-28 09:30:00.000000027,100024,100,99990,100,100025,100,99889,100,100070,100,99879,100,100082,100,99877,100,100091,100,99843,100,100100,100,99826,100,100110,100,,,100142,100,,,100145,100,,,,,,
2019-06-28 09:30:00.000000028,100024,100,99990,100,100025,100,99889,100,100070,100,99879,100,100082,100,99877,100,100091,100,99843,100,100100,100,99826,100,100110,100,,,100115,100,,,100142,100,,,100145,100,,
2019-06-28 09:30:00.000000032,100024,200,99990,100,100025,100,99889,100,100070,100,99879,100,100082,100,99877,100,100091,100,99843,100,100100,100,99826,100,100110,100,,,100115,100,,,100142,100,,,100145,100,,
2019-06-28 09:30:00.000000034,100024,200,99990,100,100025,100,99889,100,100070,100,99879,100,100082,100,99877,100,100091,100,99843,100,100100,100,99826,100,100110,100,99813,100,100115,100,,,100142,100,,,100145,100,,
2019-06-28 09:30:00.000000037,100024,200,99990,100,100025,100,99889,100,100070,100,99879,100,100082,100,99877,100,100091,100,99843,100,100100,100,99826,100,100110,100,99813,100,100115,100,99809,100,100142,100,,,100145,100,,
2019-06-28 09:30:00.000000038,100024,300,99990,100,100025,100,99974,100,100070,100,99925,100,100082,100,99889,100,100091,100,99879,100,100100,100,99877,100,100110,100,99843,100,100115,100,99826,100,100142,100,99813,100,100145,100,99809,100
2019-06-28 09:30:00.000000039,100024,300,99990,100,100025,100,99974,100,100049,100,99925,100,100070,100,99889,100,100082,100,99879,100,100091,100,99877,100,100100,100,99843,100,100110,100,99826,100,100115,100,99813,100,100142,100,99809,100
2019-06-28 09:30:00.000000040,100024,300,99990,100,100025,100,99974,100,100049,100,99925,100,100070,100,99889,100,100082,100,99879,100,100091,100,99877,100,100100,100,99843,100,100109,100,99826,100,100110,100,99813,100,100115,100,99809,100
2019-06-28 09:30:00.000000041,100024,300,99990,100,100025,100,99974,100,100049,100,99925,100,100070,100,99889,100,100082,100,99879,100,100087,100,99877,100,100091,100,99843,100,100100,100,99826,100,100109,100,99813,100,100110,100,99809,100
2019-06-28 09:30:00.000000042,100024,300,99990,100,100025,100,99974,100,100043,100,99925,100,100049,100,99889,100,100070,100,99879,100,100082,100,99877,100,100087,100,99843,100,100091,100,99826,100,100100,100,99813,100,100109,100,99809,100
2019-06-28 09:30:00.000000043,100024,300,99990,100,100025,100,99974,100,100035,100,99925,100,100043,100,99889,100,100049,100,99879,100,100070,100,99877,100,100082,100,99843,100,100087,100,99826,100,100091,100,99813,100,100100,100,99809,100
2019-06-28 09:30:00.000000044,100023,100,99990,100,100024,400,99974,100,100025,100,99925,100,100035,100,99889,100,100043,100,99879,100,100049,100,99877,100,100070,100,99843,100,100082,100,99826,100,100087,100,99813,100,100091,100,99809,100
2019-06-28 09:30:00.000000051,100023,100,99990,100,100024,400,99974,100,100025,100,99925,100,100035,100,99889,100,100043,100,99879,100,100049,100,99877,100,100055,100,99843,100,100070,100,99826,100,100082,100,99813,100,100087,100,99809,100
2019-06-28 09:30:00.000000052,100023,100,99990,100,100024,400,99974,100,100025,100,99925,100,100035,100,99889,100,100043,100,99879,100,100049,100,99877,100,100054,100,99843,100,100055,100,99826,100,100070,100,99813,100,100082,100,99809,100
2019-06-28 09:30:00.000000055,100023,100,99990,100,100024,400,99974,100,100025,100,99936,100,100035,100,99925,100,100043,100,99896,100,100049,100,99889,100,100054,100,99879,100,100055,100,99877,100,100070,100,99873,100,100082,100,99843,100
2019-06-28 09:30:00.000000056,100024,400,99990,100,100025,100,99974,100,100035,100,99936,100,100043,100,99935,100,100049,100,99925,100,100052,100,99896,100,100054,100,99889,100,100055,100,99879,100,100070,100,99877,100,100082,100,99873,100
2019-06-28 09:30:00.000000057,100024,400,99990,100,100025,100,99974,100,100035,100,99936,100,100043,100,99935,100,100049,100,99925,100,100052,100,99896,100,100054,100,99889,100,100055,100,99879,100,100070,100,99877,100,100082,100,99873,100
2019-06-28 09:30:00.000000058,100023,100,99990,100,100024,400,99974,100,100025,100,99936,100,100035,100,99935,100,100043,100,99925,100,100049,100,99896,100,100052,100,99889,100,100054,100,99879,100,100055,100,99877,100,100070,100,99873,100
2019-06-28 09:30:00.000000061,100023,200,99990,100,100024,400,99974,100,100025,100,99936,100,100035,100,99935,100,100043,100,99925,100,100049,100,99896,100,100052,100,99889,100,100054,100,99879,100,100055,100,99877,100,100065,100,99873,100
2019-06-28 09:30:00.000000062,100023,200,99990,100,100024,400,99974,100,100025,100,99940,100,100035,100,99936,100,100043,100,99935,100,100049,100,99925,100,100052,100,99896,100,100054,100,99889,100,100055,100,99879,100,100065,100,99877,100
2019-06-28 09:30:00.000000063,100023,200,99990,100,100024,400,99974,100,100025,100,99940,100,100035,100,99936,100,100043,100,99935,100,100049,100,99925,100,100052,100,99896,100,100054,100,99889,100,100055,100,99879,100,100065,100,99877,100
2019-06-28 09:30:00.000000065,100023,200,99990,100,100024,400,99974,100,100025,100,99968,100,100035,100,99940,100,100043,100,99936,100,100049,100,99935,100,100052,100,99925,100,100054,100,99896,100,100055,100,99889,100,100065,100,99879,100
2019-06-28 09:30:00.000000066,100023,200,99991,100,100024,400,99990,100,100025,100,99974,100,100035,100,99968,100,100043,100,99940,100,100049,100,99936,100,100052,100,99935,100,100054,100,99925,100,100055,100,99896,100,100065,100,99889,100
2019-06-28 09:30:00.000000068,100023,200,100006,100,100024,400,99991,100,100025,100,99990,100,100035,100,99974,100,100043,100,99968,100,100049,100,99940,100,100052,100,99936,100,100054,100,99935,100,100055,100,99925,100,100065,100,99896,100
2019-06-28 09:30:00.000000075,100023,200,100006,100,100024,400,99991,100,100025,100,99990,100,100035,100,99974,100,100043,100,99968,100,100049,100,99940,100,100052,100,99936,100,100054,100,99935,100,100055,100,99925,100,100065,100,99920,100
2019-06-28 09:30:00.000000085,100008,100,100006,100,100023,200,99991,100,100024,400,99990,100,100025,100,99974,100,100035,100,99968,100,100043,100,99940,100,100049,100,99936,100,100052,100,99935,100,100054,100,99925,100,100055,100,99920,100
2019-06-28 09:30:00.000000086,100008,100,99991,100,100023,200,99990,100,100024,400,99974,100,100025,100,99968,100,100035,100,99940,100,100043,100,99936,100,100049,100,99935,100,100052,100,99925,100,100054,100,99920,100,100055,100,99896,100
2019-06-28 09:30:00.000000087,100008,100,100006,100,100023,200,99991,100,100024,400,99990,100,100025,100,99974,100,100035,100,99968,100,100043,100,99940,100,100049,100,99936,100,100052,100,99935,100,100054,100,99925,100,100055,100,99920,100
2019-06-28 09:30:00.000000089,100008,100,100006,100,100023,200,99991,100,100024,400,99990,100,100025,100,99974,100,100035,100,99968,100,100043,100,99940,100,100049,100,99936,100,100052,100,99935,100,100054,100,99925,100,100055,100,99920,100
2019-06-28 09:30:00.000000091,100008,100,100006,100,100023,200,99991,100,100024,400,99990,100,100025,100,99974,100,100035,100,99968,100,100043,100,99940,100,100049,100,99936,100,100052,100,99935,100,100054,100,99925,100,100055,100,99920,100
2019-06-28 09:30:00.000000094,100008,100,100006,200,100023,200,99991,100,100024,400,99990,100,100025,100,99974,100,100035,100,99968,100,100043,100,99940,100,100049,100,99936,100,100052,100,99935,100,100054,100,99925,100,100055,100,99920,100
2019-06-28 09:30:00.000000095,100008,100,100006,200,100023,200,99991,100,100024,400,99990,100,100025,100,99974,100,100035,100,99968,100,100043,100,99940,100,100049,100,99936,100,100052,100,99935,100,100054,100,99925,100,100055,100,99920,100
2019-06-28 09:30:00.000000099,100008,100,100006,200,100023,200,99991,100,100024,400,99990,100,100025,100,99974,100,100035,100,99968,100,100043,100,99940,100,100049,100,99936,100,100050,100,99935,100,100052,100,99933,100,100054,100,99925,100
2019-06-28 09:30:10.000000000,100008,183,100006,283,100023,283,99991,183,100024,483,99990,183,100025,183,99974,183,100035,100,99968,100,100043,100,99940,100,100049,100,99936,100,100050,100,99935,100,100052,100,99933,100,100054,100,99925,100
2019-06-28 09:30:13.709243376,100008,183,100006,183,100023,283,99991,183,100024,483,99990,183,100025,183,99974,183,100035,100,99968,100,100043,100,99940,100,100049,100,99936,100,100050,100,99935,100,100052,100,99933,100,100054,100,99925,100
2019-06-28 09:30:20.000000000,100008,166,100006,166,100023,266,99991,166,100024,466,99990,166,100025,166,99974,166,100035,166,99968,166,100043,100,99940,100,100049,100,99936,100,100050,100,99935,100,100052,100,99933,100,100054,100,99925,100
2019-06-28 09:30:30.000000000,100008,166,100006,166,100023,266,99991,166,100024,466,99990,166,100025,166,99974,166,100035,166,99968,166,100043,100,99940,100,100049,100,99936,100,100050,100,99935,100,100052,100,99933,100,100054,100,99925,100
2019-06-28 09:30:33.671817949,100008,166,100006,66,100023,266,99991,166,100024,466,99990,166,100025,166,99974,166,100035,166,99968,166,100043,100,99940,100,100049,100,99936,100,100050,100,99935,100,100052,100,99933,100,100054,100,99925,100
2019-06-28 09:30:40.000000000,100008,266,99991,266,100023,366,99990,266,100024,400,99974,100,100025,100,99968,100,100035,100,99940,100,100043,100,99936,100,100049,100,99935,100,100050,100,99933,100,100052,100,99925,100,100054,100,99920,100
2019-06-28 09:30:50.000000000,100008,166,99991,166,100023,266,99990,166,100024,466,99974,166,100025,166,99968,166,100035,166,99940,166,100043,100,99936,100,100049,100,99935,100,100050,100,99933,100,100052,100,99925,100,100054,100,99920,100
2019-06-28 09:31:00.000000000,100008,166,99991,166,100023,266,99990,166,100024,466,99974,166,100025,166,99968,166,100035,166,99940,166,100043,100,99936,100,100049,100,99935,100,100050,100,99933,100,100052,100,99925,100,100054,100,99920,100
2019-06-28 09:31:04.528808967,100008,166,99991,166,100023,266,99990,166,100024,466,99974,166,100025,166,99968,166,100035,166,99940,166,100043,100,99936,100,100049,100,99935,100,100050,100,99933,100,100052,100,99925,100,100054,100,99920,100
2019-06-28 09:31:10.000000000,100008,266,99991,266,100023,366,99990,266,100024,400,99974,100,100025,100,99968,100,100035,100,99940,100,100043,100,99936,100,100049,100,99935,100,100050,100,99933,100,100052,100,99925,100,100054,100,99920,100
2019-06-28 09:31:12.316362187,100008,266,99991,266,100023,366,99990,266,100024,400,99974,100,100025,100,99968,100,100035,100,99940,100,100043,100,99936,100,100049,100,99933,100,100050,100,99925,100,100052,100,99920,100,100054,100,99896,100
2019-06-28 09:31:19.429541285,100008,266,99991,266,100023,266,99990,266,100024,400,99974,100,100025,100,99968,100,100035,100,99940,100,100043,100,99936,100,100049,100,99933,100,100050,100,99925,100,100052,100,99920,100,100054,100,99896,100
2019-06-28 09:31:20.000000000,100008,166,99991,166,100023,166,99990,166,100024,466,99974,166,100025,166,99968,166,100035,166,99940,166,100043,100,99936,100,100049,100,99933,100,100050,100,99925,100,100052,100,99920,100,100054,100,99896,100
2019-06-28 09:31:23.546536517,100008,166,99991,66,100023,166,99990,166,100024,466,99974,166,100025,166,99968,166,100035,166,99940,166,100043,100,99936,100,100049,100,99933,100,100050,100,99925,100,100052,100,99920,100,100054,100,99896,100
2019-06-28 09:31:26.797428696,100006,100,99991,66,100008,166,99990,166,100023,166,99974,166,100024,366,99968,166,100025,166,99940,166,100035,166,99936,100,100043,100,99933,100,100049,100,99925,100,100050,100,99920,100,100052,100,99896,100
2019-06-28 09:31:30.000000000,100006,166,99990,166,100008,166,99974,166,100023,166,99968,166,100024,366,99940,166,100025,166,99936,166,100035,100,99933,100,100043,100,99925,100,100049,100,99920,100,100050,100,99896,100,100052,100,99889,100
2019-06-28 09:31:40.000000000,100006,213,99990,213,100008,210,99974,210,100023,210,99968,210,100024,300,99940,100,100025,100,99936,100,100035,100,99933,100,100043,100,99925,100,100049,100,99920,100,100050,100,99896,100,100052,100,99889,100
2019-06-28 09:31:50.000000000,100006,166,99990,166,100008,166,99974,166,100023,166,99968,166,100024,366,99940,166,100025,166,99936,166,100035,100,99933,100,100043,100,99925,100,100049,100,99920,100,100050,100,99896,100,100052,100,99889,100
2019-06-28 09:31:51.864222774,100006,166,99990,166,100008,166,99974,166,100023,166,99968,166,100024,366,99940,166,100025,166,99936,166,100035,100,99925,100,100043,100,99920,100,100049,100,99896,100,100050,100,99889,100,100052,100,99879,100
2019-06-28 09:31:56.508347400,100006,166,99990,166,100008,166,99974,166,100023,166,99968,166,100024,366,99940,166,100025,166,99936,166,100035,100,99925,100,100043,100,99920,100,100049,100,99896,100,100050,100,99894,100,100052,100,99889,100
2019-06-28 09:32:00.000000000,100006,432,99990,432,100008,100,99974,100,100023,100,99968,100,100024,300,99940,100,100025,100,99936,100,100035,100,99925,100,100043,100,99920,100,100049,100,99896,100,100050,100,99894,100,100052,100,99889,100
2019-06-28 09:32:04.744961213,100006,532,99990,432,100008,100,99974,100,100023,100,99968,100,100024,300,99940,100,100025,100,99936,100,100035,100,99925,100,100043,100,99920,100,100049,100,99896,100,100050,100,99894,100,100052,100,99889,100
2019-06-28 09:32:10.000000000,100006,313,99990,213,100008,210,99974,210,100023,210,99968,210,100024,300,99940,100,100025,100,99936,100,100035,100,99925,100,100043,100,99920,100,100049,100,99896,100,100050,100,99894,100,100052,100,99889,100
2019-06-28 09:32:13.393927476,100006,313,99990,113,100008,210,99974,210,100023,210,99968,210,100024,300,99940,100,100025,100,99936,100,100035,100,99920,100,100043,100,99896,100,100049,100,99894,100,100050,100,99889,100,100052,100,99879,100
2019-06-28 09:32:20.000000000,100006,266,99974,166,100008,166,99968,166,100023,166,99940,166,100024,366,99936,166,100025,166,99920,166,100035,100,99896,100,100043,100,99894,100,100049,100,99889,100,100050,100,99879,100,100052,100,99877,100
2019-06-28 09:32:30.000000000,100006,266,99974,166,100008,166,99968,166,100023,166,99940,166,100024,366,99936,166,100025,166,99920,166,100035,100,99896,100,100043,100,99894,100,100049,100,99889,100,100050,100,99879,100,100052,100,99877,100
2019-06-28 09:32:40.000000000,100006,313,99974,213,100008,210,99968,210,100023,210,99940,210,100024,300,99936,100,100025,100,99920,100,100035,100,99896,100,100043,100,99894,100,100049,100,99889,100,100050,100,99879,100,100052,100,99877,100
2019-06-28 09:32:50.000000000,100006,313,99974,213,100008,210,99968,210,100023,210,99940,210,100024,300,99936,100,100025,100,99920,100,100035,100,99896,100,100043,100,99894,100,100049,100,99889,100,100050,100,99879,100,100052,100,99877,100
2019-06-28 09:32:58.815812761,100006,313,99974,213,100008,210,99968,210,100023,210,99940,210,100024,200,99936,100,100025,100,99920,100,100035,100,99896,100,100043,100,99894,100,100049,100,99889,100,100050,100,99879,100,100052,100,99877,100
2019-06-28 09:33:00.000000000,100006,266,99974,166,100008,166,99968,166,100023,166,99940,166,100024,266,99936,166,100025,166,99920,166,100035,100,99896,100,100043,100,99894,100,100049,100,99889,100,100050,100,99879,100,100052,100,99877,100
2019-06-28 09:33:06.363802174,100005,100,99974,166,100006,266,99968,166,100008,166,99940,166,100023,166,99936,166,100024,266,99920,166,100025,166,99896,100,100035,100,99894,100,100043,100,99889,100,100049,100,99879,100,100050,100,99877,100
2019-06-28 09:33:07.562148815,100005,100,99974,166,100006,266,99968,166,100008,166,99940,166,100023,166,99936,166,100024,266,99920,166,100025,166,99896,100,100035,100,99894,100,100043,100,99889,100,100049,100,99879,100,100050,100,99877,100
2019-06-28 09:33:10.000000000,100005,213,99974,213,100006,310,99968,210,100008,210,99940,210,100023,100,99936,100,100024,200,99920,100,100025,100,99896,100,100035,100,99894,100,100043,100,99889,100,100049,100,99879,100,100050,100,99877,100
2019-06-28 09:33:20.000000000,100005,213,99974,213,100006,310,99968,210,100008,210,99940,210,100023,100,99936,100,100024,200,99920,100,100025,100,99896,100,100035,100,99894,100,100043,100,99889,100,100049,100,99879,100,100050,100,99877,100
2019-06-28 09:33:23.164223408,100005,213,99974,213,100006,310,99968,210,100008,210,99940,210,100023,100,99936,100,100024,100,99920,100,100025,100,99896,100,100035,100,99894,100,100043,100,99889,100,100049,100,99879,100,100050,100,99877,100
2019-06-28 09:33:30.000000000,100005,166,99974,166,100006,266,99968,166,100008,166,99940,166,100023,166,99936,166,100024,166,99920,166,100025,100,99896,100,100035,100,99894,100,100043,100,99889,100,100049,100,99879,100,100050,100,99877,100
2019-06-28 09:33:32.444346396,100005,266,99974,166,100006,266,99968,166,100008,166,99940,166,100023,166,99936,166,100024,166,99920,166,100025,100,99896,100,100035,100,99894,100,100043,100,99889,100,100049,100,99879,100,100050,100,99877,100
2019-06-28 09:33:40.000000000,100005,366,99974,266,100006,366,99968,266,100008,100,99940,100,100023,100,99936,100,100024,100,99920,100,100025,100,99896,100,100035,100,99894,100,100043,100,99889,100,100049,100,99879,100,100050,100,99877,100
2019-06-28 09:33:44.897480521,100005,366,99974,266,100006,366,99968,266,100008,100,99940,100,100023,100,99936,100,100024,100,99920,100,100025,100,99896,100,100035,100,99894,100,100043,100,99889,100,100049,100,99879,100,100050,100,99877,100
2019-06-28 09:33:49.341239201,100005,466,99974,266,100006,366,99968,266,100008,100,99940,100,100024,100,99936,100,100025,100,99920,100,100035,100,99896,100,100043,100,99894,100,100049,100,99889,100,100050,100,99879,100,100052,100,99877,100
2019-06-28 09:33:50.000000000,100005,632,99974,432,100006,200,99968,100,100008,100,99940,100,100024,100,99936,100,100025,100,99920,100,100035,100,99896,100,100043,100,99894,100,100049,100,99889,100,100050,100,99879,100,100052,100,99877,100
2019-06-28 09:34:00.000000000,100005,413,99974,213,100006,310,99968,210,100008,210,99940,210,100024,100,99936,100,100025,100,99920,100,100035,100,99896,100,100043,100,99894,100,100049,100,99889,100,100050,100,99879,100,100052,100,99877,100
2019-06-28 09:34:10.000000000,100005,366,99974,166,100006,266,99968,166,100008,166,99940,166,100024,166,99936,166,100025,166,99920,166,100035,100,99896,100,100043,100,99894,100,100049,100,99889,100,100050,100,99879,100,100052,100,99877,100
2019-06-28 09:34:14.720766797,100005,466,99974,166,100006,166,99968,166,100008,166,99940,166,100024,166,99936,166,100025,166,99920,166,100035,100,99896,100,100043,100,99894,100,100049,100,99889,100,100050,100,99879,100,100052,100,99877,100
2019-06-28 09:34:20.000000000,100005,732,99974,432,100006,100,99968,100,100008,100,99940,100,100024,100,99936,100,100025,100,99920,100,100035,100,99896,100,100043,100,99894,100,100049,100,99889,100,100050,100,99879,100,100052,100,99877,100
2019-06-28 09:34:30.000000000,100005,483,99974,183,100006,183,99968,183,100008,183,99940,183,100024,183,99936,183,100025,100,99920,100,100035,100,99896,100,100043,100,99894,100,100049,100,99889,100,100050,100,99879,100,100052,100,99877,100
2019-06-28 09:34:40.000000000,100005,483,99974,183,100006,183,99968,183,100008,183,99940,183,100024,183,99936,183,100025,100,99920,100,100035,100,99896,100,100043,100,99894,100,100049,100,99889,100,100050,100,99879,100,100052,100,99877,100
2019-06-28 09:34:50.000000000,100005,483,99974,183,100006,183,99968,183,100008,183,99940,183,100024,183,99936,183,100025,100,99920,100,100035,100,99896,100,100043,100,99894,100,100049,100,99889,100,100050,100,99879,100,100052,100,99877,100
2019-06-28 09:35:00.000000000,100005,483,99974,183,100006,183,99968,183,100008,183,99940,183,100024,183,99936,183,100025,100,99920,100,100035,100,99896,100,100043,100,99894,100,100049,100,99889,100,100050,100,99879,100,100052,100,99877,100
2019-06-28 09:35:10.000000000,100005,466,99974,166,100006,166,99968,166,100008,166,99940,166,100024,166,99936,166,100025,166,99920,166,100035,100,99896,100,100043,100,99894,100,100049,100,99889,100,100050,100,99879,100,100052,100,99877,100
2019-06-28 09:35:20.000000000,100005,566,99974,266,100006,266,99968,266,100008,100,99940,100,100024,100,99936,100,100025,100,99920,100,100035,100,99896,100,100043,100,99894,100,100049,100,99889,100,100050,100,99879,100,100052,100,99877,100
2019-06-28 09:35:20.132487336,100005,566,99974,166,100006,266,99968,266,100008,100,99940,100,100024,100,99936,100,100025,100,99920,100,100035,100,99896,100,100043,100,99894,100,100049,100,99889,100,100050,100,99879,100,100052,100,99877,100
2019-06-28 09:35:30.000000000,100005,732,99968,432,100006,100,99940,100,100008,100,99936,100,100024,100,99920,100,100025,100,99896,100,100035,100,99894,100,100043,100,99889,100,100049,100,99879,100,100050,100,99877,100,100052,100,99874,100
2019-06-28 09:35:40.000000000,100005,483,99968,183,100006,183,99940,183,100008,183,99936,183,100024,183,99920,183,100025,100,99896,100,100035,100,99894,100,100043,100,99889,100,100049,100,99879,100,100050,100,99877,100,100052,100,99874,100
2019-06-28 09:35:48.161526749,100005,483,99968,183,100006,183,99940,183,100008,183,99936,183,100024,183,99920,183,100025,100,99896,100,100035,100,99894,100,100043,100,99889,100,100049,100,99879,100,100050,100,99877,100,100052,100,99874,100
2019-06-28 09:35:50.000000000,100005,513,99968,213,100006,210,99940,210,100008,210,99936,210,100024,100,99920,100,100025,100,99896,100,100035,100,99894,100,100043,100,99889,100,100049,100,99879,100,100050,100,99877,100,100052,100,99874,100
2019-06-28 09:35:57.107726696,100005,513,99968,113,100006,210,99940,210,100008,210,99936,210,100024,100,99920,100,100025,100,99896,100,100035,100,99894,100,100043,100,99889,100,100049,100,99879,100,100050,100,99877,100,100052,100,99874,100
2019-06-28 09:36:00.000000000,100005,566,99940,266,100006,266,99936,266,100008,100,99920,100,100024,100,99896,100,100025,100,99894,100,100035,100,99889,100,100043,100,99879,100,100049,100,99877,100,100050,100,99874,100,100052,100,99873,100
2019-06-28 09:36:06.279472622,100005,566,99940,266,100006,266,99936,266,100008,100,99920,100,100024,100,99896,100,100025,100,99894,100,100035,100,99889,100,100043,100,99879,100,100049,100,99877,100,100050,100,99874,100,100052,100,99873,100
2019-06-28 09:36:10.000000000,100005,566,99940,266,100006,266,99936,266,100008,100,99920,100,100024,100,99896,100,100025,100,99894,100,100035,100,99889,100,100043,100,99879,100,100049,100,99877,100,100050,100,99874,100,100052,100,99873,100
2019-06-28 09:36:12.326727365,100005,466,99940,266,100006,266,99936,266,100008,100,99920,100,100024,100,99896,100,100025,100,99894,100,100035,100,99889,100,100043,100,99879,100,100049,100,99877,100,100050,100,99874,100,100052,100,99873,100
2019-06-28 09:36:20.000000000,100005,383,99940,183,100006,183,99936,183,100008,183,99920,183,100024,183,99896,183,100025,100,99894,100,100035,100,99889,100,100043,100,99879,100,100049,100,99877,100,100050,100,99874,100,100052,100,99873,100
2019-06-28 09:36:20.956815149,100005,383,99940,183,100006,183,99936,183,100008,183,99920,183,100024,183,99896,183,100025,100,99894,100,100035,100,99889,100,100043,100,99879,100,100049,100,99877,100,100050,100,99874,100,100052,100,99873,100
2019-06-28 09:36:30.000000000,100005,383,99940,183,100006,183,99936,183,100008,183,99920,183,100024,183,99896,183,100025,100,99894,100,100035,100,99889,100,100043,100,99879,100,100049,100,99877,100,100050,100,99874,100,100052,100,99873,100
2019-06-28 09:36:30.801737578,100005,383,99940,183,100006,183,99936,183,100008,183,99920,183,100024,183,99896,183,100025,100,99894,100,100035,100,99889,100,100043,100,99879,100,100049,100,99877,100,100050,100,99874,100,100052,100,99873,100
2019-06-28 09:36:40.000000000,100005,383,99940,183,100006,183,99936,183,100008,183,99920,183,100024,183,99896,183,100025,100,99894,100,100035,100,99889,100,100043,100,99879,100,100049,100,99877,100,100050,100,99874,100,100052,100,99873,100
2019-06-28 09:36:50.000000000,100005,413,99940,213,100006,210,99936,210,100008,210,99920,210,100024,100,99896,100,100025,100,99894,100,100035,100,99889,100,100043,100,99879,100,100049,100,99877,100,100050,100,99874,100,100052,100,99873,100
2019-06-28 09:36:54.407100192,100005,313,99940,213,100006,210,99936,210,100008,210,99920,210,100024,100,99896,100,100025,100,99894,100,100035,100,99889,100,100043,100,99879,100,100049,100,99877,100,100050,100,99874,100,100052,100,99873,100
2019-06-28 09:37:00.000000000,100005,266,99940,166,100006,166,99936,166,100008,166,99920,166,100024,166,99896,166,100025,166,99894,166,100035,100,99889,100,100043,100,99879,100,100049,100,99877,100,100050,100,99874,100,100052,100,99873,100
2019-06-28 09:37:03.594724554,100005,266,99940,166,100006,166,99936,166,100008,166,99920,166,100024,166,99896,166,100025,166,99894,166,100035,100,99889,100,100043,100,99879,100,100049,100,99877,100,100050,100,99874,100,100052,100,99873,100
2019-06-28 09:37:10.000000000,100005,366,99940,266,100006,266,99936,266,100008,100,99920,100,100024,100,99896,100,100025,100,99894,100,100035,100,99889,100,100043,100,99879,100,100049,100,99877,100,100050,100,99874,100,100052,100,99873,100
2019-06-28 09:37:20.000000000,100005,532,99940,432,100006,100,99936,100,100008,100,99920,100,100024,100,99896,100,100025,100,99894,100,100035,100,99889,100,100043,100,99879,100,100049,100,99877,100,100050,100,99874,100,100052,100,99873,100
2019-06-28 09:37:25.513435575,100005,532,99940,432,100006,100,99936,100,100008,100,99920,100,100024,100,99896,100,100025,100,99894,100,100035,100,99889,100,100043,100,99877,100,100049,100,99874,100,100050,100,99873,100,100052,100,99872,100
2019-06-28 09:37:29.503746893,100005,532,99975,100,100006,100,99940,432,100008,100,99936,100,100024,100,99920,100,100025,100,99896,100,100035,100,99894,100,100043,100,99889,100,100049,100,99877,100,100050,100,99874,100,100052,100,99873,100
2019-06-28 09:37:30.000000000,100005,283,99975,183,100006,183,99940,183,100008,183,99936,183,100024,183,99920,183,100025,100,99896,100,100035,100,99894,100,100043,100,99889,100,100049,100,99877,100,100050,100,99874,100,100052,100,99873,100
2019-06-28 09:37:40.000000000,100005,366,99975,266,100006,266,99940,266,100008,100,99936,100,100024,100,99920,100,100025,100,99896,100,100035,100,99894,100,100043,100,99889,100,100049,100,99877,100,100050,100,99874,100,100052,100,99873,100
2019-06-28 09:37:50.000000000,100005,366,99975,266,100006,266,99940,266,100008,100,99936,100,100024,100,99920,100,100025,100,99896,100,100035,100,99894,100,100043,100,99889,100,100049,100,99877,100,100050,100,99874,100,100052,100,99873,100
2019-06-28 09:37:56.364612835,100005,366,99975,166,100006,266,99940,266,100008,100,99936,100,100024,100,99920,100,100025,100,99896,100,100035,100,99894,100,100043,100,99889,100,100049,100,99877,100,100050,100,99874,100,100052,100,99873,100
2019-06-28 09:37:59.634903508,100005,366,99975,166,100006,266,99940,266,100008,100,99936,100,100024,100,99920,100,100025,100,99896,100,100035,100,99894,100,100043,100,99889,100,100049,100,99877,100,100050,100,99874,100,100052,100,99873,100
2019-06-28 09:38:00.000000000,100005,532,99940,432,100006,100,99936,100,100008,100,99920,100,100024,100,99896,100,100025,100,99894,100,100035,100,99889,100,100043,100,99877,100,100049,100,99874,100,100050,100,99873,100,100052,100,99872,100
2019-06-28 09:38:10.000000000,100005,266,99940,166,100006,166,99936,166,100008,166,99920,166,100024,166,99896,166,100025,166,99894,166,100035,100,99889,100,100043,100,99877,100,100049,100,99874,100,100050,100,99873,100,100052,100,99872,100
2019-06-28 09:38:14.533437732,99975,100,99940,166,100005,266,99936,166,100006,166,99920,166,100008,166,99896,166,100024,166,99894,166,100025,166,99889,100,100035,100,99877,100,100043,100,99874,100,100049,100,99873,100,100050,100,99872,100
2019-06-28 09:38:20.000000000,99975,432,99940,432,100005,200,99936,100,100006,100,99920,100,100008,100,99896,100,100024,100,99894,100,100025,100,99889,100,100035,100,99877,100,100043,100,99874,100,100049,100,99873,100,100050,100,99872,100
2019-06-28 09:38:30.000000000,99975,266,99940,266,100005,366,99936,266,100006,100,99920,100,100008,100,99896,100,100024,100,99894,100,100025,100,99889,100,100035,100,99877,100,100043,100,99874,100,100049,100,99873,100,100050,100,99872,100
2019-06-28 09:38:40.000000000,99975,213,99940,213,100005,310,99936,210,100006,210,99920,210,100008,100,99896,100,100024,100,99894,100,100025,100,99889,100,100035,100,99877,100,100043,100,99874,100,100049,100,99873,100,100050,100,99872,100
2019-06-28 09:38:42.169472575,99975,213,99940,213,100005,310,99936,210,100006,210,99920,210,100008,100,99896,100,100024,100,99894,100,100025,100,99889,100,100035,100,99877,100,100043,100,99874,100,100049,100,99873,100,100050,100,99872,100
2019-06-28 09:38:47.144105687,99975,213,99940,113,100005,310,99936,210,100006,210,99920,210,100008,100,99896,100,100024,100,99894,100,100025,100,99889,100,100035,100,99877,100,100043,100,99874,100,100049,100,99873,100,100050,100,99872,100
2019-06-28 09:38:50.000000000,99975,213,99936,213,100005,310,99920,210,100006,210,99896,210,100008,100,99894,100,100024,100,99889,100,100025,100,99877,100,100035,100,99874,100,100043,100,99873,100,100049,100,99872,100,100050,100,99849,100
2019-06-28 09:38:54.358975480,99975,213,99936,213,100005,310,99920,210,100006,210,99896,210,100008,100,99894,100,100025,100,99889,100,100035,100,99877,100,100043,100,99874,100,100049,100,99873,100,100050,100,99872,100,100052,100,99849,100
2019-06-28 09:39:00.000000000,99975,183,99936,183,100005,283,99920,183,100006,183,99896,183,100008,183,99894,183,100025,100,99889,100,100035,100,99877,100,100043,100,99874,100,100049,100,99873,100,100050,100,99872,100,100052,100,99849,100
2019-06-28 09:39:04.795952465,99974,100,99936,183,99975,183,99920,183,100005,283,99896,183,100006,183,99894,183,100008,183,99889,100,100025,100,99877,100,100035,100,99874,100,100043,100,99873,100,100049,100,99872,100,100050,100,99849,100
2019-06-28 09:39:07.447215077,99974,100,99936,83,99975,183,99920,183,100005,283,99896,183,100006,183,99894,183,100008,183,99889,100,100025,100,99877,100,100035,100,99874,100,100043,100,99873,100,100049,100,99872,100,100050,100,99849,100
2019-06-28 09:39:10.000000000,99974,213,99920,213,99975,210,99896,210,100005,310,99894,210,100006,100,99889,100,100008,100,99877,100,100025,100,99874,100,100035,100,99873,100,100043,100,99872,100,100049,100,99849,100,100050,100,99821,100
2019-06-28 09:39:11.762847975,99974,213,99920,113,99975,210,99896,210,100005,310,99894,210,100006,100,99889,100,100008,100,99877,100,100025,100,99874,100,100035,100,99873,100,100043,100,99872,100,100049,100,99849,100,100050,100,99821,100
2019-06-28 09:39:12.200801646,99974,213,99920,113,99975,210,99896,210,100005,310,99894,210,100006,100,99889,100,100008,100,99877,100,100025,100,99874,100,100035,100,99873,100,100043,100,99872,100,100049,100,99849,100,100050,100,99821,100
2019-06-28 09:39:14.402173332,99974,213,99920,113,99975,210,99896,210,100005,310,99894,210,100006,100,99889,100,100008,100,99877,100,100025,100,99874,100,100035,100,99873,100,100049,100,99872,100,100050,100,99849,100,100052,100,99821,100
2019-06-28 09:39:20.000000000,99974,432,99896,432,99975,100,99894,100,100005,200,99889,100,100006,100,99877,100,100008,100,99874,100,100025,100,99873,100,100035,100,99872,100,100049,100,99849,100,100050,100,99821,100,100052,100,99813,100
2019-06-28 09:39:30.000000000,99974,213,99896,213,99975,210,99894,210,100005,310,99889,210,100006,100,99877,100,100008,100,99874,100,100025,100,99873,100,100035,100,99872,100,100049,100,99849,100,100050,100,99821,100,100052,100,99813,100
2019-06-28 09:39:40.000000000,99974,213,99896,213,99975,210,99894,210,100005,310,99889,210,100006,100,99877,100,100008,100,99874,100,100025,100,99873,100,100035,100,99872,100,100049,100,99849,100,100050,100,99821,100,100052,100,99813,100
2019-06-28 09:39:50.000000000,99974,166,99896,166,99975,166,99894,166,100005,266,99889,166,100006,166,99877,166,100008,166,99874,166,100025,100,99873,100,100035,100,99872,100,100049,100,99849,100,100050,100,99821,100,100052,100,99813,100
2019-06-28 09:39:55.245282734,99936,100,99896,166,99974,166,99894,166,99975,166,99889,166,100005,266,99877,166,100006,166,99874,166,100008,166,99873,100,100025,100,99872,100,100035,100,99849,100,100049,100,99821,100,100050,100,99813,100
2019-06-28 09:40:00.000000000,99936,183,99896,183,99974,183,99894,183,99975,183,99889,183,100005,283,99877,183,100006,100,99874,100,100008,100,99873,100,100025,100,99872,100,100035,100,99849,100,100049,100,99821,100,100050,100,99813,100
2019-06-28 09:40:10.000000000,99936,432,99896,432,99974,100,99894,100,99975,100,99889,100,100005,200,99877,100,100006,100,99874,100,100008,100,99873,100,100025,100,99872,100,100035,100,99849,100,100049,100,99821,100,100050,100,99813,100
2019-06-28 09:40:14.294159338,99936,432,99896,432,99974,100,99894,100,99975,100,99889,100,100005,200,99877,100,100006,100,99874,100,100008,100,99873,100,100025,100,99872,100,100035,100,99849,100,100049,100,99821,100,100050,100,99813,100
2019-06-28 09:40:17.392719850,99936,432,99896,332,99974,100,99894,100,99975,100,99889,100,100005,200,99874,100,100006,100,99873,100,100008,100,99872,100,100025,100,99849,100,100035,100,99821,100,100049,100,99813,100,100050,100,99809,100
2019-06-28 09:40:20.000000000,99936,183,99894,183,99974,183,99889,183,99975,183,99874,183,100005,283,99873,183,100006,100,99872,100,100008,100,99849,100,100025,100,99821,100,100035,100,99813,100,100049,100,99809,100,100050,100,99766,100
2019-06-28 09:40:30.000000000,99936,183,99894,183,99974,183,99889,183,99975,183,99874,183,100005,283,99873,183,100006,100,99872,100,100008,100,99849,100,100025,100,99821,100,100035,100,99813,100,100049,100,99809,100,100050,100,99766,100
2019-06-28 09:40:40.000000000,99936,432,99894,432,99974,100,99889,100,99975,100,99874,100,100005,200,99873,100,100006,100,99872,100,100008,100,99849,100,100025,100,99821,100,100035,100,99813,100,100049,100,99809,100,100050,100,99766,100
2019-06-28 09:40:50.000000000,99936,183,99894,183,99974,183,99889,183,99975,183,99874,183,100005,283,99873,183,100006,100,99872,100,100008,100,99849,100,100025,100,99821,100,100035,100,99813,100,100049,100,99809,100,100050,100,99766,100
2019-06-28 09:41:00.000000000,99936,183,99894,183,99974,183,99889,183,99975,183,99874,183,100005,283,99873,183,100006,100,99872,100,100008,100,99849,100,100025,100,99821,100,100035,100,99813,100,100049,100,99809,100,100050,100,99766,100
2019-06-28 09:41:10.000000000,99936,166,99894,166,99974,166,99889,166,99975,166,99874,166,100005,266,99873,166,100006,166,99872,166,100008,100,99849,100,100025,100,99821,100,100035,100,99813,100,100049,100,99809,100,100050,100,99766,100
2019-06-28 09:41:11.735502909,99932,100,99894,166,99936,166,99889,166,99974,166,99874,166,99975,166,99873,166,100005,266,99872,166,100006,166,99849,100,100008,100,99821,100,100025,100,99813,100,100035,100,99809,100,100049,100,99766,100
2019-06-28 09:41:20.000000000,99932,166,99894,166,99936,166,99889,166,99974,166,99874,166,99975,166,99873,166,100005,266,99872,166,100006,100,99849,100,100008,100,99821,100,100025,100,99813,100,100035,100,99809,100,100049,100,99766,100
2019-06-28 09:41:30.000000000,99932,213,99894,213,99936,210,99889,210,99974,210,99874,210,99975,100,99873,100,100005,200,99872,100,100006,100,99849,100,100008,100,99821,100,100025,100,99813,100,100035,100,99809,100,100049,100,99766,100
2019-06-28 09:41:40.000000000,99932,432,99894,432,99936,100,99889,100,99974,100,99874,100,99975,100,99873,100,100005,200,99872,100,100006,100,99849,100,100008,100,99821,100,100025,100,99813,100,100035,100,99809,100,100049,100,99766,100
2019-06-28 09:41:42.266560260,99932,432,99894,432,99936,100,99889,100,99974,100,99874,100,99975,100,99873,100,100005,200,99872,100,100006,100,99849,100,100008,100,99821,100,100025,100,99813,100,100035,100,99809,100,100049,100,99766,100
2019-06-28 09:41:45.815874774,99932,432,99894,432,99936,100,99889,100,99974,100,99874,100,99975,100,99873,100,100005,200,99872,100,100006,100,99849,100,100008,100,99821,100,100025,100,99813,100,100035,100,99809,100,100049,100,99766,100
2019-06-28 09:41:50.000000000,99932,213,99894,213,99936,210,99889,210,99974,210,99874,210,99975,100,99873,100,100005,200,99872,100,100006,100,99849,100,100008,100,99821,100,100025,100,99813,100,100035,100,99809,100,100049,100,99766,100
2019-06-28 09:41:55.372576162,99932,213,99894,213,99936,210,99889,210,99974,210,99874,210,99975,100,99873,100,100005,200,99872,100,100006,100,99849,100,100008,100,99821,100,100025,100,99813,100,100035,100,99809,100,100049,100,99766,100
2019-06-28 09:42:00.000000000,99932,166,99894,166,99936,166,99889,166,99974,166,99874,166,99975,166,99873,166,100005,266,99872,166,100006,100,99849,100,100008,100,99821,100,100025,100,99813,100,100035,100,99809,100,100049,100,99766,100
2019-06-28 09:42:09.378947405,99932,166,99921,100,99936,166,99894,166,99974,166,99889,166,99975,166,99874,166,100005,166,99873,166,100006,100,99872,166,100008,100,99849,100,100025,100,99821,100,100035,100,99813,100,100049,100,99809,100
2019-06-28 09:42:10.000000000,99932,213,99921,213,99936,210,99894,210,99974,210,99889,210,99975,100,99874,100,100005,100,99873,100,100006,100,99872,100,100008,100,99849,100,100025,100,99821,100,100035,100,99813,100,100049,100,99809,100
2019-06-28 09:42:20.000000000,99932,166,99921,166,99936,166,99894,166,99974,166,99889,166,99975,166,99874,166,100005,166,99873,166,100006,100,99872,100,100008,100,99849,100,100025,100,99821,100,100035,100,99813,100,100049,100,99809,100
2019-06-28 09:42:30.000000000,99932,183,99921,183,99936,183,99894,183,99974,183,99889,183,99975,183,99874,183,100005,100,99873,100,100006,100,99872,100,100008,100,99849,100,100025,100,99821,100,100035,100,99813,100,100049,100,99809,100
2019-06-28 09:42:35.831879509,99932,183,99921,183,99936,183,99894,183,99974,183,99889,183,99975,183,99874,183,100005,100,99873,100,100006,100,99872,100,100008,100,99849,100,100025,100,99821,100,100035,100,99813,100,100049,100,99809,100
2019-06-28 09:42:39.763385557,99932,183,99921,183,99936,183,99894,183,99974,183,99889,183,99975,183,99874,183,100005,100,99873,100,100006,100,99872,100,100008,100,99849,100,100025,100,99821,100,100035,100,99813,100,100049,100,99809,100
2019-06-28 09:42:40.000000000,99932,432,99921,432,99936,100,99894,100,99974,100,99889,100,99975,100,99874,100,100005,100,99873,100,100006,100,99872,100,100008,100,99849,100,100025,100,99821,100,100035,100,99813,100,100049,100,99809,100
2019-06-28 09:42:49.144562457,99932,332,99921,432,99936,100,99894,100,99974,100,99889,100,99975,100,99874,100,100005,100,99873,100,100006,100,99872,100,100008,100,99849,100,100025,100,99821,100,100035,100,99813,100,100049,100,99809,100
2019-06-28 09:42:50.000000000,99936,183,99921,183,99974,183,99894,183,99975,183,99889,183,100005,183,99874,183,100006,100,99873,100,100008,100,99872,100,100025,100,99849,100,100035,100,99821,100,100049,100,99813,100,100050,100,99809,100
2019-06-28 09:42:55.260671904,99936,83,99921,183,99974,183,99894,183,99975,183,99889,183,100005,183,99874,183,100006,100,99873,100,100008,100,99872,100,100025,100,99849,100,100035,100,99821,100,100049,100,99813,100,100050,100,99809,100
2019-06-28 09:43:00.000000000,99974,213,99921,213,99975,210,99894,210,100005,210,99889,210,100006,100,99874,100,100008,100,99873,100,100025,100,99872,100,100035,100,99849,100,100049,100,99821,100,100050,100,99813,100,100052,100,99809,100
2019-06-28 09:43:00.459942651,99974,213,99921,213,99975,210,99894,210,100005,210,99889,210,100006,100,99874,100,100008,100,99873,100,100025,100,99872,100,100035,100,99849,100,100049,100,99821,100,100050,100,99813,100,100052,100,99809,100
2019-06-28 09:43:02.343648222,99974,113,99932,100,99975,210,99921,213,100005,210,99894,210,100006,100,99889,210,100008,100,99874,100,100025,100,99873,100,100035,100,99872,100,100049,100,99849,100,100050,100,99821,100,100052,100,99813,100
2019-06-28 09:43:04.023047659,99974,113,99932,100,99975,210,99921,213,100005,210,99894,210,100006,100,99889,210,100008,100,99874,100,100025,100,99873,100,100035,100,99872,100,100049,100,99849,100,100052,100,99821,100,100054,100,99813,100
2019-06-28 09:43:10.000000000,99975,266,99932,266,100005,266,99921,266,100006,100,99894,100,100008,100,99889,100,100025,100,99874,100,100035,100,99873,100,100049,100,99872,100,100052,100,99849,100,100054,100,99821,100,100082,100,99813,100
2019-06-28 09:43:20.000000000,99975,213,99932,213,100005,210,99921,210,100006,210,99894,210,100008,100,99889,100,100025,100,99874,100,100035,100,99873,100,100049,100,99872,100,100052,100,99849,100,100054,100,99821,100,100082,100,99813,100
2019-06-28 09:43:30.000000000,99975,266,99932,266,100005,266,99921,266,100006,100,99894,100,100008,100,99889,100,100025,100,99874,100,100035,100,99873,100,100049,100,99872,100,100052,100,99849,100,100054,100,99821,100,100082,100,99813,100
2019-06-28 09:43:40.000000000,99975,432,99932,432,100005,100,99921,100,100006,100,99894,100,100008,100,99889,100,100025,100,99874,100,100035,100,99873,100,100049,100,99872,100,100052,100,99849,100,100054,100,99821,100,100082,100,99813,100
2019-06-28 09:43:48.507465711,99975,432,99932,432,100005,100,99921,100,100006,100,99894,100,100008,100,99889,100,100025,100,99874,100,100035,100,99873,100,100049,100,99872,100,100052,100,99849,100,100054,100,99821,100,100082,100,99809,100
2019-06-28 09:43:50.000000000,99975,213,99932,213,100005,210,99921,210,100006,210,99894,210,100008,100,99889,100,100025,100,99874,100,100035,100,99873,100,100049,100,99872,100,100052,100,99849,100,100054,100,99821,100,100082,100,99809,100
2019-06-28 09:44:00.000000000,99975,183,99932,183,100005,183,99921,183,100006,183,99894,183,100008,183,99889,183,100025,100,99874,100,100035,100,99873,100,100049,100,99872,100,100052,100,99849,100,100054,100,99821,100,100082,100,99809,100
2019-06-28 09:44:10.000000000,99975,183,99932,183,100005,183,99921,183,100006,183,99894,183,100008,183,99889,183,100025,100,99874,100,100035,100,99873,100,100049,100,99872,100,100052,100,99849,100,100054,100,99821,100,100082,100,99809,100
2019-06-28 09:44:15.625502395,99975,183,99932,183,100005,183,99921,183,100006,183,99894,183,100008,183,99889,183,100025,100,99874,100,100035,100,99873,100,100049,100,99849,100,100052,100,99821,100,100054,100,99809,100,100082,100,99766,200
2019-06-28 09:44:20.000000000,99975,183,99932,183,100005,183,99921,183,100006,183,99894,183,100008,183,99889,183,100025,100,99874,100,100035,100,99873,100,100049,100,99849,100,100052,100,99821,100,100054,100,99809,100,100082,100,99766,200
2019-06-28 09:44:30.000000000,99975,166,99932,166,100005,166,99921,166,100006,166,99894,166,100008,166,99889,166,100025,166,99874,166,100035,100,99873,100,100049,100,99849,100,100052,100,99821,100,100054,100,99809,100,100082,100,99766,200
2019-06-28 09:44:40.000000000,99975,266,99932,266,100005,266,99921,266,100006,100,99894,100,100008,100,99889,100,100025,100,99874,100,100035,100,99873,100,100049,100,99849,100,100052,100,99821,100,100054,100,99809,100,100082,100,99766,200
2019-06-28 09:44:50.000000000,99975,213,99932,213,100005,210,99921,210,100006,210,99894,210,100008,100,99889,100,100025,100,99874,100,100035,100,99873,100,100049,100,99849,100,100052,100,99821,100,100054,100,99809,100,100082,100,99766,200
2019-06-28 09:45:00.000000000,99975,266,99932,266,100005,266,99921,266,100006,100,99894,100,100008,100,99889,100,100025,100,99874,100,100035,100,99873,100,100049,100,99849,100,100052,100,99821,100,100054,100,99809,100,100082,100,99766,200
2019-06-28 09:45:10.000000000,99975,166,99932,166,100005,166,99921,166,100006,166,99894,166,100008,166,99889,166,100025,166,99874,166,100035,100,99873,100,100049,100,99849,100,100052,100,99821,100,100054,100,99809,100,100082,100,99766,200
2019-06-28 09:45:20.000000000,99975,432,99932,432,100005,100,99921,100,100006,100,99894,100,100008,100,99889,100,100025,100,99874,100,100035,100,99873,100,100049,100,99849,100,100052,100,99821,100,100054,100,99809,100,100082,100,99766,200
2019-06-28 09:45:29.539851317,99975,432,99932,432,100005,100,99921,100,100006,100,99894,100,100008,100,99889,100,100025,100,99874,100,100035,100,99873,100,100049,100,99849,100,100052,100,99821,100,100054,100,99809,100,100082,100,99766,200
2019-06-28 09:45:30.000000000,99975,213,99932,213,100005,210,99921,210,100006,210,99894,210,100008,100,99889,100,100025,100,99874,100,100035,100,99873,100,100049,100,99849,100,100052,100,99821,100,100054,100,99809,100,100082,100,99766,200
2019-06-28 09:45:40.000000000,99975,213,99932,213,100005,210,99921,210,100006,210,99894,210,100008,100,99889,100,100025,100,99874,100,100035,100,99873,100,100049,100,99849,100,100052,100,99821,100,100054,100,99809,100,100082,100,99766,200
2019-06-28 09:45:42.259902109,99975,213,99932,213,100005,210,99921,210,100006,210,99894,210,100008,100,99889,100,100025,100,99874,100,100035,100,99873,100,100049,100,99849,100,100052,100,99821,100,100054,100,99809,100,100082,100,99766,200
2019-06-28 09:45:50.000000000,99975,183,99932,183,100005,183,99921,183,100006,183,99894,183,100008,183,99889,183,100025,100,99874,100,100035,100,99873,100,100049,100,99849,100,100052,100,99821,100,100054,100,99809,100,100082,100,99766,200
2019-06-28 09:45:50.732571229,99975,183,99932,183,100005,183,99921,183,100006,183,99894,183,100008,183,99889,183,100025,100,99874,100,100035,100,99873,100,100049,100,99849,100,100052,100,99821,100,100054,100,99809,100,100082,100,99766,200
2019-06-28 09:45:57.764835880,99975,183,99932,183,100005,183,99921,183,100006,183,99894,183,100008,183,99889,183,100025,100,99874,100,100035,100,99873,100,100049,100,99849,100,100052,100,99821,100,100054,100,99809,100,100082,100,99766,200
2019-06-28 09:46:00.000000000,99975,166,99932,166,100005,166,99921,166,100006,166,99894,166,100008,166,99889,166,100025,166,99874,166,100035,100,99873,100,100049,100,99849,100,100052,100,99821,100,100054,100,99809,100,100082,100,99766,200
2019-06-28 09:46:03.121632776,99975,166,99932,166,100005,166,99921,166,100006,166,99894,166,100008,166,99889,166,100025,166,99874,166,100035,100,99873,100,100049,100,99849,100,100052,100,99821,100,100054,100,99766,200,100082,100,99623,200
2019-06-28 09:46:10.000000000,99975,432,99932,432,100005,100,99921,100,100006,100,99894,100,100008,100,99889,100,100025,100,99874,100,100035,100,99873,100,100049,100,99849,100,100052,100,99821,100,100054,100,99766,200,100082,100,99623,200
2019-06-28 09:46:14.551923878,99975,432,99932,432,100005,100,99921,100,100006,100,99894,100,100008,100,99889,100,100025,100,99874,100,100035,100,99873,100,100049,100,99849,100,100052,100,99821,100,100054,100,99766,200,100082,100,99623,200
2019-06-28 09:46:15.081889812,99975,332,99932,432,100005,100,99921,100,100006,100,99894,100,100008,100,99889,100,100025,100,99874,100,100035,100,99873,100,100052,100,99849,100,100054,100,99821,100,100082,100,99766,200,100091,100,99623,200
2019-06-28 09:46:20.000000000,100005,266,99932,266,100006,266,99921,266,100008,100,99894,100,100025,100,99889,100,100035,100,99874,100,100052,100,99873,100,100054,100,99849,100,100082,100,99821,100,100091,100,99766,200,100095,100,99623,200
2019-06-28 09:46:30.000000000,100005,166,99932,166,100006,166,99921,166,100008,166,99894,166,100025,166,99889,166,100035,166,99874,166,100052,100,99873,100,100054,100,99849,100,100082,100,99821,100,100091,100,99766,200,100095,100,99623,200
2019-06-28 09:46:32.551370634,100005,166,99936,100,100006,166,99932,166,100008,166,99921,166,100025,166,99894,166,100035,166,99889,166,100052,100,99874,166,100054,100,99873,100,100082,100,99849,100,100091,100,99821,100,100095,100,99766,200
2019-06-28 09:46:37.980844539,100005,66,99936,100,100006,166,99932,166,100008,166,99921,166,100025,166,99894,166,100035,166,99889,166,100052,100,99874,166,100054,100,99873,100,100082,100,99849,100,100091,100,99821,100,100095,100,99766,200
2019-06-28 09:46:40.000000000,100006,266,99936,266,100008,266,99932,266,100025,100,99921,100,100035,100,99894,100,100052,100,99889,100,100054,100,99874,100,100082,100,99873,100,100091,100,99849,100,100095,100,99821,100,100100,100,99766,200
2019-06-28 09:46:48.290009980,100006,266,99936,266,100008,266,99932,266,100025,100,99921,100,100035,100,99894,100,100052,100,99889,100,100054,100,99874,100,100082,100,99873,100,100091,100,99849,100,100095,100,99821,100,100100,100,99766,200
2019-06-28 09:46:50.000000000,100006,432,99936,432,100008,100,99932,100,100025,100,99921,100,100035,100,99894,100,100052,100,99889,100,100054,100,99874,100,100082,100,99873,100,100091,100,99849,100,100095,100,99821,100,100100,100,99766,200
2019-06-28 09:47:00.000000000,100006,166,99936,166,100008,166,99932,166,100025,166,99921,166,100035,166,99894,166,100052,166,99889,166,100054,100,99874,100,100082,100,99873,100,100091,100,99849,100,100095,100,99821,100,100100,100,99766,200
2019-06-28 09:47:10.000000000,100006,432,99936,432,100008,100,99932,100,100025,100,99921,100,100035,100,99894,100,100052,100,99889,100,100054,100,99874,100,100082,100,99873,100,100091,100,99849,100,100095,100,99821,100,100100,100,99766,200
2019-06-28 09:47:20.000000000,100006,166,99936,166,100008,166,99932,166,100025,166,99921,166,100035,166,99894,166,100052,166,99889,166,100054,100,99874,100,100082,100,99873,100,100091,100,99849,100,100095,100,99821,100,100100,100,99766,200
2019-06-28 09:47:30.000000000,100006,266,99936,266,100008,266,99932,266,100025,100,99921,100,100035,100,99894,100,100052,100,99889,100,100054,100,99874,100,100082,100,99873,100,100091,100,99849,100,100095,100,99821,100,100100,100,99766,200
2019-06-28 09:47:40.000000000,100006,166,99936,166,100008,166,99932,166,100025,166,99921,166,100035,166,99894,166,100052,166,99889,166,100054,100,99874,100,100082,100,99873,100,100091,100,99849,100,100095,100,99821,100,100100,100,99766,200
2019-06-28 09:47:50.000000000,100006,213,99936,213,100008,210,99932,210,100025,210,99921,210,100035,100,99894,100,100052,100,99889,100,100054,100,99874,100,100082,100,99873,100,100091,100,99849,100,100095,100,99821,100,100100,100,99766,200
2019-06-28 09:48:00.000000000,100006,213,99936,213,100008,210,99932,210,100025,210,99921,210,100035,100,99894,100,100052,100,99889,100,100054,100,99874,100,100082,100,99873,100,100091,100,99849,100,100095,100,99821,100,100100,100,99766,200
2019-06-28 09:48:10.000000000,100006,213,99936,213,100008,210,99932,210,100025,210,99921,210,100035,100,99894,100,100052,100,99889,100,100054,100,99874,100,100082,100,99873,100,100091,100,99849,100,100095,100,99821,100,100100,100,99766,200
2019-06-28 09:48:11.687289174,100006,213,99936,213,100008,210,99932,210,100025,210,99921,210,100035,100,99894,100,100052,100,99889,100,100054,100,99874,100,100082,100,99849,100,100091,100,99821,100,100095,100,99766,200,100100,100,99623,200
2019-06-28 09:48:15.028528011,100006,213,99936,213,100008,210,99932,210,100025,210,99921,210,100035,100,99894,100,100052,100,99889,100,100054,100,99874,100,100082,100,99849,100,100091,100,99821,100,100095,100,99766,200,100100,100,99623,200
2019-06-28 09:48:20.000000000,100006,266,99936,266,100008,266,99932,266,100025,100,99921,100,100035,100,99894,100,100052,100,99889,100,100054,100,99874,100,100082,100,99849,100,100091,100,99821,100,100095,100,99766,200,100100,100,99623,200
2019-06-28 09:48:30.000000000,100006,166,99936,166,100008,166,99932,166,100025,166,99921,166,100035,166,99894,166,100052,166,99889,166,100054,100,99874,100,100082,100,99849,100,100091,100,99821,100,100095,100,99766,200,100100,100,99623,200
2019-06-28 09:48:37.794825111,100006,166,99974,100,100008,166,99936,166,100025,166,99932,166,100035,166,99921,166,100052,166,99894,166,100054,100,99889,166,100082,100,99874,100,100091,100,99849,100,100095,100,99821,100,100100,100,99766,200
2019-06-28 09:48:40.000000000,100006,266,99974,266,100008,266,99936,266,100025,100,99932,100,100035,100,99921,100,100052,100,99894,100,100054,100,99889,100,100082,100,99874,100,100091,100,99849,100,100095,100,99821,100,100100,100,99766,200
2019-06-28 09:48:42.430133501,100006,266,99974,366,100008,266,99936,266,100025,100,99932,100,100035,100,99921,100,100052,100,99894,100,100054,100,99889,100,100082,100,99874,100,100091,100,99849,100,100095,100,99821,100,100100,100,99766,200
2019-06-28 09:48:45.032657180,100006,166,99974,366,100008,266,99936,266,100025,100,99932,100,100035,100,99921,100,100052,100,99894,100,100054,100,99889,100,100082,100,99874,100,100091,100,99849,100,100095,100,99766,200,100100,100,99623,200
2019-06-28 09:48:46.157142786,100006,66,99974,366,100008,266,99936,266,100025,100,99932,100,100035,100,99921,100,100052,100,99894,100,100054,100,99889,100,100091,100,99874,100,100095,100,99849,100,100100,100,99766,200,100109,100,99623,200
2019-06-28 09:48:50.000000000,100008,166,99974,266,100025,166,99936,166,100035,166,99932,166,100052,166,99921,166,100054,166,99894,166,100091,100,99889,100,100095,100,99874,100,100100,100,99849,100,100109,100,99766,200,100114,100,99623,200
2019-06-28 09:49:00.000000000,100008,266,99974,366,100025,266,99936,266,100035,100,99932,100,100052,100,99921,100,100054,100,99894,100,100091,100,99889,100,100095,100,99874,100,100100,100,99849,100,100109,100,99766,200,100114,100,99623,200
2019-06-28 09:49:03.809872471,100008,266,99974,366,100025,266,99936,266,100035,100,99932,100,100052,100,99921,100,100054,100,99894,100,100091,100,99889,100,100095,100,99874,100,100100,100,99766,200,100109,100,99623,200,100114,100,99537,100
2019-06-28 09:49:06.420566686,100008,266,100006,100,100025,266,99974,366,100035,100,99936,266,100052,100,99932,100,100054,100,99921,100,100091,100,99894,100,100095,100,99889,100,100100,100,99874,100,100109,100,99766,200,100114,100,99623,200
2019-06-28 09:49:10.000000000,100008,213,100006,213,100025,210,99974,310,100035,210,99936,210,100052,100,99932,100,100054,100,99921,100,100091,100,99894,100,100095,100,99889,100,100100,100,99874,100,100109,100,99766,200,100114,100,99623,200
2019-06-28 09:49:20.000000000,100008,166,100006,166,100025,166,99974,266,100035,166,99936,166,100052,166,99932,166,100054,166,99921,166,100091,100,99894,100,100095,100,99889,100,100100,100,99874,100,100109,100,99766,200,100114,100,99623,200
2019-06-28 09:49:30.000000000,100008,266,100006,266,100025,266,99974,366,100035,100,99936,100,100052,100,99932,100,100054,100,99921,100,100091,100,99894,100,100095,100,99889,100,100100,100,99874,100,100109,100,99766,200,100114,100,99623,200
2019-06-28 09:49:31.888434329,100008,266,100006,366,100025,266,99974,366,100035,100,99936,100,100052,100,99932,100,100054,100,99921,100,100091,100,99894,100,100095,100,99889,100,100100,100,99874,100,100109,100,99766,200,100114,100,99623,200
2019-06-28 09:49:37.898195515,100008,166,100006,366,100025,266,99974,366,100035,100,99936,100,100054,100,99932,100,100091,100,99921,100,100095,100,99894,100,100100,100,99889,100,100109,100,99874,100,100114,100,99766,200,100115,100,99623,200
2019-06-28 09:49:40.000000000,100025,183,100006,283,100035,183,99974,283,100054,183,99936,183,100091,183,99932,183,100095,100,99921,100,100100,100,99894,100,100109,100,99889,100,100114,100,99874,100,100115,100,99766,200,100176,100,99623,200
2019-06-28 09:49:41.754553620,100025,83,100006,283,100035,183,99974,283,100054,183,99936,183,100091,183,99932,183,100095,100,99921,100,100100,100,99894,100,100109,100,99889,100,100114,100,99874,100,100115,100,99766,200,100176,100,99623,200
2019-06-28 09:49:50.000000000,100035,432,100006,532,100054,100,99974,200,100091,100,99936,100,100095,100,99932,100,100100,100,99921,100,100109,100,99894,100,100114,100,99889,100,100115,100,99874,100,100176,100,99766,200,100188,100,99623,200
2019-06-28 09:50:00.000000000,100035,213,100006,313,100054,210,99974,310,100091,210,99936,210,100095,100,99932,100,100100,100,99921,100,100109,100,99894,100,100114,100,99889,100,100115,100,99874,100,100176,100,99766,200,100188,100,99623,200
2019-06-28 09:50:10.000000000,100035,266,100006,366,100054,266,99974,366,100091,100,99936,100,100095,100,99932,100,100100,100,99921,100,100109,100,99894,100,100114,100,99889,100,100115,100,99874,100,100176,100,99766,200,100188,100,99623,200
2019-06-28 09:50:20.000000000,100035,213,100006,313,100054,210,99974,310,100091,210,99936,210,100095,100,99932,100,100100,100,99921,100,100109,100,99894,100,100114,100,99889,100,100115,100,99874,100,100176,100,99766,200,100188,100,99623,200
2019-06-28 09:50:20.788982978,100035,213,100006,313,100054,210,99974,310,100091,210,99936,210,100095,100,99932,100,100100,100,99921,100,100109,100,99894,100,100114,100,99889,100,100115,100,99874,100,100176,100,99766,100,100188,100,99623,200
2019-06-28 09:50:23.494215495,100035,113,100006,313,100054,210,99974,310,100091,210,99936,210,100095,100,99932,100,100100,100,99921,100,100109,100,99894,100,100114,100,99889,100,100115,100,99874,100,100176,100,99766,100,100188,100,99623,200
2019-06-28 09:50:30.000000000,100054,183,100006,283,100091,183,99974,283,100095,183,99936,183,100100,183,99932,183,100109,100,99921,100,100114,100,99894,100,100115,100,99889,100,100176,100,99874,100,100188,100,99766,100,100228,100,99623,200
2019-06-28 09:50:34.790454076,100054,183,100006,283,100091,183,99974,283,100095,183,99936,183,100100,183,99932,183,100109,100,99921,100,100114,100,99894,100,100115,100,99889,100,100176,100,99874,100,100188,100,99766,100,100237,100,99623,200
2019-06-28 09:50:40.000000000,100054,213,100006,313,100091,210,99974,310,100095,210,99936,210,100100,100,99932,100,100109,100,99921,100,100114,100,99894,100,100115,100,99889,100,100176,100,99874,100,100188,100,99766,100,100237,100,99623,200
2019-06-28 09:50:50.000000000,100054,183,100006,283,100091,183,99974,283,100095,183,99936,183,100100,183,99932,183,100109,100,99921,100,100114,100,99894,100,100115,100,99889,100,100176,100,99874,100,100188,100,99766,100,100237,100,99623,200
2019-06-28 09:51:00.000000000,100054,432,100006,532,100091,100,99974,200,100095,100,99936,100,100100,100,99932,100,100109,100,99921,100,100114,100,99894,100,100115,100,99889,100,100176,100,99874,100,100188,100,99766,100,100237,100,99623,200
2019-06-28 09:51:10.000000000,100054,166,100006,266,100091,166,99974,266,100095,166,99936,166,100100,166,99932,166,100109,166,99921,166,100114,100,99894,100,100115,100,99889,100,100176,100,99874,100,100188,100,99766,100,100237,100,99623,200
2019-06-28 09:51:20.000000000,100054,166,100006,266,100091,166,99974,266,100095,166,99936,166,100100,166,99932,166,100109,166,99921,166,100114,100,99894,100,100115,100,99889,100,100176,100,99874,100,100188,100,99766,100,100237,100,99623,200
2019-06-28 09:51:21.184553752,100054,166,100006,266,100091,166,99974,266,100095,166,99936,166,100100,166,99932,166,100109,166,99921,166,100114,100,99894,100,100176,100,99889,100,100188,100,99874,100,100237,100,99766,100,100253,100,99623,200
2019-06-28 09:51:30.000000000,100054,183,100006,283,100091,183,99974,283,100095,183,99936,183,100100,183,99932,183,100109,100,99921,100,100114,100,99894,100,100176,100,99889,100,100188,100,99874,100,100237,100,99766,100,100253,100,99623,200
2019-06-28 09:51:34.833555477,100054,183,100006,283,100091,183,99974,283,100095,183,99936,183,100100,183,99932,183,100109,100,99921,100,100114,100,99894,100,100176,100,99889,100,100188,100,99874,100,100237,100,99766,100,100318,100,99623,200
2019-06-28 09:51:35.063813210,100054,183,100025,100,100091,183,100006,283,100095,183,99974,183,100100,183,99936,183,100109,100,99932,183,100114,100,99921,100,100176,100,99894,100,100188,100,99889,100,100237,100,99874,100,100318,100,99766,100
2019-06-28 09:51:38.206104717,100054,183,100006,283,100091,183,99974,183,100095,183,99936,183,100100,183,99932,183,100109,100,99921,100,100114,100,99894,100,100176,100,99889,100,100188,100,99874,100,100237,100,99766,100,100318,100,99623,200
2019-06-28 09:51:40.000000000,100054,266,100006,366,100091,266,99974,266,100095,100,99936,100,100100,100,99932,100,100109,100,99921,100,100114,100,99894,100,100176,100,99889,100,100188,100,99874,100,100237,100,99766,100,100318,100,99623,200
2019-06-28 09:51:50.000000000,100054,266,100006,366,100091,266,99974,266,100095,100,99936,100,100100,100,99932,100,100109,100,99921,100,100114,100,99894,100,100176,100,99889,100,100188,100,99874,100,100237,100,99766,100,100318,100,99623,200
2019-06-28 09:52:00.000000000,100054,183,100006,283,100091,183,99974,183,100095,183,99936,183,100100,183,99932,183,100109,100,99921,100,100114,100,99894,100,100176,100,99889,100,100188,100,99874,100,100237,100,99766,100,100318,100,99623,200
2019-06-28 09:52:10.000000000,100054,432,100006,532,100091,100,99974,100,100095,100,99936,100,100100,100,99932,100,100109,100,99921,100,100114,100,99894,100,100176,100,99889,100,100188,100,99874,100,100237,100,99766,100,100318,100,99623,200
2019-06-28 09:52:20.000000000,100054,213,100006,313,100091,210,99974,210,100095,210,99936,210,100100,100,99932,100,100109,100,99921,100,100114,100,99894,100,100176,100,99889,100,100188,100,99874,100,100237,100,99766,100,100318,100,99623,200
2019-06-28 09:52:25.305063653,100054,213,100025,100,100091,210,100006,313,100095,210,99974,210,100100,100,99936,210,100109,100,99932,100,100114,100,99921,100,100176,100,99894,100,100188,100,99889,100,100237,100,99874,100,100318,100,99766,100
2019-06-28 09:52:30.000000000,100054,432,100025,432,100091,100,100006,200,100095,100,99974,100,100100,100,99936,100,100109,100,99932,100,100114,100,99921,100,100176,100,99894,100,100188,100,99889,100,100237,100,99874,100,100318,100,99766,100
2019-06-28 09:52:40.000000000,100054,266,100025,266,100091,266,100006,366,100095,100,99974,100,100100,100,99936,100,100109,100,99932,100,100114,100,99921,100,100176,100,99894,100,100188,100,99889,100,100237,100,99874,100,100318,100,99766,100
2019-06-28 09:52:50.000000000,100054,183,100025,183,100091,183,100006,283,100095,183,99974,183,100100,183,99936,183,100109,100,99932,100,100114,100,99921,100,100176,100,99894,100,100188,100,99889,100,100237,100,99874,100,100318,100,99766,100
2019-06-28 09:52:50.749107564,100054,183,100025,183,100091,183,100006,283,100095,183,99974,183,100100,183,99936,183,100109,100,99932,100,100114,100,99921,100,100176,100,99894,100,100188,100,99889,100,100237,100,99874,100,100318,100,99766,100
2019-06-28 09:53:00.000000000,100054,183,100025,183,100091,183,100006,283,100095,183,99974,183,100100,183,99936,183,100109,100,99932,100,100114,100,99921,100,100176,100,99894,100,100188,100,99889,100,100237,100,99874,100,100318,100,99766,100
2019-06-28 09:53:01.609441004,100054,83,100025,183,100091,183,100006,283,100095,183,99974,183,100100,183,99936,183,100109,100,99932,100,100114,100,99921,100,100176,100,99894,100,100188,100,99889,100,100237,100,99874,100,100318,100,99766,100
2019-06-28 09:53:10.000000000,100091,266,100025,266,100095,266,100006,366,100100,100,99974,100,100109,100,99936,100,100114,100,99932,100,100176,100,99921,100,100188,100,99894,100,100237,100,99889,100,100318,100,99874,100,100396,100,99766,100
2019-06-28 09:53:10.825599715,100091,166,100025,266,100095,266,100006,366,100100,100,99974,100,100109,100,99936,100,100114,100,99932,100,100176,100,99921,100,100188,100,99894,100,100237,100,99889,100,100318,100,99874,100,100396,100,99766,100
2019-06-28 09:53:18.898898102,100091,166,100025,266,100095,266,100006,366,100100,100,99974,100,100109,100,99936,100,100114,100,99932,100,100176,100,99921,100,100188,100,99894,100,100237,100,99889,100,100318,100,99874,100,100396,100,99766,100
2019-06-28 09:53:20.000000000,100095,266,100025,266,100100,266,100006,366,100109,100,99974,100,100114,100,99936,100,100176,100,99932,100,100188,100,99921,100,100237,100,99894,100,100318,100,99889,100,100396,100,99874,100,100403,100,99766,100
2019-06-28 09:53:25.123458627,100095,266,100054,100,100100,266,100025,266,100109,100,100006,366,100114,100,99974,100,100176,100,99936,100,100188,100,99932,100,100237,100,99921,100,100318,100,99894,100,100396,100,99889,100,100403,100,99874,100
2019-06-28 09:53:25.481664083,100095,266,100054,100,100100,266,100025,266,100109,100,100006,366,100114,100,99974,100,100176,100,99936,100,100188,100,99932,100,100237,100,99921,100,100318,100,99889,100,100396,100,99874,100,100403,100,99766,100
2019-06-28 09:53:30.000000000,100095,432,100054,432,100100,100,100025,100,100109,100,100006,200,100114,100,99974,100,100176,100,99936,100,100188,100,99932,100,100237,100,99921,100,100318,100,99889,100,100396,100,99874,100,100403,100,99766,100
2019-06-28 09:53:40.000000000,100095,213,100054,213,100100,210,100025,210,100109,210,100006,310,100114,100,99974,100,100176,100,99936,100,100188,100,99932,100,100237,100,99921,100,100318,100,99889,100,100396,100,99874,100,100403,100,99766,100
2019-06-28 09:53:50.000000000,100095,432,100054,432,100100,100,100025,100,100109,100,100006,200,100114,100,99974,100,100176,100,99936,100,100188,100,99932,100,100237,100,99921,100,100318,100,99889,100,100396,100,99874,100,100403,100,99766,100
2019-06-28 09:53:51.515350923,100095,432,100054,432,100100,100,100025,100,100109,100,100006,100,100114,100,99974,100,100176,100,99936,100,100188,100,99932,100,100237,100,99921,100,100318,100,99889,100,100396,100,99874,100,100403,100,99766,100
2019-06-28 09:53:52.424476914,100095,432,100054,432,100100,100,100025,100,100109,100,100006,100,100114,100,99974,100,100176,100,99936,100,100188,100,99932,100,100237,100,99921,100,100396,100,99889,100,100403,100,99874,100,100561,100,99766,100
2019-06-28 09:54:00.000000000,100095,183,100054,183,100100,183,100025,183,100109,183,100006,183,100114,183,99974,183,100176,100,99936,100,100188,100,99932,100,100237,100,99921,100,100396,100,99889,100,100403,100,99874,100,100561,100,99766,100
2019-06-28 09:54:06.655361450,100095,183,100054,183,100100,183,100025,183,100109,183,100006,83,100114,183,99974,183,100176,100,99936,100,100188,100,99932,100,100237,100,99921,100,100396,100,99889,100,100403,100,99874,100,100561,100,99766,100
2019-06-28 09:54:10.000000000,100095,432,100054,432,100100,100,100025,100,100109,100,99974,100,100114,100,99936,100,100176,100,99932,100,100188,100,99921,100,100237,100,99889,100,100396,100,99874,100,100403,100,99766,100,100561,100,99623,200
2019-06-28 09:54:11.980118392,100095,432,100054,532,100100,100,100025,100,100109,100,99974,100,100114,100,99932,100,100176,100,99921,100,100188,100,99889,100,100237,100,99874,100,100396,100,99766,100,100403,100,99623,200,100561,100,99249,100
2019-06-28 09:54:20.000000000,100095,183,100054,283,100100,183,100025,183,100109,183,99974,183,100114,183,99932,183,100176,100,99921,100,100188,100,99889,100,100237,100,99874,100,100396,100,99766,100,100403,100,99623,200,100561,100,99249,100
2019-06-28 09:54:30.000000000,100095,432,100054,532,100100,100,100025,100,100109,100,99974,100,100114,100,99932,100,100176,100,99921,100,100188,100,99889,100,100237,100,99874,100,100396,100,99766,100,100403,100,99623,200,100561,100,99249,100
2019-06-28 09:54:37.148812006,100095,432,100054,532,100100,100,100025,100,100109,100,99974,100,100176,100,99932,100,100188,100,99921,100,100237,100,99889,100,100396,100,99874,100,100403,100,99766,100,100561,100,99623,200,100566,100,99249,100
2019-06-28 09:54:39.850936874,100095,332,100054,532,100100,100,100025,100,100109,100,99974,100,100176,100,99932,100,100188,100,99921,100,100237,100,99889,100,100396,100,99874,100,100401,100,99766,100,100403,100,99623,200,100561,100,99249,100
2019-06-28 09:54:40.000000000,100100,266,100054,366,100109,266,100025,266,100176,100,99974,100,100188,100,99932,100,100237,100,99921,100,100396,100,99889,100,100401,100,99874,100,100403,100,99766,100,100561,100,99623,200,100566,100,99249,100
2019-06-28 09:54:50.000000000,100100,266,100054,366,100109,266,100025,266,100176,100,99974,100,100188,100,99932,100,100237,100,99921,100,100396,100,99889,100,100401,100,99874,100,100403,100,99766,100,100561,100,99623,200,100566,100,99249,100
2019-06-28 09:55:00.000000000,100100,166,100054,266,100109,166,100025,166,100176,166,99974,166,100188,166,99932,166,100237,166,99921,166,100396,100,99889,100,100401,100,99874,100,100403,100,99766,100,100561,100,99623,200,100566,100,99249,100
2019-06-28 09:55:08.973327599,100100,166,100054,366,100109,166,100025,166,100176,166,99974,166,100188,166,99932,166,100237,166,99921,166,100396,100,99889,100,100401,100,99874,100,100403,100,99766,100,100561,100,99623,200,100566,100,99249,100
2019-06-28 09:55:10.000000000,100100,166,100054,366,100109,166,100025,166,100176,166,99974,166,100188,166,99932,166,100237,166,99921,166,100396,100,99889,100,100401,100,99874,100,100403,100,99766,100,100561,100,99623,200,100566,100,99249,100
2019-06-28 09:55:14.383659973,100100,166,100054,266,100109,166,100025,166,100176,166,99974,166,100188,166,99932,166,100237,166,99921,166,100396,100,99889,100,100401,100,99874,100,100403,100,99766,100,100561,100,99623,200,100566,100,99249,100
2019-06-28 09:55:20.000000000,100100,432,100054,532,100109,100,100025,100,100176,100,99974,100,100188,100,99932,100,100237,100,99921,100,100396,100,99889,100,100401,100,99874,100,100403,100,99766,100,100561,100,99623,200,100566,100,99249,100
2019-06-28 09:55:30.000000000,100100,213,100054,313,100109,210,100025,210,100176,210,99974,210,100188,100,99932,100,100237,100,99921,100,100396,100,99889,100,100401,100,99874,100,100403,100,99766,100,100561,100,99623,200,100566,100,99249,100
2019-06-28 09:55:30.709440443,100100,113,100054,313,100109,210,100025,210,100176,210,99974,210,100188,100,99932,100,100237,100,99921,100,100396,100,99889,100,100401,100,99874,100,100403,100,99766,100,100561,100,99623,200,100566,100,99249,100
2019-06-28 09:55:35.097998577,100100,113,100054,313,100109,210,100025,210,100176,210,99974,210,100188,100,99932,100,100237,100,99921,100,100396,100,99889,100,100401,100,99874,100,100403,100,99766,100,100561,100,99623,200,100566,100,99249,100
2019-06-28 09:55:40.000000000,100109,266,100054,366,100176,266,100025,266,100188,100,99974,100,100237,100,99932,100,100396,100,99921,100,100401,100,99889,100,100403,100,99874,100,100561,100,99766,100,100566,100,99623,200,100581,100,99249,100
2019-06-28 09:55:40.319394243,100109,266,100054,366,100176,266,100025,266,100188,100,99974,100,100237,100,99932,100,100396,100,99921,100,100401,100,99889,100,100403,100,99874,100,100561,100,99623,200,100566,100,99249,100,100581,100,,
2019-06-28 09:55:42.151456906,100109,266,100054,366,100176,266,100025,266,100188,100,99974,100,100237,100,99932,100,100396,100,99921,100,100401,100,99889,100,100403,100,99874,100,100512,100,99623,200,100561,100,99249,100,100566,100,,
2019-06-28 09:55:50.000000000,100109,213,100054,313,100176,210,100025,210,100188,210,99974,210,100237,100,99932,100,100396,100,99921,100,100401,100,99889,100,100403,100,99874,100,100512,100,99623,200,100561,100,99249,100,100566,100,,
2019-06-28 09:55:52.351023470,100109,213,100054,313,100176,210,100025,110,100188,210,99974,210,100237,100,99932,100,100396,100,99921,100,100401,100,99889,100,100403,100,99874,100,100512,100,99623,200,100561,100,99249,100,100566,100,,
2019-06-28 09:55:55.030935403,100109,113,100054,313,100176,210,100025,110,100188,210,99974,210,100237,100,99932,100,100396,100,99921,100,100401,100,99889,100,100403,100,99874,100,100512,100,99623,200,100561,100,99249,100,100566,100,,
2019-06-28 09:55:59.874303321,100109,113,100095,100,100176,210,100054,313,100188,210,100025,110,100237,100,99974,210,100396,100,99921,100,100401,100,99889,100,100403,100,99874,100,100512,100,99623,200,100561,100,99249,100,100566,100,,
2019-06-28 09:56:00.000000000,100176,432,100095,432,100188,100,100054,200,100237,100,99974,100,100396,100,99921,100,100401,100,99889,100,100403,100,99874,100,100512,100,99623,200,100561,100,99249,100,100566,100,,,100581,100,,
2019-06-28 09:56:08.948367797,100176,332,100095,432,100188,100,100054,200,100237,100,99974,100,100396,100,99921,100,100401,100,99889,100,100403,100,99874,100,100512,100,99623,200,100561,100,99249,100,100566,100,,,100581,100,,
2019-06-28 09:56:10.000000000,100188,166,100095,166,100237,166,100054,266,100396,166,99974,166,100401,166,99921,166,100403,166,99889,166,100512,100,99874,100,100561,100,99623,200,100566,100,99249,100,100581,100,,,100589,100,,
2019-06-28 09:56:20.000000000,100188,166,100095,166,100237,166,100054,266,100396,166,99974,166,100401,166,99921,166,100403,166,99889,166,100512,100,99874,100,100561,100,99623,200,100566,100,99249,100,100581,100,,,100589,100,,
2019-06-28 09:56:30.000000000,100188,266,100095,266,100237,266,100054,366,100396,100,99974,100,100401,100,99921,100,100403,100,99889,100,100512,100,99874,100,100561,100,99623,200,100566,100,99249,100,100581,100,,,100589,100,,
2019-06-28 09:56:40.000000000,100188,266,100095,266,100237,266,100054,366,100396,100,99974,100,100401,100,99921,100,100403,100,99889,100,100512,100,99874,100,100561,100,99623,200,100566,100,99249,100,100581,100,,,100589,100,,
2019-06-28 09:56:43.391425160,100188,266,100095,266,100237,266,100054,366,100396,100,99974,100,100401,100,99921,100,100403,100,99874,100,100512,100,99623,200,100561,100,99249,100,100566,100,,,100581,100,,,100589,100,,
2019-06-28 09:56:45.229754543,100188,266,100095,266,100237,266,100054,366,100396,100,99974,100,100401,100,99921,100,100403,100,99874,100,100512,100,99623,200,100561,100,99249,100,100566,100,,,100581,100,,,100589,100,,
2019-06-28 09:56:50.000000000,100188,166,100095,166,100237,166,100054,266,100396,166,99974,166,100401,166,99921,166,100403,166,99874,166,100512,100,99623,200,100561,100,99249,100,100566,100,,,100581,100,,,100589,100,,
2019-06-28 09:57:00.000000000,100188,213,100095,213,100237,210,100054,310,100396,210,99974,210,100401,100,99921,100,100403,100,99874,100,100512,100,99623,200,100561,100,99249,100,100566,100,,,100581,100,,,100589,100,,
2019-06-28 09:57:02.779952828,100188,213,100095,213,100237,210,100054,310,100396,210,99974,210,100401,100,99921,100,100403,100,99874,100,100512,100,99623,200,100561,100,99249,100,100566,100,,,100581,100,,,100589,100,,
2019-06-28 09:57:02.883186986,100188,113,100095,213,100237,210,100054,310,100396,210,99974,210,100403,100,99921,100,100512,100,99874,100,100561,100,99623,200,100566,100,99249,100,100581,100,,,100589,100,,,100693,100,,
2019-06-28 09:57:10.000000000,100237,166,100095,166,100396,166,100054,266,100403,166,99974,166,100512,166,99921,166,100561,166,99874,166,100566,100,99623,200,100581,100,99249,100,100589,100,,,100693,100,,,100715,100,,
2019-06-28 09:57:20.000000000,100237,266,100095,266,100396,266,100054,366,100403,100,99974,100,100512,100,99921,100,100561,100,99874,100,100566,100,99623,200,100581,100,99249,100,100589,100,,,100693,100,,,100715,100,,
2019-06-28 09:57:28.722021781,100237,266,100095,266,100396,266,100054,366,100403,100,99974,100,100512,100,99921,100,100561,100,99874,100,100566,100,99623,200,100581,100,99249,100,100589,100,,,100693,100,,,100715,100,,
2019-06-28 09:57:30.000000000,100237,183,100095,183,100396,183,100054,283,100403,183,99974,183,100512,183,99921,183,100561,100,99874,100,100566,100,99623,200,100581,100,99249,100,100589,100,,,100693,100,,,100715,100,,
2019-06-28 09:57:40.000000000,100237,183,100095,183,100396,183,100054,283,100403,183,99974,183,100512,183,99921,183,100561,100,99874,100,100566,100,99623,200,100581,100,99249,100,100589,100,,,100693,100,,,100715,100,,
2019-06-28 09:57:43.368592956,100237,183,100176,100,100396,183,100095,183,100403,183,100054,283,100512,183,99974,83,100561,100,99921,183,100566,100,99874,100,100581,100,99623,200,100589,100,99249,100,100693,100,,,100715,100,,
2019-06-28 09:57:50.000000000,100237,183,100176,183,100396,183,100095,183,100403,183,100054,283,100512,183,99921,183,100561,100,99874,100,100566,100,99623,200,100581,100,99249,100,100589,100,,,100693,100,,,100715,100,,
2019-06-28 09:57:52.562609509,100237,183,100176,183,100396,183,100095,183,100403,183,100054,283,100512,183,99921,183,100561,100,99874,100,100566,100,99623,200,100581,100,99249,100,100589,100,,,100693,100,,,100715,100,,
2019-06-28 09:58:00.000000000,100237,213,100176,213,100396,210,100095,210,100403,210,100054,310,100512,100,99921,100,100561,100,99874,100,100566,100,99623,200,100581,100,99249,100,100589,100,,,100693,100,,,100715,100,,
2019-06-28 09:58:10.000000000,100237,183,100176,183,100396,183,100095,183,100403,183,100054,283,100512,183,99921,183,100561,100,99874,100,100566,100,99623,200,100581,100,99249,100,100589,100,,,100693,100,,,100715,100,,
2019-06-28 09:58:12.964688423,100237,83,100176,183,100396,183,100095,183,100403,183,100054,283,100512,183,99921,183,100561,100,99874,100,100566,100,99623,200,100581,100,99249,100,100589,100,,,100693,100,,,100715,100,,
2019-06-28 09:58:14.657418520,100396,183,100237,17,100403,183,100176,183,100512,183,100095,183,100561,100,100054,283,100566,100,99921,183,100581,100,99623,200,100589,100,99249,100,100693,100,,,100715,100,,,100749,100,,
2019-06-28 09:58:20.000000000,100396,432,100237,349,100403,100,100176,100,100512,100,100095,100,100561,100,100054,200,100566,100,99921,100,100581,100,99623,200,100589,100,99249,100,100693,100,,,100715,100,,,100749,100,,
2019-06-28 09:58:30.000000000,100396,166,100237,83,100403,166,100176,166,100512,166,100095,166,100561,166,100054,266,100566,166,99921,166,100581,100,99623,200,100589,100,99249,100,100693,100,,,100715,100,,,100749,100,,
2019-06-28 09:58:40.000000000,100396,213,100237,130,100403,210,100176,210,100512,210,100095,210,100561,100,100054,200,100566,100,99921,100,100581,100,99623,200,100589,100,99249,100,100693,100,,,100715,100,,,100749,100,,
2019-06-28 09:58:40.028023024,100396,213,100237,30,100403,210,100176,210,100512,210,100095,210,100561,100,100054,200,100566,100,99921,100,100581,100,99623,200,100589,100,99249,100,100693,100,,,100715,100,,,100749,100,,
2019-06-28 09:58:50.000000000,100396,183,100176,183,100403,183,100095,183,100512,183,100054,283,100561,183,99921,183,100566,100,99623,200,100581,100,99249,100,100589,100,,,100693,100,,,100715,100,,,100749,100,,
2019-06-28 09:59:00.000000000,100396,432,100176,432,100403,100,100095,100,100512,100,100054,200,100561,100,99921,100,100566,100,99623,200,100581,100,99249,100,100589,100,,,100693,100,,,100715,100,,,100749,100,,
2019-06-28 09:59:10.000000000,100396,213,100176,213,100403,210,100095,210,100512,210,100054,310,100561,100,99921,100,100566,100,99623,200,100581,100,99249,100,100589,100,,,100693,100,,,100715,100,,,100749,100,,
2019-06-28 09:59:20.000000000,100396,183,100176,183,100403,183,100095,183,100512,183,100054,283,100561,183,99921,183,100566,100,99623,200,100581,100,99249,100,100589,100,,,100693,100,,,100715,100,,,100749,100,,
2019-06-28 09:59:25.080324856,100237,100,100176,183,100396,183,100095,183,100403,183,100054,283,100512,183,99921,183,100561,183,99623,200,100566,100,99249,100,100581,100,,,100589,100,,,100693,100,,,100715,100,,
2019-06-28 09:59:30.000000000,100237,183,100176,183,100396,183,100095,183,100403,183,100054,283,100512,183,99921,183,100561,100,99623,200,100566,100,99249,100,100581,100,,,100589,100,,,100693,100,,,100715,100,,
2019-06-28 09:59:40.000000000,100237,432,100176,432,100396,100,100095,100,100403,100,100054,200,100512,100,99921,100,100561,100,99623,200,100566,100,99249,100,100581,100,,,100589,100,,,100693,100,,,100715,100,,
2019-06-28 09:59:50.000000000,100237,432,100176,432,100396,100,100095,100,100403,100,100054,200,100512,100,99921,100,100561,100,99623,200,100566,100,99249,100,100581,100,,,100589,100,,,100693,100,,,100715,100,,
2019-06-28 09:59:50.695165139,100237,332,100176,432,100396,100,100095,100,100403,100,100054,200,100512,100,99921,100,100561,100,99623,200,100566,100,99249,100,100581,100,,,100589,100,,,100693,100,,,100715,100,,
2019-06-28 10:00:00.000000000,100396,266,100176,266,100403,266,100095,266,100512,100,100054,200,100561,100,99921,100,100566,100,99623,200,100581,100,99249,100,100589,100,,,100693,100,,,100715,100,,,100749,100,,
2019-06-28 10:00:10.000000000,100396,266,100176,266,100403,266,100095,266,100512,100,100054,200,100561,100,99921,100,100566,100,99623,200,100581,100,99249,100,100589,100,,,100693,100,,,100715,100,,,100749,100,,
2019-06-28 10:00:20.000000000,100396,213,100176,213,100403,210,100095,210,100512,210,100054,310,100561,100,99921,100,100566,100,99623,200,100581,100,99249,100,100589,100,,,100693,100,,,100715,100,,,100749,100,,
2019-06-28 10:00:30.000000000,100396,166,100176,166,100403,166,100095,166,100512,166,100054,266,100561,166,99921,166,100566,166,99623,266,100581,100,99249,100,100589,100,,,100693,100,,,100715,100,,,100749,100,,
2019-06-28 10:00:31.218987006,100396,166,100176,166,100403,166,100095,166,100512,166,100054,266,100561,166,99921,166,100566,166,99718,100,100581,100,99623,266,100589,100,99249,100,100693,100,,,100715,100,,,100749,100,,
2019-06-28 10:00:40.000000000,100396,166,100176,166,100403,166,100095,166,100512,166,100054,266,100561,166,99921,166,100566,166,99718,166,100581,100,99623,200,100589,100,99249,100,100693,100,,,100715,100,,,100749,100,,
2019-06-28 10:00:43.134568300,100237,100,100176,166,100396,166,100095,166,100403,166,100054,266,100512,166,99921,166,100561,166,99718,166,100566,166,99623,200,100581,100,99249,100,100589,100,,,100693,100,,,100715,100,,
2019-06-28 10:00:44.882778384,100237,100,100176,166,100396,166,100095,166,100403,166,100054,266,100512,166,99921,166,100561,166,99718,166,100566,166,99623,200,100581,100,99603,100,100693,100,99249,100,100715,100,,,100749,100,,
2019-06-28 10:00:50.000000000,100237,183,100176,183,100396,183,100095,183,100403,183,100054,283,100512,183,99921,183,100561,100,99718,100,100566,100,99623,200,100581,100,99603,100,100693,100,99249,100,100715,100,,,100749,100,,
2019-06-28 10:01:00.000000000,100237,432,100176,432,100396,100,100095,100,100403,100,100054,200,100512,100,99921,100,100561,100,99718,100,100566,100,99623,200,100581,100,99603,100,100693,100,99249,100,100715,100,,,100749,100,,
2019-06-28 10:01:10.000000000,100237,166,100176,166,100396,166,100095,166,100403,166,100054,266,100512,166,99921,166,100561,166,99718,166,100566,100,99623,200,100581,100,99603,100,100693,100,99249,100,100715,100,,,100749,100,,
2019-06-28 10:01:20.000000000,100237,266,100176,266,100396,266,100095,266,100403,100,100054,200,100512,100,99921,100,100561,100,99718,100,100566,100,99623,200,100581,100,99603,100,100693,100,99249,100,100715,100,,,100749,100,,
2019-06-28 10:01:28.054901471,100237,266,100176,266,100396,266,100095,266,100403,100,100054,200,100512,100,99921,100,100561,100,99718,100,100566,100,99623,200,100581,100,99603,100,100693,100,99249,100,100715,100,98972,100,100749,100,,
2019-06-28 10:01:30.000000000,100237,183,100176,183,100396,183,100095,183,100403,183,100054,283,100512,183,99921,183,100561,100,99718,100,100566,100,99623,200,100581,100,99603,100,100693,100,99249,100,100715,100,98972,100,100749,100,,
2019-06-28 10:01:40.000000000,100237,432,100176,432,100396,100,100095,100,100403,100,100054,200,100512,100,99921,100,100561,100,99718,100,100566,100,99623,200,100581,100,99603,100,100693,100,99249,100,100715,100,98972,100,100749,100,,
2019-06-28 10:01:50.000000000,100237,213,100176,213,100396,210,100095,210,100403,210,100054,310,100512,100,99921,100,100561,100,99718,100,100566,100,99623,200,100581,100,99603,100,100693,100,99249,100,100715,100,98972,100,100749,100,,
2019-06-28 10:01:51.499501980,100237,213,100176,213,100396,210,100095,210,100403,210,100054,310,100512,100,99921,100,100561,100,99718,100,100566,100,99623,200,100581,100,99603,100,100693,100,99249,100,100715,100,99111,100,100749,100,98972,100
2019-06-28 10:01:57.615552499,100237,313,100176,213,100396,210,100095,210,100403,210,100054,310,100512,100,99921,100,100561,100,99718,100,100566,100,99623,200,100581,100,99603,100,100693,100,99249,100,100715,100,99111,100,100749,100,98972,100
2019-06-28 10:02:00.000000000,100237,366,100176,266,100396,266,100095,266,100403,100,100054,200,100512,100,99921,100,100561,100,99718,100,100566,100,99623,200,100581,100,99603,100,100693,100,99249,100,100715,100,99111,100,100749,100,98972,100
2019-06-28 10:02:09.335153364,100237,366,100176,166,100396,266,100095,266,100403,100,100054,200,100512,100,99921,100,100561,100,99718,100,100566,100,99623,200,100581,100,99603,100,100693,100,99111,100,100715,100,98972,100,100749,100,,
2019-06-28 10:02:10.000000000,100237,283,100095,183,100396,183,100054,283,100403,183,99921,183,100512,183,99718,183,100561,100,99623,200,100566,100,99603,100,100581,100,99111,100,100693,100,98972,100,100715,100,,,100749,100,,
2019-06-28 10:02:20.000000000,100237,366,100095,266,100396,266,100054,366,100403,100,99921,100,100512,100,99718,100,100561,100,99623,200,100566,100,99603,100,100581,100,99111,100,100693,100,98972,100,100715,100,,,100749,100,,
2019-06-28 10:02:24.755014917,100237,366,100095,266,100396,266,100054,366,100512,100,99921,100,100561,100,99718,100,100566,100,99623,200,100581,100,99603,100,100693,100,99111,100,100715,100,99009,100,100749,100,98972,100,100759,100,,
2019-06-28 10:02:25.795121306,100237,366,100095,166,100396,266,100054,366,100512,100,99921,100,100561,100,99718,100,100566,100,99623,200,100581,100,99603,100,100693,100,99111,100,100715,100,99009,100,100749,100,98972,100,100759,100,,
2019-06-28 10:02:30.000000000,100237,266,100054,266,100396,166,99921,166,100512,166,99718,166,100561,166,99623,266,100566,166,99603,166,100581,100,99111,100,100693,100,99009,100,100715,100,98972,100,100749,100,,,100759,100,,
2019-06-28 10:02:30.963246544,100237,266,100054,266,100396,166,99921,166,100512,166,99718,166,100561,166,99623,266,100566,166,99603,166,100581,100,99111,100,100693,100,99009,100,100715,100,98972,100,100749,100,98917,100,100759,100,,
2019-06-28 10:02:38.403478553,100237,266,100054,166,100396,166,99921,166,100512,166,99718,166,100561,166,99623,266,100566,166,99603,166,100581,100,99111,100,100693,100,99009,100,100715,100,98972,100,100749,100,98917,100,100759,100,,
2019-06-28 10:02:38.762622799,100237,266,100054,66,100396,166,99921,166,100512,166,99718,166,100561,166,99623,266,100566,166,99603,166,100581,100,99111,100,100693,100,99009,100,100715,100,98972,100,100749,100,98917,100,100759,100,,
2019-06-28 10:02:40.000000000,100237,366,99921,266,100396,266,99718,266,100512,100,99623,200,100561,100,99603,100,100566,100,99111,100,100581,100,99009,100,100693,100,98972,100,100715,100,98917,100,100749,100,,,100759,100,,
2019-06-28 10:02:50.000000000,100237,283,99921,183,100396,183,99718,183,100512,183,99623,283,100561,183,99603,183,100566,100,99111,100,100581,100,99009,100,100693,100,98972,100,100715,100,98917,100,100749,100,,,100759,100,,
2019-06-28 10:03:00.000000000,100237,283,99921,183,100396,183,99718,183,100512,183,99623,283,100561,183,99603,183,100566,100,99111,100,100581,100,99009,100,100693,100,98972,100,100715,100,98917,100,100749,100,,,100759,100,,
2019-06-28 10:03:10.000000000,100237,266,99921,166,100396,166,99718,166,100512,166,99623,266,100561,166,99603,166,100566,166,99111,166,100581,100,99009,100,100693,100,98972,100,100715,100,98917,100,100749,100,,,100759,100,,
2019-06-28 10:03:16.351516145,100054,100,99921,166,100237,266,99718,166,100396,166,99623,266,100512,166,99603,166,100561,166,99111,166,100566,166,99009,100,100581,100,98972,100,100693,100,98917,100,100715,100,,,100749,100,,
2019-06-28 10:03:20.000000000,100054,183,99921,183,100237,283,99718,183,100396,183,99623,283,100512,183,99603,183,100561,100,99111,100,100566,100,99009,100,100581,100,98972,100,100693,100,98917,100,100715,100,,,100749,100,,
2019-06-28 10:03:30.000000000,100054,266,99921,266,100237,366,99718,266,100396,100,99623,200,100512,100,99603,100,100561,100,99111,100,100566,100,99009,100,100581,100,98972,100,100693,100,98917,100,100715,100,,,100749,100,,
2019-06-28 10:03:31.405661615,100054,266,99921,266,100237,366,99718,266,100396,100,99623,200,100512,100,99603,100,100561,100,99132,100,100566,100,99111,100,100581,100,99009,100,100693,100,98972,100,100715,100,98917,100,100749,100,,
2019-06-28 10:03:34.082962164,100054,266,99921,166,100237,366,99718,266,100396,100,99623,200,100512,100,99603,100,100561,100,99132,100,100566,100,99111,100,100581,100,99009,100,100693,100,98972,100,100715,100,98917,100,100749,100,,
2019-06-28 10:03:38.144154022,100054,266,99921,66,100237,366,99718,266,100396,100,99623,200,100512,100,99603,100,100561,100,99132,100,100566,100,99111,100,100581,100,99009,100,100693,100,98972,100,100715,100,98917,100,100749,100,,
2019-06-28 10:03:40.000000000,100054,266,99718,266,100237,366,99623,366,100396,100,99603,100,100512,100,99132,100,100561,100,99111,100,100566,100,99009,100,100581,100,98972,100,100693,100,98917,100,100715,100,,,100749,100,,
2019-06-28 10:03:50.000000000,100054,432,99718,432,100237,200,99623,200,100396,100,99603,100,100512,100,99132,100,100561,100,99111,100,100566,100,99009,100,100581,100,98972,100,100693,100,98917,100,100715,100,,,100749,100,,
2019-06-28 10:04:00.000000000,100054,166,99718,166,100237,266,99623,266,100396,166,99603,166,100512,166,99132,166,100561,166,99111,166,100566,100,99009,100,100581,100,98972,100,100693,100,98917,100,100715,100,,,100749,100,,
2019-06-28 10:04:10.000000000,100054,266,99718,266,100237,366,99623,366,100396,100,99603,100,100512,100,99132,100,100561,100,99111,100,100566,100,99009,100,100581,100,98972,100,100693,100,98917,100,100715,100,,,100749,100,,
2019-06-28 10:04:20.000000000,100054,432,99718,432,100237,200,99623,200,100396,100,99603,100,100512,100,99132,100,100561,100,99111,100,100566,100,99009,100,100581,100,98972,100,100693,100,98917,100,100715,100,,,100749,100,,
2019-06-28 10:04:30.000000000,100054,266,99718,266,100237,366,99623,366,100396,100,99603,100,100512,100,99132,100,100561,100,99111,100,100566,100,99009,100,100581,100,98972,100,100693,100,98917,100,100715,100,,,100749,100,,
2019-06-28 10:04:40.000000000,100054,266,99718,266,100237,366,99623,366,100396,100,99603,100,100512,100,99132,100,100561,100,99111,100,100566,100,99009,100,100581,100,98972,100,100693,100,98917,100,100715,100,,,100749,100,,
2019-06-28 10:04:48.654301315,100054,266,99718,266,100237,366,99623,366,100396,100,99603,100,100512,100,99132,100,100561,100,99111,100,100566,100,99009,100,100581,100,98972,100,100693,100,97330,100,100715,100,,,100749,100,,
2019-06-28 10:04:50.000000000,100054,166,99718,166,100237,266,99623,266,100396,166,99603,166,100512,166,99132,166,100561,166,99111,166,100566,100,99009,100,100581,100,98972,100,100693,100,97330,100,100715,100,,,100749,100,,
2019-06-28 10:04:57.941831600,100054,166,99718,66,100237,266,99623,266,100396,166,99603,166,100512,166,99132,166,100561,166,99111,166,100566,100,99009,100,100581,100,98972,100,100693,100,97330,100,100715,100,,,100749,100,,
2019-06-28 10:05:00.000000000,100054,266,99623,366,100237,366,99603,266,100396,100,99132,100,100512,100,99111,100,100561,100,99009,100,100566,100,98972,100,100581,100,97330,100,100693,100,,,100715,100,,,100749,100,,
2019-06-28 10:05:08.560946269,100054,266,99623,266,100237,366,99603,266,100396,100,99132,100,100512,100,99111,100,100561,100,99009,100,100566,100,98972,100,100581,100,97330,100,100693,100,,,100715,100,,,100749,100,,
2019-06-28 10:05:10.000000000,100054,213,99623,213,100237,310,99603,210,100396,210,99132,210,100512,100,99111,100,100561,100,99009,100,100566,100,98972,100,100581,100,97330,100,100693,100,,,100715,100,,,100749,100,,
2019-06-28 10:05:20.000000000,100054,166,99623,166,100237,266,99603,166,100396,166,99132,166,100512,166,99111,166,100561,166,99009,166,100566,100,98972,100,100581,100,97330,100,100693,100,,,100715,100,,,100749,100,,
2019-06-28 10:05:29.900811415,100054,166,99623,166,100237,266,99603,166,100396,166,99132,166,100512,166,99111,166,100561,166,99009,166,100566,100,98972,100,100581,100,97470,100,100693,100,97330,100,100715,100,,,100749,100,,
2019-06-28 10:05:30.000000000,100054,213,99623,213,100237,310,99603,210,100396,210,99132,210,100512,100,99111,100,100561,100,99009,100,100566,100,98972,100,100581,100,97470,100,100693,100,97330,100,100715,100,,,100749,100,,
2019-06-28 10:05:40.000000000,100054,213,99623,213,100237,310,99603,210,100396,210,99132,210,100512,100,99111,100,100561,100,99009,100,100566,100,98972,100,100581,100,97470,100,100693,100,97330,100,100715,100,,,100749,100,,
2019-06-28 10:05:47.120738417,100054,213,99623,113,100237,310,99603,210,100396,210,99132,210,100512,100,99111,100,100561,100,99009,100,100566,100,98972,100,100581,100,97470,100,100693,100,97330,100,100715,100,,,100749,100,,
2019-06-28 10:05:50.000000000,100054,266,99603,266,100237,366,99132,266,100396,100,99111,100,100512,100,99009,100,100561,100,98972,100,100566,100,97470,100,100581,100,97330,100,100693,100,,,100715,100,,,100749,100,,
2019-06-28 10:05:50.135825391,100054,266,99603,266,100237,366,99132,266,100396,100,99111,100,100512,100,99009,100,100561,100,98972,100,100566,100,97470,100,100581,100,97330,100,100693,100,97162,100,100715,100,,,100749,100,,
2019-06-28 10:05:52.425509672,100054,266,99603,266,100237,366,99132,266,100396,100,99111,100,100512,100,99009,100,100561,100,98972,100,100566,100,97470,100,100581,100,97347,100,100693,100,97330,100,100715,100,97162,100,100749,100,,
2019-06-28 10:05:53.972050503,100054,266,99603,166,100237,366,99132,266,100396,100,99111,100,100512,100,99009,100,100561,100,98972,100,100566,100,97470,100,100581,100,97347,100,100693,100,97330,100,100715,100,97162,100,100749,100,,
2019-06-28 10:05:56.031229496,99623,100,99603,166,100054,266,99132,266,100237,366,99111,100,100396,100,99009,100,100512,100,98972,100,100561,100,97470,100,100566,100,97347,100,100581,100,97330,100,100693,100,97162,100,100715,100,,
2019-06-28 10:06:00.000000000,99623,183,99132,183,100054,183,99111,183,100237,283,99009,183,100396,183,98972,183,100512,100,97470,100,100561,100,97347,100,100566,100,97330,100,100581,100,97162,100,100693,100,,,100715,100,,
2019-06-28 10:06:05.280311821,99623,283,99132,183,100054,83,99111,183,100237,283,99009,183,100396,183,98972,183,100512,100,97470,100,100561,100,97347,100,100566,100,97330,100,100581,100,97162,100,100693,100,,,100715,100,,
2019-06-28 10:06:05.295705169,99623,283,99132,183,100054,83,99111,183,100237,183,99009,183,100396,183,98972,183,100512,100,97470,100,100561,100,97347,100,100566,100,97330,100,100581,100,97162,100,100693,100,,,100715,100,,
2019-06-28 10:06:10.000000000,99623,532,99132,432,100237,100,99111,100,100396,100,99009,100,100512,100,98972,100,100561,100,97470,100,100566,100,97347,100,100581,100,97330,100,100693,100,97162,100,100715,100,,,100749,100,,
2019-06-28 10:06:20.000000000,99623,532,99132,432,100237,100,99111,100,100396,100,99009,100,100512,100,98972,100,100561,100,97470,100,100566,100,97347,100,100581,100,97330,100,100693,100,97162,100,100715,100,,,100749,100,,
2019-06-28 10:06:30.000000000,99623,283,99132,183,100237,183,99111,183,100396,183,99009,183,100512,183,98972,183,100561,100,97470,100,100566,100,97347,100,100581,100,97330,100,100693,100,97162,100,100715,100,,,100749,100,,
2019-06-28 10:06:31.319525243,99623,283,99132,83,100237,183,99111,183,100396,183,99009,183,100512,183,98972,183,100561,100,97470,100,100566,100,97347,100,100581,100,97330,100,100693,100,97162,100,100715,100,,,100749,100,,
2019-06-28 10:06:36.278109188,99132,17,99111,183,99623,283,99009,183,100237,183,98972,183,100396,183,97470,100,100512,183,97347,100,100561,100,97330,100,100566,100,97162,100,100581,100,,,100693,100,,,100715,100,,
2019-06-28 10:06:40.000000000,99132,183,99111,266,99623,366,99009,266,100237,100,98972,100,100396,100,97470,100,100512,100,97347,100,100561,100,97330,100,100566,100,97162,100,100581,100,,,100693,100,,,100715,100,,
2019-06-28 10:06:47.280933815,99132,183,99111,266,99623,366,99009,266,100237,100,98972,100,100396,100,97516,100,100512,100,97470,100,100561,100,97347,100,100566,100,97330,100,100581,100,97162,100,100715,100,,,100749,100,,
2019-06-28 10:06:50.000000000,99132,130,99111,213,99623,310,99009,210,100237,210,98972,210,100396,100,97516,100,100512,100,97470,100,100561,100,97347,100,100566,100,97330,100,100581,100,97162,100,100715,100,,,100749,100,,
2019-06-28 10:06:59.898784598,99132,230,99111,213,99623,310,99009,210,100237,210,98972,210,100396,100,97516,100,100512,100,97470,100,100561,100,97347,100,100566,100,97330,100,100581,100,97162,100,100715,100,,,100749,100,,
2019-06-28 10:07:00.000000000,99132,230,99111,213,99623,310,99009,210,100237,210,98972,210,100396,100,97516,100,100512,100,97470,100,100561,100,97347,100,100566,100,97330,100,100581,100,97162,100,100715,100,,,100749,100,,
2019-06-28 10:07:10.000000000,99132,200,99111,183,99623,283,99009,183,100237,183,98972,183,100396,183,97516,183,100512,100,97470,100,100561,100,97347,100,100566,100,97330,100,100581,100,97162,100,100715,100,,,100749,100,,
2019-06-28 10:07:20.000000000,99132,449,99111,432,99623,200,99009,100,100237,100,98972,100,100396,100,97516,100,100512,100,97470,100,100561,100,97347,100,100566,100,97330,100,100581,100,97162,100,100715,100,,,100749,100,,
2019-06-28 10:07:28.233404867,99132,449,99111,332,99623,200,99009,100,100237,100,98972,100,100396,100,97516,100,100512,100,97470,100,100561,100,97347,100,100566,100,97330,100,100581,100,97162,100,100715,100,,,100749,100,,
2019-06-28 10:07:30.000000000,99132,449,99009,432,99623,200,98972,100,100237,100,97516,100,100396,100,97470,100,100512,100,97347,100,100561,100,97330,100,100566,100,97162,100,100581,100,,,100715,100,,,100749,100,,
2019-06-28 10:07:33.933000566,99132,449,99009,332,99623,200,98972,100,100237,100,97516,100,100396,100,97470,100,100512,100,97347,100,100561,100,97330,100,100566,100,97162,100,100581,100,,,100715,100,,,100749,100,,
2019-06-28 10:07:37.610913372,99132,449,99009,332,99623,200,98972,100,100237,100,97803,100,100396,100,97516,100,100512,100,97470,100,100561,100,97347,100,100566,100,97330,100,100581,100,97162,100,100715,100,,,100749,100,,
2019-06-28 10:07:39.774855669,99132,449,99009,232,99623,200,98972,100,100237,100,97516,100,100396,100,97470,100,100512,100,97347,100,100561,100,97330,100,100566,100,97162,100,100581,100,,,100715,100,,,100749,100,,
2019-06-28 10:07:40.000000000,99132,200,98972,183,99623,283,97516,183,100237,183,97470,183,100396,183,97347,183,100512,100,97330,100,100561,100,97162,100,100566,100,,,100581,100,,,100715,100,,,100749,100,,
2019-06-28 10:07:45.848374887,99132,200,98972,83,99623,283,97516,183,100237,183,97470,183,100396,183,97347,183,100512,100,97330,100,100561,100,97162,100,100566,100,,,100581,100,,,100715,100,,,100749,100,,
2019-06-28 10:07:50.000000000,99132,183,97516,166,99623,266,97470,166,100237,166,97347,166,100396,166,97330,166,100512,166,97162,166,100561,100,,,100566,100,,,100581,100,,,100715,100,,,100749,100,,
2019-06-28 10:08:00.000000000,99132,230,97516,213,99623,310,97470,210,100237,210,97347,210,100396,100,97330,100,100512,100,97162,100,100561,100,,,100566,100,,,100581,100,,,100715,100,,,100749,100,,
