,ask_price_1,ask_size_1,bid_price_1,bid_size_1,ask_price_2,ask_size_2,bid_price_2,bid_size_2,ask_price_3,ask_size_3,bid_price_3,bid_size_3,ask_price_4,ask_size_4,bid_price_4,bid_size_4,ask_price_5,ask_size_5,bid_price_5,bid_size_5,ask_price_6,ask_size_6,bid_price_6,bid_size_6,ask_price_7,ask_size_7,bid_price_7,bid_size_7,ask_price_8,ask_size_8,bid_price_8,bid_size_8,ask_price_9,ask_size_9,bid_price_9,bid_size_9,ask_price_10,ask_size_10,bid_price_10,bid_size_10
2019-06-28 09:30:00.000000002,100136,100,,,,,,,,,,,,,,,,,,,,,,,,,,,,,,,,,,,,,,
2019-06-28 09:30:00.000000003,100136,100,99934,100,,,,,,,,,,,,,,,,,,,,,,,,,,,,,,,,,,,,
2019-06-28 09:30:00.000000005,100063,100,99934,100,100136,100,,,,,,,,,,,,,,,,,,,,,,,,,,,,,,,,,,
2019-06-28 09:30:00.000000007,100018,100,99934,100,100063,100,,,100136,100,,,,,,,,,,,,,,,,,,,,,,,,,,,,,,
2019-06-28 09:30:00.000000008,100018,100,99934,100,100063,100,,,100080,100,,,100136,100,,,,,,,,,,,,,,,,,,,,,,,,,,
2019-06-28 09:30:00.000000011,100018,100,99988,100,100063,100,99934,100,100080,100,,,100136,100,,,,,,,,,,,,,,,,,,,,,,,,,,
2019-06-28 09:30:00.000000012,100018,100,99988,100,100063,100,99934,100,100080,100,,,100130,100,,,100136,100,,,,,,,,,,,,,,,,,,,,,,
2019-06-28 09:30:00.000000014,100018,100,99988,100,100063,100,99934,100,100068,100,99918,100,100080,100,,,100130,100,,,100136,100,,,,,,,,,,,,,,,,,,
2019-06-28 09:30:00.000000016,100031,100,99988,100,100063,100,99934,100,100068,100,99918,100,100080,100,99883,100,100130,100,,,100136,100,,,,,,,,,,,,,,,,,,
2019-06-28 09:30:00.000000017,99993,100,99988,100,100031,100,99934,100,100063,100,99918,100,100068,100,99883,100,100080,100,,,100130,100,,,100136,100,,,,,,,,,,,,,,
2019-06-28 09:30:00.000000018,99993,100,99988,100,100031,100,99934,100,100063,100,99918,100,100068,100,99883,100,100074,100,,,100076,100,,,100080,100,,,100086,100,,,100130,100,,,100136,100,,
2019-06-28 09:30:00.000000020,99993,100,99988,100,100031,100,99984,100,100063,100,99934,100,100068,100,99918,100,100074,100,99883,100,100076,100,,,100080,100,,,100086,100,,,100130,100,,,100136,100,,
2019-06-28 09:30:00.000000021,99993,100,99988,100,100031,100,99984,100,100063,100,99934,100,100068,100,99918,100,100073,100,99883,100,100074,100,,,100076,100,,,100080,100,,,100086,100,,,100130,100,,
2019-06-28 09:30:00.000000022,100031,100,99988,100,100063,100,99984,100,100068,100,99934,100,100073,100,99918,100,100074,100,99883,100,100076,100,,,100080,100,,,100086,100,,,100130,100,,,100136,100,,
2019-06-28 09:30:00.000000024,100031,100,99988,100,100040,100,99984,100,100063,100,99934,100,100068,100,99918,100,100073,100,99883,100,100074,100,,,100076,100,,,100080,100,,,100086,100,,,100130,100,,
2019-06-28 09:30:00.000000025,100031,100,100017,100,100040,100,99988,100,100063,100,99984,100,100068,100,99944,100,100073,100,99934,100,100074,100,99918,100,100076,100,99883,100,100080,100,,,100086,100,,,100130,100,,
2019-06-28 09:30:00.000000029,100031,100,100017,100,100040,100,99988,100,100063,100,99984,200,100068,100,99944,100,100073,100,99934,100,100074,100,99918,100,100076,100,99883,100,100080,100,,,100086,100,,,100130,100,,
2019-06-28 09:30:00.000000030,100031,100,100017,100,100040,100,99988,100,100063,100,99984,200,100067,100,99944,100,100068,100,99934,100,100073,100,99918,100,100074,100,99883,100,100076,100,,,100080,100,,,100086,100,,
2019-06-28 09:30:00.000000031,100031,100,100017,100,100040,100,99988,100,100063,100,99984,200,100067,100,99974,100,100068,100,99944,100,100073,100,99934,100,100074,100,99918,100,100076,100,99883,100,100080,100,,,100086,100,,
2019-06-28 09:30:00.000000032,100031,100,100017,100,100040,100,99988,100,100063,100,99984,200,100067,100,99974,100,100068,100,99944,100,100073,100,99934,100,100074,100,99918,100,100076,100,99887,100,100080,100,99883,100,100086,100,,
2019-06-28 09:30:00.000000033,100031,100,100017,100,100040,100,99988,100,100063,100,99984,200,100067,100,99974,100,100068,100,99944,100,100073,100,99934,100,100074,100,99918,100,100076,100,99915,100,100080,100,99887,100,100086,100,99883,100
2019-06-28 09:30:00.000000034,100018,100,100017,100,100031,100,99993,100,100040,100,99988,100,100063,100,99984,200,100067,100,99974,100,100068,100,99944,100,100073,100,99934,100,100074,100,99918,100,100076,100,99915,100,100080,100,99887,100
2019-06-28 09:30:00.000000035,100018,100,100017,100,100031,100,99993,100,100040,100,99988,100,100063,100,99984,200,100067,100,99974,100,100068,100,99969,100,100073,100,99950,100,100074,100,99944,100,100076,100,99934,100,100080,100,99918,100
2019-06-28 09:30:00.000000036,100018,100,99993,100,100031,100,99988,100,100040,100,99984,200,100063,100,99974,100,100067,100,99969,100,100068,100,99950,100,100073,100,99944,100,100074,100,99934,100,100076,100,99918,100,100080,100,99915,100
2019-06-28 09:30:00.000000041,100018,100,100015,100,100031,100,99993,100,100040,100,99988,100,100063,100,99984,200,100067,100,99974,100,100068,100,99969,100,100073,100,99950,100,100074,100,99944,100,100076,100,99934,100,100080,100,99918,100
2019-06-28 09:30:00.000000046,100018,100,100015,100,100031,100,99994,100,100040,100,99993,100,100063,100,99988,100,100067,100,99984,200,100068,100,99974,100,100073,100,99969,100,100074,100,99950,100,100076,100,99944,100,100080,100,99934,100
2019-06-28 09:30:00.000000047,100018,100,100015,100,100031,100,99998,100,100040,100,99994,100,100063,100,99993,100,100067,100,99988,100,100068,100,99984,200,100073,100,99976,100,100074,100,99974,100,100076,100,99969,100,100080,100,99950,100
2019-06-28 09:30:00.000000051,100017,100,100015,100,100018,100,99998,100,100031,100,99994,100,100040,100,99993,100,100063,100,99988,100,100067,100,99984,200,100068,100,99976,100,100073,100,99974,100,100074,100,99969,100,100076,100,99950,100
2019-06-28 09:30:00.000000053,100017,100,100015,100,100018,100,99998,100,100031,100,99994,200,100040,100,99993,100,100063,100,99988,100,100067,100,99984,200,100068,200,99976,100,100073,100,99974,100,100074,100,99969,100,100076,100,99950,100
2019-06-28 09:30:00.000000054,100017,200,100015,100,100018,100,99998,100,100031,100,99994,200,100040,100,99993,100,100063,100,99988,100,100067,100,99984,200,100068,200,99976,100,100073,100,99974,100,100074,100,99969,100,100076,100,99950,100
2019-06-28 09:30:00.000000055,100017,100,100015,100,100018,100,99998,100,100031,100,99994,200,100040,100,99993,100,100063,100,99988,100,100067,100,99984,200,100068,200,99976,100,100073,100,99974,100,100074,100,99969,100,100076,100,99950,100
2019-06-28 09:30:00.000000063,100016,100,100015,100,100017,100,99998,100,100018,100,99994,200,100031,100,99993,100,100040,100,99988,100,100054,100,99984,200,100063,100,99976,100,100067,100,99974,100,100068,200,99969,100,100073,100,99957,100
2019-06-28 09:30:00.000000064,100017,100,100015,100,100018,100,99998,100,100031,100,99994,200,100040,100,99993,100,100054,100,99988,100,100063,100,99984,200,100067,100,99976,100,100068,200,99974,100,100073,100,99969,100,100074,100,99957,100
2019-06-28 09:30:00.000000067,100017,200,99998,100,100018,100,99994,200,100031,100,99993,100,100040,100,99988,100,100054,100,99984,200,100063,100,99976,100,100067,100,99974,100,100068,200,99969,100,100073,100,99957,100,100074,100,99950,100
2019-06-28 09:30:00.000000072,100017,200,99998,100,100018,100,99994,200,100031,100,99993,100,100040,100,99988,100,100054,100,99984,200,100063,100,99976,100,100067,100,99974,100,100068,200,99969,100,100073,100,99957,100,100074,100,99950,100
2019-06-28 09:30:00.000000076,100017,200,99998,100,100018,100,99994,200,100031,100,99993,100,100040,100,99988,100,100054,100,99984,200,100063,100,99976,100,100067,100,99974,100,100068,200,99969,100,100073,100,99957,100,100074,100,99950,100
2019-06-28 09:30:00.000000077,100017,200,99998,100,100018,100,99994,200,100031,100,99993,100,100040,100,99988,100,100054,100,99984,200,100063,100,99976,100,100067,100,99974,100,100068,200,99969,100,100073,100,99957,100,100074,100,99950,100
2019-06-28 09:30:00.000000078,100017,200,99998,100,100018,100,99994,200,100031,100,99993,100,100040,100,99988,100,100054,100,99984,200,100063,100,99976,100,100067,100,99974,100,100068,200,99969,100,100073,100,99957,100,100074,100,99950,100
2019-06-28 09:30:00.000000083,100017,200,99998,100,100018,100,99994,200,100031,100,99993,100,100040,100,99988,100,100054,100,99984,200,100063,100,99976,100,100067,100,99974,100,100068,200,99969,100,100073,100,99957,100,100074,100,99950,100
2019-06-28 09:30:00.000000087,100017,200,99998,100,100018,100,99994,200,100031,100,99993,100,100040,100,99988,100,100054,100,99984,200,100063,100,99976,100,100067,100,99974,100,100068,200,99969,100,100073,100,99957,100,100074,100,99950,100
2019-06-28 09:30:00.000000088,100017,200,99998,100,100018,100,99994,200,100031,100,99993,100,100033,100,99988,100,100040,100,99984,200,100054,100,99976,100,100063,100,99974,100,100067,100,99969,100,100068,200,99957,100,100073,100,99950,100
2019-06-28 09:30:00.000000089,100017,200,99998,100,100018,100,99994,200,100031,100,99993,100,100033,100,99988,100,100040,100,99984,200,100042,100,99976,100,100054,100,99974,100,100063,100,99969,100,100067,100,99957,100,100068,200,99950,100
2019-06-28 09:30:00.000000091,100017,200,100015,100,100018,100,99998,100,100031,100,99994,200,100033,100,99993,100,100040,100,99988,100,100042,100,99984,200,100054,100,99976,100,100063,100,99974,100,100067,100,99969,100,100068,200,99957,100
2019-06-28 09:30:00.000000092,100017,200,100015,100,100018,100,99998,100,100031,100,99994,200,100033,100,99993,100,100040,100,99988,100,100042,100,99984,200,100054,100,99976,100,100063,100,99974,100,100067,100,99969,100,100068,200,99957,100
2019-06-28 09:30:00.000000095,100017,200,100015,100,100018,100,99998,100,100031,100,99994,200,100033,100,99993,100,100040,100,99988,100,100042,100,99984,200,100054,100,99976,100,100063,100,99974,100,100067,100,99969,100,100068,200,99961,100
2019-06-28 09:30:00.000000096,100017,200,100015,100,100018,100,99998,100,100031,100,99994,200,100033,100,99993,100,100040,100,99988,100,100042,100,99984,200,100054,100,99976,100,100063,100,99974,100,100067,100,99969,100,100068,200,99961,100
2019-06-28 09:30:00.000000097,100017,100,100015,100,100018,100,99998,100,100031,100,99994,200,100033,100,99993,100,100040,100,99988,100,100042,100,99984,200,100054,100,99976,100,100063,100,99974,100,100067,100,99969,100,100068,200,99961,100
2019-06-28 09:30:00.000000098,100017,100,99998,100,100018,100,99994,200,100031,100,99993,100,100033,100,99988,100,100040,100,99984,200,100042,100,99976,100,100054,100,99974,100,100063,100,99969,100,100067,100,99961,100,100068,200,99957,100
2019-06-28 09:30:10.000000000,100017,158,99998,158,100018,158,99994,258,100031,158,99993,158,100033,158,99988,158,100040,158,99984,258,100042,100,99976,100,100054,100,99974,100,100063,100,99969,100,100067,100,99961,100,100068,200,99957,100
2019-06-28 09:30:20.000000000,100017,392,99998,392,100018,100,99994,200,100031,100,99993,100,100033,100,99988,100,100040,100,99984,200,100042,100,99976,100,100054,100,99974,100,100063,100,99969,100,100067,100,99961,100,100068,200,99957,100
2019-06-28 09:30:25.196913397,100016,100,99998,392,100017,392,99994,200,100018,100,99993,100,100031,100,99988,100,100033,100,99984,200,100040,100,99976,100,100042,100,99974,100,100054,100,99969,100,100063,100,99961,100,100067,100,99957,100
2019-06-28 09:30:30.000000000,100016,173,99998,173,100017,173,99994,273,100018,173,99993,173,100031,173,99988,173,100033,100,99984,200,100040,100,99976,100,100042,100,99974,100,100054,100,99969,100,100063,100,99961,100,100067,100,99957,100
2019-06-28 09:30:40.000000000,100016,158,99998,158,100017,158,99994,258,100018,158,99993,158,100031,158,99988,158,100033,158,99984,258,100040,100,99976,100,100042,100,99974,100,100054,100,99969,100,100063,100,99961,100,100067,100,99957,100
2019-06-28 09:30:50.000000000,100016,199,99998,199,100017,196,99994,296,100018,196,99993,196,100031,100,99988,100,100033,100,99984,200,100040,100,99976,100,100042,100,99974,100,100054,100,99969,100,100063,100,99961,100,100067,100,99957,100
2019-06-28 09:31:00.000000000,100016,173,99998,173,100017,173,99994,273,100018,173,99993,173,100031,173,99988,173,100033,100,99984,200,100040,100,99976,100,100042,100,99974,100,100054,100,99969,100,100063,100,99961,100,100067,100,99957,100
2019-06-28 09:31:10.000000000,100016,392,99998,392,100017,100,99994,200,100018,100,99993,100,100031,100,99988,100,100033,100,99984,200,100040,100,99976,100,100042,100,99974,100,100054,100,99969,100,100063,100,99961,100,100067,100,99957,100
2019-06-28 09:31:10.233039505,100016,392,99998,392,100017,100,99994,100,100018,100,99993,100,100031,100,99988,100,100033,100,99984,200,100040,100,99976,100,100042,100,99974,100,100054,100,99969,100,100063,100,99961,100,100067,100,99957,100
2019-06-28 09:31:20.000000000,100016,173,99998,173,100017,173,99994,173,100018,173,99993,173,100031,173,99988,173,100033,100,99984,200,100040,100,99976,100,100042,100,99974,100,100054,100,99969,100,100063,100,99961,100,100067,100,99957,100
2019-06-28 09:31:26.031301910,100016,273,99998,173,100017,173,99994,173,100018,173,99993,73,100031,173,99988,173,100033,100,99984,200,100040,100,99976,100,100042,100,99974,100,100054,100,99969,100,100063,100,99961,100,100067,100,99957,100
2019-06-28 09:31:30.000000000,100016,258,99998,158,100017,158,99994,158,100018,158,99988,158,100031,158,99984,258,100033,158,99976,158,100040,100,99974,100,100042,100,99969,100,100054,100,99961,100,100063,100,99957,100,100067,100,99950,100
2019-06-28 09:31:40.000000000,100016,299,99998,199,100017,196,99994,196,100018,196,99988,196,100031,100,99984,200,100033,100,99976,100,100040,100,99974,100,100042,100,99969,100,100054,100,99961,100,100063,100,99957,100,100067,100,99950,100
2019-06-28 09:31:50.000000000,100016,273,99998,173,100017,173,99994,173,100018,173,99988,173,100031,173,99984,273,100033,100,99976,100,100040,100,99974,100,100042,100,99969,100,100054,100,99961,100,100063,100,99957,100,100067,100,99950,100
2019-06-28 09:32:00.000000000,100016,346,99998,246,100017,246,99994,246,100018,100,99988,100,100031,100,99984,200,100033,100,99976,100,100040,100,99974,100,100042,100,99969,100,100054,100,99961,100,100063,100,99957,100,100067,100,99950,100
2019-06-28 09:32:10.000000000,100016,492,99998,392,100017,100,99994,100,100018,100,99988,100,100031,100,99984,200,100033,100,99976,100,100040,100,99974,100,100042,100,99969,100,100054,100,99961,100,100063,100,99957,100,100067,100,99950,100
2019-06-28 09:32:15.181337994,100016,492,99998,392,100017,100,99994,100,100018,100,99988,100,100029,100,99984,100,100031,100,99976,100,100033,100,99974,100,100040,100,99969,100,100042,100,99961,100,100054,100,99957,100,100063,100,99950,100
2019-06-28 09:32:20.000000000,100016,273,99998,173,100017,173,99994,173,100018,173,99988,173,100029,173,99984,173,100031,100,99976,100,100033,100,99974,100,100040,100,99969,100,100042,100,99961,100,100054,100,99957,100,100063,100,99950,100
2019-06-28 09:32:30.000000000,100016,299,99998,199,100017,196,99994,196,100018,196,99988,196,100029,100,99984,100,100031,100,99976,100,100033,100,99974,100,100040,100,99969,100,100042,100,99961,100,100054,100,99957,100,100063,100,99950,100
2019-06-28 09:32:40.000000000,100016,492,99998,392,100017,100,99994,100,100018,100,99988,100,100029,100,99984,100,100031,100,99976,100,100033,100,99974,100,100040,100,99969,100,100042,100,99961,100,100054,100,99957,100,100063,100,99950,100
2019-06-28 09:32:44.521770164,100016,492,99998,392,100017,100,99994,100,100018,100,99988,100,100029,100,99984,100,100031,100,99976,100,100033,100,99974,100,100040,100,99969,100,100042,100,99961,100,100054,100,99957,100,100063,100,99950,100
2019-06-28 09:32:50.000000000,100016,273,99998,173,100017,173,99994,173,100018,173,99988,173,100029,173,99984,173,100031,100,99976,100,100033,100,99974,100,100040,100,99969,100,100042,100,99961,100,100054,100,99957,100,100063,100,99950,100
2019-06-28 09:33:00.000000000,100016,258,99998,158,100017,158,99994,158,100018,158,99988,158,100029,158,99984,158,100031,158,99976,158,100033,100,99974,100,100040,100,99969,100,100042,100,99961,100,100054,100,99957,100,100063,100,99950,100
2019-06-28 09:33:09.552848739,100016,258,99998,158,100017,158,99994,158,100018,158,99988,158,100029,158,99984,158,100031,158,99976,158,100040,100,99974,100,100042,100,99969,100,100054,100,99961,100,100063,100,99957,100,100067,100,99950,100
2019-06-28 09:33:10.000000000,100016,492,99998,392,100017,100,99994,100,100018,100,99988,100,100029,100,99984,100,100031,100,99976,100,100040,100,99974,100,100042,100,99969,100,100054,100,99961,100,100063,100,99957,100,100067,100,99950,100
2019-06-28 09:33:19.147909141,100016,492,99998,292,100017,100,99994,100,100018,100,99988,100,100029,100,99984,100,100031,100,99976,100,100040,100,99974,100,100042,100,99969,100,100054,100,99961,100,100063,100,99957,100,100067,100,99950,100
2019-06-28 09:33:20.000000000,100016,258,99994,158,100017,158,99988,158,100018,158,99984,158,100029,158,99976,158,100031,158,99974,158,100040,100,99969,100,100042,100,99961,100,100054,100,99957,100,100063,100,99950,100,100067,100,99945,100
2019-06-28 09:33:20.352724611,100016,258,99994,158,100017,158,99988,158,100018,158,99984,158,100029,158,99976,158,100031,158,99974,158,100040,100,99969,100,100042,100,99961,100,100054,100,99957,100,100063,100,99950,100,100067,100,99945,100
2019-06-28 09:33:27.208462420,100016,258,99994,58,100017,158,99988,158,100018,158,99984,158,100029,158,99976,158,100031,158,99974,158,100040,100,99969,100,100042,100,99961,100,100054,100,99957,100,100063,100,99950,100,100067,100,99945,100
2019-06-28 09:33:30.000000000,100016,258,99988,158,100017,158,99984,158,100018,158,99976,158,100029,158,99974,158,100031,158,99969,158,100040,100,99961,100,100042,100,99957,100,100054,100,99950,100,100063,100,99945,100,100067,100,99944,100
2019-06-28 09:33:35.412952273,100016,258,99988,58,100017,158,99984,158,100018,158,99976,158,100029,158,99974,158,100031,158,99969,158,100040,100,99961,100,100042,100,99957,100,100054,100,99950,100,100063,100,99945,100,100067,100,99944,100
2019-06-28 09:33:38.652465312,100016,258,99988,58,100017,158,99984,158,100018,158,99976,158,100029,158,99974,158,100031,158,99969,158,100040,100,99961,100,100042,100,99957,100,100054,100,99950,100,100063,100,99945,100,100067,100,99944,100
2019-06-28 09:33:38.847434612,99988,42,99984,158,100016,258,99976,158,100017,158,99974,158,100018,158,99969,158,100029,158,99961,100,100031,158,99957,100,100040,100,99950,100,100042,100,99945,100,100054,100,99944,100,100063,100,99934,100
2019-06-28 09:33:40.000000000,99988,188,99984,246,100016,346,99976,246,100017,100,99974,100,100018,100,99969,100,100029,100,99961,100,100031,100,99957,100,100040,100,99950,100,100042,100,99945,100,100054,100,99944,100,100063,100,99934,100
2019-06-28 09:33:46.326475362,99988,188,99984,146,100016,346,99976,246,100017,100,99974,100,100018,100,99969,100,100029,100,99961,100,100031,100,99957,100,100040,100,99950,100,100042,100,99945,100,100054,100,99944,100,100063,100,99934,100
2019-06-28 09:33:48.612837203,99988,188,99984,146,100016,346,99976,246,100017,100,99974,100,100018,100,99969,100,100029,100,99961,100,100031,100,99957,100,100040,100,99950,100,100042,100,99945,100,100054,100,99944,100,100063,100,99934,100
2019-06-28 09:33:50.000000000,99988,100,99976,158,100016,258,99974,158,100017,158,99969,158,100018,158,99961,158,100029,158,99957,158,100031,100,99950,100,100040,100,99945,100,100042,100,99944,100,100054,100,99934,100,100063,100,99931,100
2019-06-28 09:34:00.000000000,99988,334,99976,392,100016,200,99974,100,100017,100,99969,100,100018,100,99961,100,100029,100,99957,100,100031,100,99950,100,100040,100,99945,100,100042,100,99944,100,100054,100,99934,100,100063,100,99931,100
2019-06-28 09:34:10.000000000,99988,188,99976,246,100016,346,99974,246,100017,100,99969,100,100018,100,99961,100,100029,100,99957,100,100031,100,99950,100,100040,100,99945,100,100042,100,99944,100,100054,100,99934,100,100063,100,99931,100
2019-06-28 09:34:20.000000000,99988,334,99976,392,100016,200,99974,100,100017,100,99969,100,100018,100,99961,100,100029,100,99957,100,100031,100,99950,100,100040,100,99945,100,100042,100,99944,100,100054,100,99934,100,100063,100,99931,100
2019-06-28 09:34:30.000000000,99988,334,99976,392,100016,200,99974,100,100017,100,99969,100,100018,100,99961,100,100029,100,99957,100,100031,100,99950,100,100040,100,99945,100,100042,100,99944,100,100054,100,99934,100,100063,100,99931,100
2019-06-28 09:34:31.864779895,99988,334,99976,392,100016,200,99974,100,100017,100,99969,100,100018,100,99961,100,100029,100,99957,100,100031,100,99950,100,100040,100,99947,100,100042,100,99945,100,100054,100,99944,100,100063,100,99934,100
2019-06-28 09:34:40.000000000,99988,188,99976,246,100016,346,99974,246,100017,100,99969,100,100018,100,99961,100,100029,100,99957,100,100031,100,99950,100,100040,100,99947,100,100042,100,99945,100,100054,100,99944,100,100063,100,99934,100
2019-06-28 09:34:44.090088676,99988,188,99976,246,100016,346,99974,246,100017,100,99969,100,100018,100,99961,100,100029,100,99957,100,100031,100,99950,100,100040,100,99947,100,100054,100,99945,100,100063,100,99944,100,100067,100,99934,100
2019-06-28 09:34:50.000000000,99988,141,99976,199,100016,296,99974,196,100017,196,99969,196,100018,100,99961,100,100029,100,99957,100,100031,100,99950,100,100040,100,99947,100,100054,100,99945,100,100063,100,99944,100,100067,100,99934,100
2019-06-28 09:34:59.000919943,99988,141,99976,199,100016,296,99974,196,100017,196,99969,196,100018,100,99961,200,100029,100,99957,100,100031,100,99950,100,100040,100,99947,100,100054,100,99945,100,100063,100,99944,100,100067,100,99934,100
2019-06-28 09:35:00.000000000,99988,100,99976,158,100016,258,99974,158,100017,158,99969,158,100018,158,99961,258,100029,158,99957,158,100031,100,99950,100,100040,100,99947,100,100054,100,99945,100,100063,100,99944,100,100067,100,99934,100
2019-06-28 09:35:10.000000000,99988,115,99976,173,100016,273,99974,173,100017,173,99969,173,100018,173,99961,273,100029,100,99957,100,100031,100,99950,100,100040,100,99947,100,100054,100,99945,100,100063,100,99944,100,100067,100,99934,100
2019-06-28 09:35:20.000000000,99988,188,99976,246,100016,346,99974,246,100017,100,99969,100,100018,100,99961,200,100029,100,99957,100,100031,100,99950,100,100040,100,99947,100,100054,100,99945,100,100063,100,99944,100,100067,100,99934,100
2019-06-28 09:35:30.000000000,99988,334,99976,392,100016,200,99974,100,100017,100,99969,100,100018,100,99961,200,100029,100,99957,100,100031,100,99950,100,100040,100,99947,100,100054,100,99945,100,100063,100,99944,100,100067,100,99934,100
2019-06-28 09:35:40.000000000,99988,141,99976,199,100016,296,99974,196,100017,196,99969,196,100018,100,99961,200,100029,100,99957,100,100031,100,99950,100,100040,100,99947,100,100054,100,99945,100,100063,100,99944,100,100067,100,99934,100
2019-06-28 09:35:48.215075778,99988,141,99976,199,100016,196,99974,196,100017,196,99969,196,100018,100,99961,200,100029,100,99957,100,100031,100,99950,100,100040,100,99947,100,100054,100,99945,100,100063,100,99944,100,100067,100,99934,100
2019-06-28 09:35:50.000000000,99988,100,99976,158,100016,158,99974,158,100017,158,99969,158,100018,158,99961,258,100029,158,99957,158,100031,100,99950,100,100040,100,99947,100,100054,100,99945,100,100063,100,99944,100,100067,100,99934,100
2019-06-28 09:36:00.000000000,99988,100,99976,158,100016,158,99974,158,100017,158,99969,158,100018,158,99961,258,100029,158,99957,158,100031,100,99950,100,100040,100,99947,100,100054,100,99945,100,100063,100,99944,100,100067,100,99934,100
2019-06-28 09:36:00.055922959,99988,100,99976,58,100016,158,99974,158,100017,158,99969,158,100018,158,99961,258,100029,158,99957,158,100031,100,99950,100,100040,100,99947,100,100054,100,99945,100,100063,100,99944,100,100067,100,99934,100
2019-06-28 09:36:10.000000000,99988,188,99974,246,100016,246,99969,246,100017,100,99961,200,100018,100,99957,100,100029,100,99950,100,100031,100,99947,100,100040,100,99945,100,100054,100,99944,100,100063,100,99934,100,100067,100,99931,100
2019-06-28 09:36:20.000000000,99988,141,99974,199,100016,196,99969,196,100017,196,99961,296,100018,100,99957,100,100029,100,99950,100,100031,100,99947,100,100040,100,99945,100,100054,100,99944,100,100063,100,99934,100,100067,100,99931,100
2019-06-28 09:36:30.000000000,99988,334,99974,392,100016,100,99969,100,100017,100,99961,200,100018,100,99957,100,100029,100,99950,100,100031,100,99947,100,100040,100,99945,100,100054,100,99944,100,100063,100,99934,100,100067,100,99931,100
2019-06-28 09:36:40.000000000,99988,100,99974,158,100016,158,99969,158,100017,158,99961,258,100018,158,99957,158,100029,158,99950,158,100031,100,99947,100,100040,100,99945,100,100054,100,99944,100,100063,100,99934,100,100067,100,99931,100
2019-06-28 09:36:50.000000000,99988,141,99974,199,100016,196,99969,196,100017,196,99961,296,100018,100,99957,100,100029,100,99950,100,100031,100,99947,100,100040,100,99945,100,100054,100,99944,100,100063,100,99934,100,100067,100,99931,100
2019-06-28 09:36:54.167216232,99984,100,99974,199,99988,141,99969,196,100016,196,99961,296,100017,196,99957,100,100018,100,99950,100,100029,100,99947,100,100031,100,99945,100,100040,100,99944,100,100054,100,99934,100,100063,100,99931,100
2019-06-28 09:37:00.000000000,99984,158,99974,158,99988,100,99969,158,100016,158,99961,258,100017,158,99957,158,100018,158,99950,158,100029,100,99947,100,100031,100,99945,100,100040,100,99944,100,100054,100,99934,100,100063,100,99931,100
2019-06-28 09:37:10.000000000,99984,199,99974,199,99988,138,99969,196,100016,196,99961,296,100017,100,99957,100,100018,100,99950,100,100029,100,99947,100,100031,100,99945,100,100040,100,99944,100,100054,100,99934,100,100063,100,99931,100
2019-06-28 09:37:20.000000000,99984,392,99974,392,99988,42,99969,100,100016,100,99961,200,100017,100,99957,100,100018,100,99950,100,100029,100,99947,100,100031,100,99945,100,100040,100,99944,100,100054,100,99934,100,100063,100,99931,100
2019-06-28 09:37:30.000000000,99984,173,99974,173,99988,115,99969,173,100016,173,99961,273,100017,173,99957,173,100018,100,99950,100,100029,100,99947,100,100031,100,99945,100,100040,100,99944,100,100054,100,99934,100,100063,100,99931,100
2019-06-28 09:37:30.285818809,99984,273,99974,173,99988,115,99969,173,100016,173,99961,273,100017,73,99957,173,100018,100,99950,100,100029,100,99947,100,100031,100,99945,100,100040,100,99944,100,100054,100,99934,100,100063,100,99931,100
2019-06-28 09:37:40.000000000,99984,273,99974,173,99988,115,99969,173,100016,173,99961,273,100018,173,99957,173,100029,100,99950,100,100031,100,99947,100,100040,100,99945,100,100054,100,99944,100,100063,100,99934,100,100067,100,99931,100
2019-06-28 09:37:50.000000000,99984,492,99974,392,99988,42,99969,100,100016,100,99961,200,100018,100,99957,100,100029,100,99950,100,100031,100,99947,100,100040,100,99945,100,100054,100,99944,100,100063,100,99934,100,100067,100,99931,100
2019-06-28 09:38:00.000000000,99984,258,99974,158,99988,100,99969,158,100016,158,99961,258,100018,158,99957,158,100029,158,99950,158,100031,100,99947,100,100040,100,99945,100,100054,100,99944,100,100063,100,99934,100,100067,100,99931,100
2019-06-28 09:38:01.374578742,99984,258,99974,58,99988,100,99969,158,100016,158,99961,258,100018,158,99957,158,100029,158,99950,158,100031,100,99947,100,100040,100,99945,100,100054,100,99944,100,100063,100,99934,100,100067,100,99931,100
2019-06-28 09:38:07.197306240,99976,100,99974,58,99984,258,99969,158,99988,100,99961,258,100016,158,99957,158,100018,158,99950,158,100029,158,99947,100,100031,100,99945,100,100040,100,99944,100,100054,100,99934,100,100063,100,99931,100
2019-06-28 09:38:10.000000000,99976,392,99969,392,99984,200,99961,200,99988,42,99957,100,100016,100,99950,100,100018,100,99947,100,100029,100,99945,100,100031,100,99944,100,100040,100,99934,100,100054,100,99931,100,100063,100,99918,100
2019-06-28 09:38:10.980080980,99976,392,99969,392,99984,200,99961,100,99988,42,99957,100,100016,100,99950,100,100018,100,99947,100,100029,100,99945,100,100031,100,99944,100,100040,100,99934,100,100054,100,99931,100,100063,100,99918,100
2019-06-28 09:38:17.556357195,99976,392,99969,292,99984,200,99961,100,99988,42,99957,100,100016,100,99950,100,100018,100,99947,100,100029,100,99945,100,100031,100,99944,100,100040,100,99934,100,100054,100,99931,100,100063,100,99918,100
2019-06-28 09:38:20.000000000,99976,246,99961,246,99984,346,99957,246,99988,42,99950,100,100016,100,99947,100,100018,100,99945,100,100029,100,99944,100,100031,100,99934,100,100040,100,99931,100,100054,100,99918,100,100063,100,99915,200
2019-06-28 09:38:30.000000000,99976,199,99961,199,99984,296,99957,196,99988,138,99950,196,100016,100,99947,100,100018,100,99945,100,100029,100,99944,100,100031,100,99934,100,100040,100,99931,100,100054,100,99918,100,100063,100,99915,200
2019-06-28 09:38:31.786589889,99976,199,99961,99,99984,296,99957,196,99988,138,99950,196,100016,100,99947,100,100018,100,99945,100,100029,100,99944,100,100031,100,99934,100,100040,100,99931,100,100054,100,99918,100,100063,100,99915,200
2019-06-28 09:38:40.000000000,99976,392,99957,392,99984,200,99950,100,99988,42,99947,100,100016,100,99945,100,100018,100,99944,100,100029,100,99934,100,100031,100,99931,100,100040,100,99918,100,100054,100,99915,200,100063,100,99883,100
2019-06-28 09:38:50.000000000,99976,246,99957,246,99984,346,99950,246,99988,42,99947,100,100016,100,99945,100,100018,100,99944,100,100029,100,99934,100,100031,100,99931,100,100040,100,99918,100,100054,100,99915,200,100063,100,99883,100
2019-06-28 09:39:00.000000000,99976,173,99957,173,99984,273,99950,173,99988,115,99947,173,100016,173,99945,173,100018,100,99944,100,100029,100,99934,100,100031,100,99931,100,100040,100,99918,100,100054,100,99915,200,100063,100,99883,100
2019-06-28 09:39:10.000000000,99976,392,99957,392,99984,200,99950,100,99988,42,99947,100,100016,100,99945,100,100018,100,99944,100,100029,100,99934,100,100031,100,99931,100,100040,100,99918,100,100054,100,99915,200,100063,100,99883,100
2019-06-28 09:39:12.294671519,99976,392,99957,292,99984,200,99950,100,99988,42,99947,100,100016,100,99945,100,100018,100,99944,100,100029,100,99934,100,100031,100,99931,100,100040,100,99918,100,100054,100,99915,200,100063,100,99883,100
2019-06-28 09:39:20.000000000,99976,199,99950,199,99984,296,99947,196,99988,138,99945,196,100016,100,99944,100,100018,100,99934,100,100029,100,99931,100,100031,100,99918,100,100040,100,99915,200,100054,100,99883,100,100063,100,99854,100
2019-06-28 09:39:30.000000000,99976,158,99950,158,99984,258,99947,158,99988,100,99945,158,100016,158,99944,158,100018,158,99934,158,100029,100,99931,100,100031,100,99918,100,100040,100,99915,200,100054,100,99883,100,100063,100,99854,100
2019-06-28 09:39:37.402531246,99976,158,99950,58,99984,258,99947,158,99988,100,99945,158,100016,158,99944,158,100018,158,99934,158,100029,100,99931,100,100031,100,99918,100,100040,100,99915,200,100054,100,99883,100,100063,100,99854,100
2019-06-28 09:39:38.292645312,99950,42,99947,158,99976,158,99945,158,99984,258,99944,158,99988,100,99934,158,100016,158,99931,100,100018,158,99918,100,100029,100,99915,200,100031,100,99883,100,100040,100,99854,100,100054,100,99812,100
2019-06-28 09:39:40.000000000,99950,188,99947,246,99976,246,99945,246,99984,200,99944,100,99988,42,99934,100,100016,100,99931,100,100018,100,99918,100,100029,100,99915,200,100031,100,99883,100,100040,100,99854,100,100054,100,99812,100
2019-06-28 09:39:47.475742702,99950,188,99947,146,99976,246,99945,246,99984,200,99944,100,99988,42,99934,100,100016,100,99931,100,100018,100,99918,100,100029,100,99915,200,100031,100,99883,100,100040,100,99854,100,100054,100,99812,100
2019-06-28 09:39:50.000000000,99950,100,99945,158,99976,158,99944,158,99984,258,99934,158,99988,100,99931,158,100016,158,99918,158,100018,100,99915,200,100029,100,99883,100,100031,100,99854,100,100040,100,99812,100,100054,100,99760,100
2019-06-28 09:39:51.549404705,99950,100,99945,158,99976,158,99944,158,99984,258,99934,158,99988,100,99931,158,100016,158,99918,158,100018,100,99915,200,100029,100,99883,100,100031,100,99854,100,100040,100,99812,100,100054,100,99760,100
2019-06-28 09:40:00.000000000,99950,188,99945,246,99976,246,99944,246,99984,200,99934,100,99988,42,99931,100,100016,100,99918,100,100018,100,99915,200,100029,100,99883,100,100031,100,99854,100,100040,100,99812,100,100054,100,99760,100
2019-06-28 09:40:07.222333473,99950,188,99945,146,99976,246,99944,246,99984,200,99934,100,99988,42,99931,100,100016,100,99918,100,100018,100,99915,200,100029,100,99854,100,100031,100,99812,100,100040,100,99760,100,100054,100,99692,100
2019-06-28 09:40:10.000000000,99950,100,99944,158,99976,158,99934,158,99984,258,99931,158,99988,100,99918,158,100016,158,99915,258,100018,100,99854,100,100029,100,99812,100,100031,100,99760,100,100040,100,99692,100,100054,100,99584,100
2019-06-28 09:40:20.000000000,99950,334,99944,392,99976,100,99934,100,99984,200,99931,100,99988,42,99918,100,100016,100,99915,200,100018,100,99854,100,100029,100,99812,100,100031,100,99760,100,100040,100,99692,100,100054,100,99584,100
2019-06-28 09:40:28.048505604,99950,334,99944,292,99976,100,99934,100,99984,200,99931,100,99988,42,99918,100,100016,100,99915,200,100018,100,99854,100,100029,100,99812,100,100031,100,99760,100,100040,100,99692,100,100054,100,99584,100
2019-06-28 09:40:30.000000000,99950,100,99934,158,99976,158,99931,158,99984,258,99918,158,99988,100,99915,258,100016,158,99854,158,100018,100,99812,100,100029,100,99760,100,100031,100,99692,100,100040,100,99584,100,100054,100,99291,100
2019-06-28 09:40:35.242852377,99950,100,99934,58,99976,158,99931,158,99984,258,99918,158,99988,100,99915,258,100016,158,99854,158,100018,100,99812,100,100029,100,99760,100,100031,100,99692,100,100040,100,99584,100,100054,100,99291,100
2019-06-28 09:40:40.000000000,99950,141,99931,199,99976,196,99918,196,99984,296,99915,296,99988,42,99854,100,100016,100,99812,100,100018,100,99760,100,100029,100,99692,100,100031,100,99584,100,100040,100,99291,100,100054,100,,
2019-06-28 09:40:47.102043382,99940,100,99931,199,99950,99,99918,196,99976,196,99915,296,99984,296,99854,100,99988,42,99812,100,100016,100,99760,100,100018,100,99692,100,100029,100,99584,100,100031,100,99291,100,100040,100,,
2019-06-28 09:40:50.000000000,99940,392,99931,392,99976,100,99918,100,99984,200,99915,200,99988,42,99854,100,100016,100,99812,100,100018,100,99760,100,100029,100,99692,100,100031,100,99584,100,100040,100,99291,100,100054,100,,
2019-06-28 09:40:56.560883213,99940,392,99931,392,99976,100,99918,100,99984,200,99915,200,99988,42,99854,100,100016,100,99812,100,100018,100,99760,100,100029,100,99692,100,100031,100,99634,100,100040,100,99584,100,100054,100,99291,100
2019-06-28 09:41:00.000000000,99940,392,99931,392,99976,100,99918,100,99984,200,99915,200,99988,42,99854,100,100016,100,99812,100,100018,100,99760,100,100029,100,99692,100,100031,100,99634,100,100040,100,99584,100,100054,100,99291,100
2019-06-28 09:41:10.000000000,99940,158,99931,158,99976,158,99918,158,99984,258,99915,258,99988,100,99854,158,100016,158,99812,158,100018,100,99760,100,100029,100,99692,100,100031,100,99634,100,100040,100,99584,100,100054,100,99291,100
2019-06-28 09:41:20.000000000,99940,246,99931,246,99976,246,99918,246,99984,200,99915,200,99988,42,99854,100,100016,100,99812,100,100018,100,99760,100,100029,100,99692,100,100031,100,99634,100,100040,100,99584,100,100054,100,99291,100
2019-06-28 09:41:28.245138200,99940,246,99931,246,99976,246,99918,246,99984,200,99915,200,99988,42,99854,100,100016,100,99812,100,100018,100,99760,100,100029,100,99692,100,100031,100,99634,100,100040,100,99584,100,100054,100,99291,100
2019-06-28 09:41:28.256466566,99940,246,99931,246,99976,246,99918,246,99984,200,99915,200,99988,42,99854,100,100016,100,99812,100,100018,100,99692,100,100029,100,99634,100,100031,100,99584,100,100040,100,99291,100,100054,100,99233,100
2019-06-28 09:41:30.000000000,99940,173,99931,173,99976,173,99918,173,99984,273,99915,273,99988,115,99854,173,100016,100,99812,100,100018,100,99692,100,100029,100,99634,100,100031,100,99584,100,100040,100,99291,100,100054,100,99233,100
2019-06-28 09:41:31.542953601,99940,173,99931,173,99944,100,99918,173,99976,173,99915,273,99984,173,99854,173,99988,115,99812,100,100016,100,99692,100,100018,100,99634,100,100029,100,99584,100,100031,100,99291,100,100040,100,99233,100
2019-06-28 09:41:40.000000000,99940,199,99931,199,99944,196,99918,196,99976,196,99915,296,99984,100,99854,100,99988,42,99812,100,100016,100,99692,100,100018,100,99634,100,100029,100,99584,100,100031,100,99291,100,100040,100,99233,100
2019-06-28 09:41:50.000000000,99940,158,99931,158,99944,158,99918,158,99976,158,99915,258,99984,158,99854,158,99988,100,99812,158,100016,100,99692,100,100018,100,99634,100,100029,100,99584,100,100031,100,99291,100,100040,100,99233,100
2019-06-28 09:41:51.232416167,99940,158,99931,58,99944,158,99918,158,99976,158,99915,258,99984,158,99854,158,99988,100,99812,158,100016,100,99692,100,100018,100,99634,100,100029,100,99584,100,100031,100,99291,100,100040,100,99233,100
2019-06-28 09:41:57.641573890,99940,158,99931,58,99944,158,99918,158,99976,158,99915,258,99984,158,99854,158,99988,100,99812,158,100016,100,99692,100,100018,100,99634,100,100029,100,99584,100,100040,100,99291,100,100054,100,99233,100
2019-06-28 09:42:00.000000000,99940,158,99918,158,99944,158,99915,258,99976,158,99854,158,99984,158,99812,158,99988,100,99692,158,100016,100,99634,100,100018,100,99584,100,100029,100,99291,100,100040,100,99233,100,100054,100,99180,100
2019-06-28 09:42:10.000000000,99940,173,99918,173,99944,173,99915,273,99976,173,99854,173,99984,173,99812,173,99988,42,99692,100,100016,100,99634,100,100018,100,99584,100,100029,100,99291,100,100040,100,99233,100,100054,100,99180,100
2019-06-28 09:42:10.738040757,99940,173,99918,173,99944,173,99915,273,99976,173,99854,173,99984,173,99812,173,99988,42,99692,100,100016,100,99634,100,100018,100,99584,100,100029,100,99291,100,100040,100,99240,100,100054,100,99233,100
2019-06-28 09:42:20.000000000,99940,199,99918,199,99944,196,99915,296,99976,196,99854,196,99984,100,99812,100,99988,42,99692,100,100016,100,99634,100,100018,100,99584,100,100029,100,99291,100,100040,100,99240,100,100054,100,99233,100
2019-06-28 09:42:20.557605949,99940,199,99918,199,99944,196,99915,296,99976,196,99854,196,99984,100,99812,100,99988,42,99692,100,100016,100,99634,100,100018,100,99584,100,100029,100,99291,100,100040,100,99240,100,100054,100,99233,100
2019-06-28 09:42:30.000000000,99940,173,99918,173,99944,173,99915,273,99976,173,99854,173,99984,173,99812,173,99988,42,99692,100,100016,100,99634,100,100018,100,99584,100,100029,100,99291,100,100040,100,99240,100,100054,100,99233,100
2019-06-28 09:42:40.000000000,99940,246,99918,246,99944,246,99915,346,99976,100,99854,100,99984,100,99812,100,99988,42,99692,100,100016,100,99634,100,100018,100,99584,100,100029,100,99291,100,100040,100,99240,100,100054,100,99233,100
2019-06-28 09:42:50.000000000,99940,199,99918,199,99944,196,99915,296,99976,196,99854,196,99984,100,99812,100,99988,42,99692,100,100016,100,99634,100,100018,100,99584,100,100029,100,99291,100,100040,100,99240,100,100054,100,99233,100
2019-06-28 09:42:51.934319270,99940,199,99918,99,99944,196,99915,296,99976,196,99854,196,99984,100,99812,100,100016,100,99692,100,100018,100,99634,100,100029,100,99584,100,100040,100,99291,100,100054,100,99240,100,100063,100,99233,100
2019-06-28 09:43:00.000000000,99940,173,99915,273,99944,173,99854,173,99976,173,99812,173,99984,173,99692,173,100016,100,99634,100,100018,100,99584,100,100029,100,99291,100,100040,100,99240,100,100054,100,99233,100,100063,100,99208,100
2019-06-28 09:43:00.433380373,99940,173,99915,273,99944,173,99854,173,99976,173,99812,173,99984,173,99741,100,100016,100,99692,173,100018,100,99634,100,100029,100,99584,100,100040,100,99291,100,100054,100,99240,100,100063,100,99233,100
2019-06-28 09:43:04.056154575,99940,173,99915,273,99942,100,99854,173,99944,173,99812,173,99976,173,99741,100,99984,173,99692,173,100016,100,99634,100,100018,100,99584,100,100029,100,99291,100,100040,100,99240,100,100054,100,99233,100
2019-06-28 09:43:10.000000000,99940,246,99915,346,99942,246,99854,246,99944,100,99812,100,99976,100,99741,100,99984,100,99692,100,100016,100,99634,100,100018,100,99584,100,100029,100,99291,100,100040,100,99240,100,100054,100,99233,100
2019-06-28 09:43:14.883387369,99940,146,99915,246,99942,246,99854,246,99944,100,99812,100,99976,100,99741,100,99984,100,99692,100,100016,100,99634,100,100018,100,99584,100,100029,100,99291,100,100040,100,99240,100,100054,100,99233,100
2019-06-28 09:43:20.000000000,99942,173,99915,173,99944,173,99854,173,99976,173,99812,173,99984,173,99741,173,100016,100,99692,100,100018,100,99634,100,100029,100,99584,100,100040,100,99291,100,100054,100,99240,100,100063,100,99233,100
2019-06-28 09:43:30.000000000,99942,246,99915,246,99944,246,99854,246,99976,100,99812,100,99984,100,99741,100,100016,100,99692,100,100018,100,99634,100,100029,100,99584,100,100040,100,99291,100,100054,100,99240,100,100063,100,99233,100
2019-06-28 09:43:35.309947472,99942,246,99915,146,99944,246,99854,246,99976,100,99812,100,99984,100,99741,100,100016,100,99692,100,100018,100,99634,100,100029,100,99584,100,100040,100,99291,100,100054,100,99240,100,100063,100,99233,100
2019-06-28 09:43:40.000000000,99942,173,99854,173,99944,173,99812,173,99976,173,99741,173,99984,173,99692,173,100016,100,99634,100,100018,100,99584,100,100029,100,99291,100,100040,100,99240,100,100054,100,99233,100,100063,100,99208,100
2019-06-28 09:43:50.000000000,99942,199,99854,199,99944,196,99812,196,99976,196,99741,196,99984,100,99692,100,100016,100,99634,100,100018,100,99584,100,100029,100,99291,100,100040,100,99240,100,100054,100,99233,100,100063,100,99208,100
2019-06-28 09:43:56.555716262,99942,199,99854,199,99944,196,99812,196,99976,196,99741,196,99984,100,99692,100,100016,100,99634,100,100018,100,99584,100,100029,100,99291,100,100040,100,99240,100,100054,100,99233,100,100063,100,99208,100
2019-06-28 09:43:58.181546961,99942,199,99854,199,99944,196,99812,196,99976,196,99741,196,99984,100,99692,100,100016,100,99634,100,100018,100,99584,100,100029,100,99291,100,100040,100,99240,100,100054,100,99233,100,100063,100,99208,100
2019-06-28 09:44:00.000000000,99942,199,99854,199,99944,196,99812,196,99976,196,99741,196,99984,100,99692,100,100016,100,99634,100,100018,100,99584,100,100029,100,99291,100,100040,100,99240,100,100054,100,99233,100,100063,100,99208,100
2019-06-28 09:44:01.129612797,99942,99,99854,199,99944,196,99812,196,99976,196,99741,196,99984,100,99692,100,100016,100,99634,100,100018,100,99584,100,100029,100,99291,100,100040,100,99240,100,100054,100,99233,100,100063,100,99208,100
2019-06-28 09:44:08.902270483,99944,196,99942,1,99976,196,99854,199,99984,100,99812,196,100016,100,99741,196,100018,100,99692,100,100029,100,99634,100,100040,100,99584,100,100054,100,99291,100,100063,100,99240,100,100067,100,99233,100
2019-06-28 09:44:10.000000000,99944,158,99942,59,99976,158,99854,158,99984,158,99812,158,100016,158,99741,158,100018,158,99692,158,100029,100,99634,100,100040,100,99584,100,100054,100,99291,100,100063,100,99240,100,100067,100,99233,100
2019-06-28 09:44:13.037915629,99944,158,99942,159,99976,158,99854,158,99984,158,99812,158,100016,158,99741,158,100018,158,99692,158,100029,100,99634,100,100040,100,99584,100,100054,100,99291,100,100063,100,99240,100,100067,100,99233,100
2019-06-28 09:44:19.507037193,99944,158,99942,259,99976,158,99854,158,99984,158,99812,158,100016,158,99741,158,100018,158,99692,158,100029,100,99634,100,100040,100,99584,100,100054,100,99291,100,100063,100,99240,100,100067,100,99233,100
2019-06-28 09:44:20.000000000,99944,158,99942,259,99976,158,99854,158,99984,158,99812,158,100016,158,99741,158,100018,158,99692,158,100029,100,99634,100,100040,100,99584,100,100054,100,99291,100,100063,100,99240,100,100067,100,99233,100
2019-06-28 09:44:29.476019420,99944,158,99942,259,99976,158,99854,158,99984,158,99812,158,100016,158,99741,158,100018,158,99692,158,100029,100,99634,100,100040,100,99584,100,100054,100,99291,100,100063,100,99240,100,100067,100,99233,100
2019-06-28 09:44:30.000000000,99944,246,99942,347,99976,246,99854,246,99984,100,99812,100,100016,100,99741,100,100018,100,99692,100,100029,100,99634,100,100040,100,99584,100,100054,100,99291,100,100063,100,99240,100,100067,100,99233,100
2019-06-28 09:44:32.583671314,99944,246,99942,347,99976,246,99854,146,99984,100,99812,100,100016,100,99741,100,100018,100,99692,100,100029,100,99634,100,100040,100,99584,100,100054,100,99291,100,100063,100,99240,100,100067,100,99233,100
2019-06-28 09:44:38.945632094,99944,246,99942,447,99976,246,99854,146,99984,100,99812,100,100016,100,99741,100,100018,100,99692,100,100029,100,99634,100,100040,100,99584,100,100054,100,99291,100,100063,100,99240,100,100067,100,99233,100
2019-06-28 09:44:40.000000000,99944,392,99942,593,99976,100,99812,100,99984,100,99741,100,100016,100,99692,100,100018,100,99634,100,100029,100,99584,100,100040,100,99291,100,100054,100,99240,100,100063,100,99233,100,100067,100,99208,100
2019-06-28 09:44:50.000000000,99944,392,99942,593,99976,100,99812,100,99984,100,99741,100,100016,100,99692,100,100018,100,99634,100,100029,100,99584,100,100040,100,99291,100,100054,100,99240,100,100063,100,99233,100,100067,100,99208,100
2019-06-28 09:45:00.000000000,99944,173,99942,374,99976,173,99812,173,99984,173,99741,173,100016,173,99692,173,100018,100,99634,100,100029,100,99584,100,100040,100,99291,100,100054,100,99240,100,100063,100,99233,100,100067,100,99208,100
2019-06-28 09:45:10.000000000,99944,199,99942,400,99976,196,99812,196,99984,196,99741,196,100016,100,99692,100,100018,100,99634,100,100029,100,99584,100,100040,100,99291,100,100054,100,99240,100,100063,100,99233,100,100067,100,99208,100
2019-06-28 09:45:20.000000000,99944,199,99942,400,99976,196,99812,196,99984,196,99741,196,100016,100,99692,100,100018,100,99634,100,100029,100,99584,100,100040,100,99291,100,100054,100,99240,100,100063,100,99233,100,100067,100,99208,100
2019-06-28 09:45:30.000000000,99944,173,99942,374,99976,173,99812,173,99984,173,99741,173,100016,173,99692,173,100018,100,99634,100,100029,100,99584,100,100040,100,99291,100,100054,100,99240,100,100063,100,99233,100,100067,100,99208,100
2019-06-28 09:45:40.000000000,99944,158,99942,359,99976,158,99812,158,99984,158,99741,158,100016,158,99692,158,100018,158,99634,158,100029,100,99584,100,100040,100,99291,100,100054,100,99240,100,100063,100,99233,100,100067,100,99208,100
2019-06-28 09:45:50.000000000,99944,392,99942,593,99976,100,99812,100,99984,100,99741,100,100016,100,99692,100,100018,100,99634,100,100029,100,99584,100,100040,100,99291,100,100054,100,99240,100,100063,100,99233,100,100067,100,99208,100
2019-06-28 09:46:00.000000000,99944,246,99942,447,99976,246,99812,246,99984,100,99741,100,100016,100,99692,100,100018,100,99634,100,100029,100,99584,100,100040,100,99291,100,100054,100,99240,100,100063,100,99233,100,100067,100,99208,100
2019-06-28 09:46:10.000000000,99944,392,99942,593,99976,100,99812,100,99984,100,99741,100,100016,100,99692,100,100018,100,99634,100,100029,100,99584,100,100040,100,99291,100,100054,100,99240,100,100063,100,99233,100,100067,100,99208,100
2019-06-28 09:46:12.368520078,99944,392,99942,493,99976,100,99812,100,99984,100,99741,100,100016,100,99692,100,100018,100,99634,100,100029,100,99584,100,100040,100,99291,100,100063,100,99240,100,100067,100,99233,100,100068,100,99208,100
2019-06-28 09:46:13.815402789,99944,392,99942,393,99976,100,99812,100,99984,100,99741,100,100016,100,99692,100,100018,100,99634,100,100029,100,99584,100,100040,100,99291,100,100063,100,99240,100,100067,100,99233,100,100068,100,99208,100
2019-06-28 09:46:20.000000000,99944,199,99942,200,99976,196,99812,196,99984,196,99741,196,100016,100,99692,100,100018,100,99634,100,100029,100,99584,100,100040,100,99291,100,100063,100,99240,100,100067,100,99233,100,100068,100,99208,100
2019-06-28 09:46:30.000000000,99944,158,99942,159,99976,158,99812,158,99984,158,99741,158,100016,158,99692,158,100018,158,99634,158,100029,100,99584,100,100040,100,99291,100,100063,100,99240,100,100067,100,99233,100,100068,100,99208,100
2019-06-28 09:46:32.828607292,99944,158,99942,159,99976,158,99812,158,99984,158,99741,158,100016,158,99707,100,100018,158,99692,158,100029,100,99634,158,100040,100,99584,100,100063,100,99291,100,100067,100,99240,100,100068,100,99233,100
2019-06-28 09:46:40.000000000,99944,199,99942,200,99976,196,99812,196,99984,196,99741,196,100016,100,99707,100,100018,100,99692,100,100029,100,99634,100,100040,100,99584,100,100063,100,99291,100,100067,100,99240,100,100068,100,99233,100
2019-06-28 09:46:50.000000000,99944,173,99942,174,99976,173,99812,173,99984,173,99741,173,100016,173,99707,173,100018,100,99692,100,100029,100,99634,100,100040,100,99584,100,100063,100,99291,100,100067,100,99240,100,100068,100,99233,100
2019-06-28 09:46:50.076667796,99944,173,99942,174,99976,173,99812,173,99984,173,99741,173,100016,173,99707,173,100018,100,99692,100,100029,100,99634,100,100040,100,99584,100,100063,100,99291,100,100067,100,99240,100,100068,100,99233,100
2019-06-28 09:47:00.000000000,99944,158,99942,159,99976,158,99812,158,99984,158,99741,158,100016,158,99707,158,100018,158,99692,158,100029,100,99634,100,100040,100,99584,100,100063,100,99291,100,100067,100,99240,100,100068,100,99233,100
2019-06-28 09:47:10.000000000,99944,246,99942,247,99976,246,99812,246,99984,100,99741,100,100016,100,99707,100,100018,100,99692,100,100029,100,99634,100,100040,100,99584,100,100063,100,99291,100,100067,100,99240,100,100068,100,99233,100
2019-06-28 09:47:20.000000000,99944,199,99942,200,99976,196,99812,196,99984,196,99741,196,100016,100,99707,100,100018,100,99692,100,100029,100,99634,100,100040,100,99584,100,100063,100,99291,100,100067,100,99240,100,100068,100,99233,100
2019-06-28 09:47:30.000000000,99944,173,99942,174,99976,173,99812,173,99984,173,99741,173,100016,173,99707,173,100018,100,99692,100,100029,100,99634,100,100040,100,99584,100,100063,100,99291,100,100067,100,99240,100,100068,100,99233,100
2019-06-28 09:47:40.000000000,99944,246,99942,247,99976,246,99812,246,99984,100,99741,100,100016,100,99707,100,100018,100,99692,100,100029,100,99634,100,100040,100,99584,100,100063,100,99291,100,100067,100,99240,100,100068,100,99233,100
2019-06-28 09:47:42.008792114,99944,246,99942,247,99976,246,99812,246,99984,100,99741,100,100018,100,99707,100,100029,100,99692,100,100040,100,99634,100,100063,100,99584,100,100067,100,99291,100,100068,100,99240,100,100073,100,99233,100
2019-06-28 09:47:50.000000000,99944,199,99942,200,99976,196,99812,196,99984,196,99741,196,100018,100,99707,100,100029,100,99692,100,100040,100,99634,100,100063,100,99584,100,100067,100,99291,100,100068,100,99240,100,100073,100,99233,100
2019-06-28 09:47:55.338683080,99944,199,99942,100,99976,196,99812,196,99984,196,99741,196,100018,100,99707,100,100029,100,99692,100,100040,100,99634,100,100063,100,99584,100,100067,100,99291,100,100068,100,99240,100,100073,100,99233,100
2019-06-28 09:48:00.000000000,99944,392,99942,293,99976,100,99812,100,99984,100,99741,100,100018,100,99707,100,100029,100,99692,100,100040,100,99634,100,100063,100,99584,100,100067,100,99291,100,100068,100,99240,100,100073,100,99233,100
2019-06-28 09:48:10.000000000,99944,158,99942,59,99976,158,99812,158,99984,158,99741,158,100018,158,99707,158,100029,158,99692,158,100040,100,99634,100,100063,100,99584,100,100067,100,99291,100,100068,100,99240,100,100073,100,99233,100
2019-06-28 09:48:20.000000000,99944,199,99942,100,99976,196,99812,196,99984,196,99741,196,100018,100,99707,100,100029,100,99692,100,100040,100,99634,100,100063,100,99584,100,100067,100,99291,100,100068,100,99240,100,100073,100,99233,100
2019-06-28 09:48:24.946789141,99944,199,99942,100,99976,196,99812,196,99984,196,99741,196,100018,100,99707,100,100029,100,99692,100,100040,100,99634,100,100063,100,99584,100,100067,100,99518,100,100068,100,99291,100,100073,100,99240,100
2019-06-28 09:48:30.000000000,99944,173,99942,74,99976,173,99812,173,99984,173,99741,173,100018,173,99707,173,100029,100,99692,100,100040,100,99634,100,100063,100,99584,100,100067,100,99518,100,100068,100,99291,100,100073,100,99240,100
2019-06-28 09:48:36.712178295,99944,173,99942,74,99976,173,99812,173,99984,173,99741,173,99993,100,99707,173,100018,173,99692,100,100029,100,99634,100,100040,100,99584,100,100063,100,99518,100,100067,100,99291,100,100068,100,99240,100
2019-06-28 09:48:40.000000000,99944,246,99942,147,99976,246,99812,246,99984,100,99741,100,99993,100,99707,100,100018,100,99692,100,100029,100,99634,100,100040,100,99584,100,100063,100,99518,100,100067,100,99291,100,100068,100,99240,100
2019-06-28 09:48:50.000000000,99944,158,99942,59,99976,158,99812,158,99984,158,99741,158,99993,158,99707,158,100018,158,99692,158,100029,100,99634,100,100040,100,99584,100,100063,100,99518,100,100067,100,99291,100,100068,100,99240,100
2019-06-28 09:48:55.052945716,99942,41,99812,158,99944,158,99741,158,99976,158,99707,158,99984,158,99692,158,99993,158,99634,100,100018,158,99584,100,100029,100,99518,100,100040,100,99291,100,100063,100,99240,100,100067,100,99233,100
2019-06-28 09:49:00.000000000,99942,99,99812,158,99944,158,99741,158,99976,158,99707,158,99984,158,99692,158,99993,158,99634,158,100018,100,99584,100,100029,100,99518,100,100040,100,99291,100,100063,100,99240,100,100067,100,99233,100
2019-06-28 09:49:04.160948836,99942,99,99812,58,99944,158,99741,158,99976,158,99707,158,99984,158,99692,158,99993,158,99634,158,100018,100,99584,100,100029,100,99518,100,100040,100,99291,100,100063,100,99240,100,100067,100,99233,100
2019-06-28 09:49:04.614693963,99942,99,99812,58,99944,158,99741,158,99976,158,99707,158,99984,158,99692,158,99993,158,99634,158,100029,100,99584,100,100040,100,99518,100,100063,100,99291,100,100067,100,99240,100,100068,100,99233,100
2019-06-28 09:49:10.000000000,99942,140,99741,199,99944,196,99707,196,99976,196,99692,196,99984,100,99634,100,99993,100,99584,100,100029,100,99518,100,100040,100,99291,100,100063,100,99240,100,100067,100,99233,100,100068,100,99208,100
2019-06-28 09:49:15.415271198,99942,140,99741,99,99944,196,99707,196,99976,196,99692,196,99984,100,99634,100,99993,100,99584,100,100040,100,99518,100,100063,100,99291,100,100067,100,99240,100,100068,100,99233,100,100073,100,99208,100
2019-06-28 09:49:20.000000000,99942,333,99707,392,99944,100,99692,100,99976,100,99634,100,99984,100,99584,100,99993,100,99518,100,100040,100,99291,100,100063,100,99240,100,100067,100,99233,100,100068,100,99208,100,100073,100,99180,100
2019-06-28 09:49:30.000000000,99942,99,99707,158,99944,158,99692,158,99976,158,99634,158,99984,158,99584,158,99993,158,99518,158,100040,100,99291,100,100063,100,99240,100,100067,100,99233,100,100068,100,99208,100,100073,100,99180,100
2019-06-28 09:49:40.000000000,99942,140,99707,199,99944,196,99692,196,99976,196,99634,196,99984,100,99584,100,99993,100,99518,100,100040,100,99291,100,100063,100,99240,100,100067,100,99233,100,100068,100,99208,100,100073,100,99180,100
2019-06-28 09:49:50.000000000,99942,333,99707,392,99944,100,99692,100,99976,100,99634,100,99984,100,99584,100,99993,100,99518,100,100040,100,99291,100,100063,100,99240,100,100067,100,99233,100,100068,100,99208,100,100073,100,99180,100
2019-06-28 09:50:00.000000000,99942,187,99707,246,99944,246,99692,246,99976,100,99634,100,99984,100,99584,100,99993,100,99518,100,100040,100,99291,100,100063,100,99240,100,100067,100,99233,100,100068,100,99208,100,100073,100,99180,100
2019-06-28 09:50:10.000000000,99942,114,99707,173,99944,173,99692,173,99976,173,99634,173,99984,173,99584,173,99993,100,99518,100,100040,100,99291,100,100063,100,99240,100,100067,100,99233,100,100068,100,99208,100,100073,100,99180,100
2019-06-28 09:50:20.000000000,99942,140,99707,199,99944,196,99692,196,99976,196,99634,196,99984,100,99584,100,99993,100,99518,100,100040,100,99291,100,100063,100,99240,100,100067,100,99233,100,100068,100,99208,100,100073,100,99180,100
2019-06-28 09:50:26.321589628,99848,100,99707,199,99942,140,99692,196,99944,196,99634,196,99976,196,99584,100,99984,100,99518,100,99993,100,99291,100,100040,100,99240,100,100063,100,99233,100,100067,100,99208,100,100068,100,99180,100
2019-06-28 09:50:30.000000000,99848,158,99707,158,99942,99,99692,158,99944,158,99634,158,99976,158,99584,158,99984,158,99518,158,99993,100,99291,100,100040,100,99240,100,100063,100,99233,100,100067,100,99208,100,100068,100,99180,100
2019-06-28 09:50:39.058216382,99848,158,99813,100,99942,99,99707,158,99944,158,99692,158,99976,158,99634,158,99984,158,99584,158,99993,100,99518,158,100040,100,99291,100,100063,100,99240,100,100067,100,99233,100,100068,100,99208,100
2019-06-28 09:50:40.000000000,99848,173,99813,173,99942,114,99707,173,99944,173,99692,173,99976,173,99634,173,99984,100,99584,100,99993,100,99518,100,100040,100,99291,100,100063,100,99240,100,100067,100,99233,100,100068,100,99208,100
2019-06-28 09:50:44.570271409,99848,173,99813,273,99942,114,99707,173,99944,173,99692,173,99976,173,99634,173,99984,100,99584,100,99993,100,99518,100,100040,100,99291,100,100063,100,99240,100,100067,100,99233,100,100068,100,99208,100
2019-06-28 09:50:50.000000000,99848,199,99813,299,99942,137,99707,196,99944,196,99692,196,99976,100,99634,100,99984,100,99584,100,99993,100,99518,100,100040,100,99291,100,100063,100,99240,100,100067,100,99233,100,100068,100,99208,100
2019-06-28 09:51:00.000000000,99848,246,99813,346,99942,187,99707,246,99944,100,99692,100,99976,100,99634,100,99984,100,99584,100,99993,100,99518,100,100040,100,99291,100,100063,100,99240,100,100067,100,99233,100,100068,100,99208,100
2019-06-28 09:51:06.405606698,99848,246,99813,346,99942,187,99742,100,99944,100,99707,246,99976,100,99692,100,99984,100,99634,100,99993,100,99584,100,100040,100,99518,100,100063,100,99291,100,100067,100,99240,100,100068,100,99233,100
2019-06-28 09:51:10.000000000,99848,246,99813,346,99942,187,99742,246,99944,100,99707,100,99976,100,99692,100,99984,100,99634,100,99993,100,99584,100,100040,100,99518,100,100063,100,99291,100,100067,100,99240,100,100068,100,99233,100
2019-06-28 09:51:20.000000000,99848,392,99813,492,99942,41,99742,100,99944,100,99707,100,99976,100,99692,100,99984,100,99634,100,99993,100,99584,100,100040,100,99518,100,100063,100,99291,100,100067,100,99240,100,100068,100,99233,100
2019-06-28 09:51:30.000000000,99848,246,99813,346,99942,187,99742,246,99944,100,99707,100,99976,100,99692,100,99984,100,99634,100,99993,100,99584,100,100040,100,99518,100,100063,100,99291,100,100067,100,99240,100,100068,100,99233,100
2019-06-28 09:51:40.000000000,99848,199,99813,299,99942,137,99742,196,99944,196,99707,196,99976,100,99692,100,99984,100,99634,100,99993,100,99584,100,100040,100,99518,100,100063,100,99291,100,100067,100,99240,100,100068,100,99233,100
2019-06-28 09:51:42.674784094,99848,199,99813,399,99942,137,99742,196,99944,96,99707,196,99976,100,99692,100,99984,100,99634,100,99993,100,99584,100,100040,100,99518,100,100063,100,99291,100,100067,100,99240,100,100068,100,99233,100
2019-06-28 09:51:50.000000000,99848,246,99813,446,99942,187,99742,246,99976,100,99707,100,99984,100,99692,100,99993,100,99634,100,100040,100,99584,100,100063,100,99518,100,100067,100,99291,100,100068,100,99240,100,100073,100,99233,100
2019-06-28 09:51:50.095331799,99848,246,99813,346,99942,187,99742,246,99976,100,99707,100,99984,100,99692,100,99993,100,99634,100,100040,100,99584,100,100067,100,99518,100,100068,100,99291,100,100073,100,99240,100,100131,100,99233,100
2019-06-28 09:52:00.000000000,99848,246,99813,346,99942,187,99742,246,99976,100,99707,100,99984,100,99692,100,99993,100,99634,100,100040,100,99584,100,100067,100,99518,100,100068,100,99291,100,100073,100,99240,100,100131,100,99233,100
2019-06-28 09:52:00.091620604,99848,246,99813,246,99942,187,99742,246,99976,100,99707,100,99984,100,99692,100,99993,100,99634,100,100040,100,99584,100,100067,100,99518,100,100068,100,99291,100,100073,100,99240,100,100131,100,99233,100
2019-06-28 09:52:10.000000000,99848,246,99813,246,99942,187,99742,246,99976,100,99707,100,99984,100,99692,100,99993,100,99634,100,100040,100,99584,100,100067,100,99518,100,100068,100,99291,100,100073,100,99240,100,100131,100,99233,100
2019-06-28 09:52:14.072644162,99848,246,99813,146,99942,187,99742,246,99976,100,99707,100,99984,100,99692,100,99993,100,99634,100,100040,100,99584,100,100067,100,99518,100,100068,100,99291,100,100073,100,99240,100,100131,100,99233,100
2019-06-28 09:52:20.000000000,99848,158,99742,158,99942,99,99707,158,99976,158,99692,158,99984,158,99634,158,99993,158,99584,158,100040,100,99518,100,100067,100,99291,100,100068,100,99240,100,100073,100,99233,100,100131,100,99208,100
2019-06-28 09:52:30.000000000,99848,199,99742,199,99942,137,99707,196,99976,196,99692,196,99984,100,99634,100,99993,100,99584,100,100040,100,99518,100,100067,100,99291,100,100068,100,99240,100,100073,100,99233,100,100131,100,99208,100
2019-06-28 09:52:33.093244869,99848,199,99742,199,99942,137,99707,196,99976,196,99692,196,99984,100,99634,100,99993,100,99584,100,100040,100,99518,100,100067,100,99448,100,100068,100,99291,100,100073,100,99240,100,100131,100,99233,100
2019-06-28 09:52:40.000000000,99848,246,99742,246,99942,187,99707,246,99976,100,99692,100,99984,100,99634,100,99993,100,99584,100,100040,100,99518,100,100067,100,99448,100,100068,100,99291,100,100073,100,99240,100,100131,100,99233,100
2019-06-28 09:52:49.871748222,99848,246,99742,146,99942,187,99707,246,99976,100,99692,100,99984,100,99634,100,99993,100,99584,100,100040,100,99518,100,100067,100,99448,100,100068,100,99291,100,100073,100,99240,100,100131,100,99233,100
2019-06-28 09:52:50.000000000,99848,199,99707,199,99942,137,99692,196,99976,196,99634,196,99984,100,99584,100,99993,100,99518,100,100040,100,99448,100,100067,100,99291,100,100068,100,99240,100,100073,100,99233,100,100131,100,99208,100
2019-06-28 09:53:00.000000000,99848,199,99707,199,99942,137,99692,196,99976,196,99634,196,99984,100,99584,100,99993,100,99518,100,100040,100,99448,100,100067,100,99291,100,100068,100,99240,100,100073,100,99233,100,100131,100,99208,100
2019-06-28 09:53:06.203000857,99848,199,99707,99,99942,137,99692,196,99976,196,99634,196,99984,100,99584,100,99993,100,99518,100,100040,100,99448,100,100067,100,99291,100,100068,100,99240,100,100073,100,99233,100,100131,100,99208,100
2019-06-28 09:53:06.850559461,99848,199,99707,99,99942,137,99692,196,99976,196,99634,196,99984,100,99584,100,99993,100,99518,100,100040,100,99448,100,100067,100,99433,100,100068,100,99291,100,100073,100,99240,100,100131,100,99233,100
2019-06-28 09:53:07.754737606,99848,199,99707,99,99942,137,99692,196,99976,196,99634,196,99984,100,99584,100,99993,100,99518,100,100040,100,99448,100,100067,100,99433,100,100068,100,99332,100,100073,100,99291,100,100131,100,99240,100
2019-06-28 09:53:10.000000000,99848,392,99692,392,99942,41,99634,100,99976,100,99584,100,99984,100,99518,100,99993,100,99448,100,100040,100,99433,100,100067,100,99332,100,100068,100,99291,100,100073,100,99240,100,100131,100,99233,100
2019-06-28 09:53:10.196707449,99848,392,99692,392,99942,41,99634,100,99976,100,99584,100,99984,100,99552,100,99993,100,99518,100,100040,100,99448,100,100067,100,99433,100,100068,100,99332,100,100073,100,99291,100,100131,100,99240,100
2019-06-28 09:53:20.000000000,99848,173,99692,173,99942,114,99634,173,99976,173,99584,173,99984,173,99552,173,99993,100,99518,100,100040,100,99448,100,100067,100,99433,100,100068,100,99332,100,100073,100,99291,100,100131,100,99240,100
2019-06-28 09:53:20.778593002,99848,173,99692,73,99942,114,99634,173,99976,173,99584,173,99984,173,99552,173,99993,100,99518,100,100040,100,99448,100,100067,100,99433,200,100068,100,99332,100,100073,100,99291,100,100131,100,99240,100
2019-06-28 09:53:26.413898091,99848,173,99692,73,99942,114,99634,173,99976,173,99605,100,99984,173,99584,173,99993,100,99552,173,100040,100,99518,100,100067,100,99448,100,100068,100,99433,200,100073,100,99332,100,100131,100,99291,100
2019-06-28 09:53:30.000000000,99848,158,99634,158,99942,99,99605,158,99976,158,99584,158,99984,158,99552,158,99993,158,99518,158,100040,100,99448,100,100067,100,99433,200,100068,100,99332,100,100073,100,99291,100,100131,100,99240,100
2019-06-28 09:53:38.135275772,99848,158,99634,58,99942,99,99605,158,99976,158,99584,158,99984,158,99552,158,99993,158,99518,158,100040,100,99448,100,100067,100,99433,200,100068,100,99332,100,100073,100,99291,100,100131,100,99240,100
2019-06-28 09:53:40.000000000,99848,392,99605,392,99942,41,99584,100,99976,100,99552,100,99984,100,99518,100,99993,100,99448,100,100040,100,99433,200,100067,100,99332,100,100068,100,99291,100,100073,100,99240,100,100131,100,99233,100
2019-06-28 09:53:50.000000000,99848,158,99605,158,99942,99,99584,158,99976,158,99552,158,99984,158,99518,158,99993,158,99448,158,100040,100,99433,200,100067,100,99332,100,100068,100,99291,100,100073,100,99240,100,100131,100,99233,100
2019-06-28 09:54:00.000000000,99848,199,99605,199,99942,137,99584,196,99976,196,99552,196,99984,100,99518,100,99993,100,99448,100,100040,100,99433,200,100067,100,99332,100,100068,100,99291,100,100073,100,99240,100,100131,100,99233,100
2019-06-28 09:54:09.763698587,99848,199,99605,199,99942,96,99584,196,99976,196,99552,196,99984,100,99518,100,99993,100,99448,100,100040,100,99433,200,100067,100,99332,100,100068,100,99291,100,100073,100,99240,100,100131,100,99233,100
2019-06-28 09:54:10.000000000,99848,199,99605,199,99976,196,99584,196,99984,196,99552,196,99993,100,99518,100,100040,100,99448,100,100067,100,99433,200,100068,100,99332,100,100073,100,99291,100,100131,100,99240,100,100136,100,99233,100
2019-06-28 09:54:13.806758625,99848,199,99605,199,99976,196,99584,196,99984,196,99552,196,99993,100,99518,100,100052,100,99448,100,100067,100,99433,200,100068,100,99332,100,100073,100,99291,100,100131,100,99240,100,100136,100,99233,100
2019-06-28 09:54:14.945334400,99848,199,99708,100,99976,196,99605,199,99984,196,99584,196,99993,100,99552,196,100052,100,99518,100,100067,100,99448,100,100068,100,99433,200,100073,100,99332,100,100131,100,99291,100,100136,100,99240,100
2019-06-28 09:54:18.816761248,99848,199,99708,200,99976,196,99605,199,99984,196,99584,196,99993,100,99552,196,100052,100,99518,100,100067,100,99448,100,100068,100,99433,200,100073,100,99332,100,100131,100,99291,100,100204,100,99240,100
2019-06-28 09:54:20.000000000,99848,246,99708,346,99976,246,99605,246,99984,100,99584,100,99993,100,99552,100,100052,100,99518,100,100067,100,99448,100,100068,100,99433,200,100073,100,99332,100,100131,100,99291,100,100204,100,99240,100
2019-06-28 09:54:22.041198410,99848,246,99708,346,99976,246,99605,246,99984,100,99584,100,99993,100,99552,100,100052,100,99518,100,100067,100,99448,100,100068,100,99433,200,100073,100,99332,100,100131,100,99291,100,100170,100,99233,100
2019-06-28 09:54:30.000000000,99848,199,99708,299,99976,196,99605,196,99984,196,99584,196,99993,100,99552,100,100052,100,99518,100,100067,100,99448,100,100068,100,99433,200,100073,100,99332,100,100131,100,99291,100,100170,100,99233,100
2019-06-28 09:54:40.000000000,99848,173,99708,273,99976,173,99605,173,99984,173,99584,173,99993,173,99552,173,100052,100,99518,100,100067,100,99448,100,100068,100,99433,200,100073,100,99332,100,100131,100,99291,100,100170,100,99233,100
2019-06-28 09:54:40.410120176,99848,173,99708,273,99976,173,99605,173,99984,173,99584,173,99993,173,99552,173,100052,100,99518,100,100067,100,99448,100,100068,100,99433,200,100073,100,99332,100,100131,100,99291,100,100170,100,99233,100
2019-06-28 09:54:50.000000000,99848,246,99708,346,99976,246,99605,246,99984,100,99584,100,99993,100,99552,100,100052,100,99518,100,100067,100,99448,100,100068,100,99433,200,100073,100,99332,100,100131,100,99291,100,100170,100,99233,100
2019-06-28 09:54:50.152493326,99848,146,99708,346,99976,246,99605,146,99984,100,99584,100,99993,100,99552,100,100052,100,99518,100,100067,100,99448,100,100068,100,99433,200,100073,100,99332,100,100131,100,99291,100,100170,100,99233,100
2019-06-28 09:54:55.009900453,99848,146,99708,346,99976,246,99605,146,99984,100,99584,100,99993,100,99552,100,100052,100,99518,100,100068,100,99448,100,100073,100,99433,200,100093,100,99332,100,100131,100,99291,100,100170,100,99233,100
2019-06-28 09:54:57.606993943,99848,146,99708,346,99976,246,99605,146,99984,100,99584,100,99993,100,99552,100,100052,100,99518,100,100068,100,99448,100,100073,100,99433,200,100093,100,99332,100,100102,100,99291,100,100131,100,99233,100
2019-06-28 09:55:00.000000000,99976,199,99708,299,99984,196,99584,196,99993,196,99552,196,100052,100,99518,100,100068,100,99448,100,100073,100,99433,200,100093,100,99332,100,100102,100,99291,100,100131,100,99233,100,100170,100,99180,100
2019-06-28 09:55:10.000000000,99976,246,99708,346,99984,246,99584,246,99993,100,99552,100,100052,100,99518,100,100068,100,99448,100,100073,100,99433,200,100093,100,99332,100,100102,100,99291,100,100131,100,99233,100,100170,100,99180,100
2019-06-28 09:55:20.000000000,99976,199,99708,299,99984,196,99584,196,99993,196,99552,196,100052,100,99518,100,100068,100,99448,100,100073,100,99433,200,100093,100,99332,100,100102,100,99291,100,100131,100,99233,100,100170,100,99180,100
2019-06-28 09:55:30.000000000,99976,246,99708,346,99984,246,99584,246,99993,100,99552,100,100052,100,99518,100,100068,100,99448,100,100073,100,99433,200,100093,100,99332,100,100102,100,99291,100,100131,100,99233,100,100170,100,99180,100
2019-06-28 09:55:40.000000000,99976,158,99708,258,99984,158,99584,158,99993,158,99552,158,100052,158,99518,158,100068,158,99448,158,100073,100,99433,200,100093,100,99332,100,100102,100,99291,100,100131,100,99233,100,100170,100,99180,100
2019-06-28 09:55:50.000000000,99976,392,99708,492,99984,100,99584,100,99993,100,99552,100,100052,100,99518,100,100068,100,99448,100,100073,100,99433,200,100093,100,99332,100,100102,100,99291,100,100131,100,99233,100,100170,100,99180,100
2019-06-28 09:56:00.000000000,99976,246,99708,346,99984,246,99584,246,99993,100,99552,100,100052,100,99518,100,100068,100,99448,100,100073,100,99433,200,100093,100,99332,100,100102,100,99291,100,100131,100,99233,100,100170,100,99180,100
2019-06-28 09:56:04.659349664,99976,246,99708,346,99984,246,99584,246,99993,100,99552,100,100052,100,99518,100,100068,100,99448,100,100073,100,99433,200,100093,100,99332,100,100102,100,99291,100,100131,100,99233,100,100170,100,99180,100
2019-06-28 09:56:10.000000000,99976,173,99708,273,99984,173,99584,173,99993,173,99552,173,100052,173,99518,173,100068,100,99448,100,100073,100,99433,200,100093,100,99332,100,100102,100,99291,100,100131,100,99233,100,100170,100,99180,100
2019-06-28 09:56:16.721401607,99976,73,99708,273,99984,173,99584,173,99993,173,99552,173,100052,173,99518,173,100068,100,99448,100,100073,100,99433,200,100093,100,99332,100,100102,100,99291,100,100131,100,99180,100,100170,100,,
2019-06-28 09:56:20.000000000,99984,246,99708,346,99993,246,99584,246,100052,100,99552,100,100068,100,99518,100,100073,100,99448,100,100093,100,99433,200,100102,100,99332,100,100131,100,99291,100,100170,100,99180,100,100204,100,,
2019-06-28 09:56:30.000000000,99984,158,99708,258,99993,158,99584,158,100052,158,99552,158,100068,158,99518,158,100073,158,99448,158,100093,100,99433,200,100102,100,99332,100,100131,100,99291,100,100170,100,99180,100,100204,100,,
2019-06-28 09:56:40.000000000,99984,199,99708,299,99993,196,99584,196,100052,196,99552,196,100068,100,99518,100,100073,100,99448,100,100093,100,99433,200,100102,100,99332,100,100131,100,99291,100,100170,100,99180,100,100204,100,,
2019-06-28 09:56:44.527976088,99984,199,99848,100,99993,196,99708,299,100052,196,99584,196,100068,100,99552,196,100073,100,99518,100,100093,100,99448,100,100102,100,99433,200,100131,100,99332,100,100170,100,99291,100,100204,100,99180,100
2019-06-28 09:56:49.609975248,99984,199,99848,100,99993,196,99708,299,100013,100,99584,196,100052,196,99552,196,100068,100,99518,100,100073,100,99448,100,100093,100,99433,200,100102,100,99332,100,100131,100,99291,100,100170,100,99180,100
2019-06-28 09:56:50.000000000,99984,246,99848,246,99993,246,99708,346,100013,100,99584,100,100052,100,99552,100,100068,100,99518,100,100073,100,99448,100,100093,100,99433,200,100102,100,99332,100,100131,100,99291,100,100170,100,99180,100
2019-06-28 09:57:00.000000000,99984,173,99848,173,99993,173,99708,273,100013,173,99584,173,100052,173,99552,173,100068,100,99518,100,100073,100,99448,100,100093,100,99433,200,100102,100,99332,100,100131,100,99291,100,100170,100,99180,100
2019-06-28 09:57:07.002052960,99984,173,99848,273,99993,173,99708,173,100013,173,99584,173,100052,173,99552,173,100068,100,99518,100,100073,100,99448,100,100093,100,99433,200,100102,100,99332,100,100131,100,99291,100,100170,100,99180,100
2019-06-28 09:57:10.000000000,99984,199,99848,299,99993,196,99708,196,100013,196,99584,196,100052,100,99552,100,100068,100,99518,100,100073,100,99448,100,100093,100,99433,200,100102,100,99332,100,100131,100,99291,100,100170,100,99180,100
2019-06-28 09:57:20.000000000,99984,199,99848,299,99993,196,99708,196,100013,196,99584,196,100052,100,99552,100,100068,100,99518,100,100073,100,99448,100,100093,100,99433,200,100102,100,99332,100,100131,100,99291,100,100170,100,99180,100
2019-06-28 09:57:23.881129582,99984,199,99848,299,99993,196,99708,196,100013,196,99584,196,100052,100,99552,100,100068,100,99518,100,100073,100,99448,100,100093,100,99433,200,100102,100,99332,100,100131,100,99291,100,100170,100,99180,100
2019-06-28 09:57:30.000000000,99984,199,99848,299,99993,196,99708,196,100013,196,99584,196,100052,100,99552,100,100068,100,99518,100,100073,100,99448,100,100093,100,99433,200,100102,100,99332,100,100131,100,99291,100,100170,100,99180,100
2019-06-28 09:57:39.791543349,99984,199,99848,299,99993,196,99708,196,100013,196,99584,196,100052,100,99552,100,100068,100,99518,100,100073,100,99448,100,100093,100,99433,200,100102,100,99291,100,100131,100,99180,100,100170,100,,
2019-06-28 09:57:40.000000000,99984,392,99848,492,99993,100,99708,100,100013,100,99584,100,100052,100,99552,100,100068,100,99518,100,100073,100,99448,100,100093,100,99433,200,100102,100,99291,100,100131,100,99180,100,100170,100,,
2019-06-28 09:57:47.585417185,99984,292,99848,492,99993,100,99708,100,100013,100,99584,100,100052,100,99552,100,100068,100,99518,100,100073,100,99448,100,100093,100,99433,200,100102,100,99291,100,100131,100,99180,100,100170,100,,
2019-06-28 09:57:50.000000000,99993,392,99848,492,100013,100,99708,100,100052,100,99584,100,100068,100,99552,100,100073,100,99518,100,100093,100,99448,100,100102,100,99433,200,100131,100,99291,100,100170,100,99180,100,100204,100,,
2019-06-28 09:58:00.000000000,99993,246,99848,346,100013,246,99708,246,100052,100,99584,100,100068,100,99552,100,100073,100,99518,100,100093,100,99448,100,100102,100,99433,200,100131,100,99291,100,100170,100,99180,100,100204,100,,
2019-06-28 09:58:02.010221379,99993,246,99848,346,100013,246,99708,246,100052,100,99584,100,100068,100,99552,100,100073,100,99518,100,100093,100,99448,100,100102,100,99433,200,100131,100,99291,100,100170,100,99180,100,100204,100,,
2019-06-28 09:58:10.000000000,99993,392,99848,492,100013,100,99708,100,100052,100,99584,100,100068,100,99552,100,100073,100,99518,100,100093,100,99448,100,100102,100,99433,200,100131,100,99291,100,100170,100,99180,100,100204,100,,
2019-06-28 09:58:20.000000000,99993,173,99848,273,100013,173,99708,173,100052,173,99584,173,100068,173,99552,173,100073,100,99518,100,100093,100,99448,100,100102,100,99433,200,100131,100,99291,100,100170,100,99180,100,100204,100,,
2019-06-28 09:58:30.000000000,99993,392,99848,492,100013,100,99708,100,100052,100,99584,100,100068,100,99552,100,100073,100,99518,100,100093,100,99448,100,100102,100,99433,200,100131,100,99291,100,100170,100,99180,100,100204,100,,
2019-06-28 09:58:38.273992933,99993,292,99848,492,100013,100,99708,100,100052,100,99584,100,100068,100,99552,100,100073,100,99518,100,100093,100,99448,100,100102,100,99433,200,100131,100,99291,100,100170,100,99180,100,100204,100,,
2019-06-28 09:58:40.000000000,100013,199,99848,299,100052,196,99708,196,100068,196,99584,196,100073,100,99552,100,100093,100,99518,100,100102,100,99448,100,100131,100,99433,200,100170,100,99291,100,100204,100,99180,100,100227,100,,
2019-06-28 09:58:46.331535962,100013,199,99984,100,100052,196,99848,299,100068,196,99708,196,100073,100,99584,196,100093,100,99552,100,100102,100,99518,100,100131,100,99448,100,100170,100,99433,200,100204,100,99291,100,100227,100,99180,100
2019-06-28 09:58:50.000000000,100013,173,99984,173,100052,173,99848,273,100068,173,99708,173,100073,173,99584,173,100093,100,99552,100,100102,100,99518,100,100131,100,99448,100,100170,100,99433,200,100204,100,99291,100,100227,100,99180,100
2019-06-28 09:59:00.000000000,100013,246,99984,246,100052,246,99848,346,100068,100,99708,100,100073,100,99584,100,100093,100,99552,100,100102,100,99518,100,100131,100,99448,100,100170,100,99433,200,100204,100,99291,100,100227,100,99180,100
2019-06-28 09:59:10.000000000,100013,246,99984,246,100052,246,99848,346,100068,100,99708,100,100073,100,99584,100,100093,100,99552,100,100102,100,99518,100,100131,100,99448,100,100170,100,99433,200,100204,100,99291,100,100227,100,99180,100
2019-06-28 09:59:20.000000000,100013,199,99984,199,100052,196,99848,296,100068,196,99708,196,100073,100,99584,100,100093,100,99552,100,100102,100,99518,100,100131,100,99448,100,100170,100,99433,200,100204,100,99291,100,100227,100,99180,100
2019-06-28 09:59:25.733325959,100013,199,99984,199,100052,196,99848,296,100068,196,99708,196,100073,100,99584,100,100093,100,99559,100,100102,100,99552,100,100131,100,99518,100,100170,100,99448,100,100204,100,99433,200,100227,100,99291,100
2019-06-28 09:59:30.000000000,100013,246,99984,246,100052,246,99848,346,100068,100,99708,100,100073,100,99584,100,100093,100,99559,100,100102,100,99552,100,100131,100,99518,100,100170,100,99448,100,100204,100,99433,200,100227,100,99291,100
2019-06-28 09:59:32.415931772,100013,246,99984,146,100052,246,99848,346,100068,100,99708,100,100073,100,99584,100,100093,100,99559,100,100102,100,99552,100,100131,100,99518,100,100170,100,99448,100,100204,100,99433,200,100227,100,99291,100
2019-06-28 09:59:40.000000000,100013,246,99848,346,100052,246,99708,246,100068,100,99584,100,100073,100,99559,100,100093,100,99552,100,100102,100,99518,100,100131,100,99448,100,100170,100,99433,200,100204,100,99291,100,100227,100,99180,100
2019-06-28 09:59:50.000000000,100013,246,99848,346,100052,246,99708,246,100068,100,99584,100,100073,100,99559,100,100093,100,99552,100,100102,100,99518,100,100131,100,99448,100,100170,100,99433,200,100204,100,99291,100,100227,100,99180,100
2019-06-28 09:59:52.568904074,99992,100,99848,346,100013,246,99708,246,100052,246,99584,100,100068,100,99559,100,100073,100,99552,100,100093,100,99518,100,100102,100,99448,100,100131,100,99433,200,100170,100,99291,100,100204,100,99180,100
2019-06-28 10:00:00.000000000,99992,158,99848,258,100013,158,99708,158,100052,158,99584,158,100068,158,99559,158,100073,158,99552,158,100093,100,99518,100,100102,100,99448,100,100131,100,99433,200,100170,100,99291,100,100204,100,99180,100
2019-06-28 10:00:10.000000000,99992,199,99848,299,100013,196,99708,196,100052,196,99584,196,100068,100,99559,100,100073,100,99552,100,100093,100,99518,100,100102,100,99448,100,100131,100,99433,200,100170,100,99291,100,100204,100,99180,100
2019-06-28 10:00:18.806209218,99992,199,99848,199,100013,196,99708,196,100052,196,99584,196,100068,100,99559,100,100073,100,99552,100,100102,100,99518,100,100131,100,99448,100,100170,100,99433,200,100204,100,99291,100,100227,100,99180,100
2019-06-28 10:00:20.000000000,99992,158,99848,158,100013,158,99708,158,100052,158,99584,158,100068,158,99559,158,100073,158,99552,158,100102,100,99518,100,100131,100,99448,100,100170,100,99433,200,100204,100,99291,100,100227,100,99180,100
2019-06-28 10:00:30.000000000,99992,199,99848,199,100013,196,99708,196,100052,196,99584,196,100068,100,99559,100,100073,100,99552,100,100102,100,99518,100,100131,100,99448,100,100170,100,99433,200,100204,100,99291,100,100227,100,99180,100
2019-06-28 10:00:40.000000000,99992,392,99848,392,100013,100,99708,100,100052,100,99584,100,100068,100,99559,100,100073,100,99552,100,100102,100,99518,100,100131,100,99448,100,100170,100,99433,200,100204,100,99291,100,100227,100,99180,100
2019-06-28 10:00:50.000000000,99992,392,99848,392,100013,100,99708,100,100052,100,99584,100,100068,100,99559,100,100073,100,99552,100,100102,100,99518,100,100131,100,99448,100,100170,100,99433,200,100204,100,99291,100,100227,100,99180,100
2019-06-28 10:01:00.000000000,99992,392,99848,392,100013,100,99708,100,100052,100,99584,100,100068,100,99559,100,100073,100,99552,100,100102,100,99518,100,100131,100,99448,100,100170,100,99433,200,100204,100,99291,100,100227,100,99180,100
2019-06-28 10:01:05.792674781,99984,100,99848,392,99992,392,99708,100,100013,100,99584,100,100052,100,99559,100,100068,100,99552,100,100073,100,99518,100,100102,100,99448,100,100131,100,99433,200,100170,100,99291,100,100204,100,99180,100
2019-06-28 10:01:10.000000000,99984,158,99848,158,99992,158,99708,158,100013,158,99584,158,100052,158,99559,158,100068,158,99552,158,100073,100,99518,100,100102,100,99448,100,100131,100,99433,200,100170,100,99291,100,100204,100,99180,100
2019-06-28 10:01:17.265559833,99984,158,99848,58,99992,158,99708,158,100013,158,99584,158,100052,158,99559,158,100068,158,99552,158,100073,100,99448,100,100102,100,99433,200,100131,100,99291,100,100170,100,99180,100,100204,100,,
2019-06-28 10:01:20.000000000,99984,199,99708,199,99992,196,99584,196,100013,196,99559,196,100052,100,99552,100,100068,100,99448,100,100073,100,99433,200,100102,100,99291,100,100131,100,99180,100,100170,100,,,100204,100,,
2019-06-28 10:01:30.000000000,99984,173,99708,173,99992,173,99584,173,100013,173,99559,173,100052,173,99552,173,100068,100,99448,100,100073,100,99433,200,100102,100,99291,100,100131,100,99180,100,100170,100,,,100204,100,,
2019-06-28 10:01:39.929673903,99984,173,99708,73,99992,173,99584,173,100013,173,99559,173,100052,173,99552,173,100068,100,99448,100,100073,100,99433,200,100102,100,99291,100,100131,100,99180,100,100170,100,,,100204,100,,
2019-06-28 10:01:40.000000000,99984,246,99584,246,99992,246,99559,246,100013,100,99552,100,100052,100,99448,100,100068,100,99433,200,100073,100,99291,100,100102,100,99180,100,100131,100,,,100170,100,,,100204,100,,
2019-06-28 10:01:50.000000000,99984,158,99584,158,99992,158,99559,158,100013,158,99552,158,100052,158,99448,158,100068,158,99433,258,100073,100,99291,100,100102,100,99180,100,100131,100,,,100170,100,,,100204,100,,
2019-06-28 10:01:55.103652267,99848,100,99584,158,99984,158,99559,158,99992,158,99552,158,100013,158,99448,158,100052,158,99433,258,100068,158,99291,100,100073,100,99180,100,100102,100,,,100131,100,,,100170,100,,
2019-06-28 10:02:00.000000000,99848,173,99584,173,99984,173,99559,173,99992,173,99552,173,100013,173,99448,173,100052,100,99433,200,100068,100,99291,100,100073,100,99180,100,100102,100,,,100131,100,,,100170,100,,
2019-06-28 10:02:10.000000000,99848,173,99584,173,99984,173,99559,173,99992,173,99552,173,100013,173,99448,173,100052,100,99433,200,100068,100,99291,100,100073,100,99180,100,100102,100,,,100131,100,,,100170,100,,
2019-06-28 10:02:17.064575597,99848,173,99584,173,99984,173,99559,173,99992,173,99558,100,100013,173,99552,173,100052,100,99448,173,100068,100,99433,200,100073,100,99291,100,100102,100,99180,100,100131,100,,,100170,100,,
2019-06-28 10:02:20.000000000,99848,246,99584,246,99984,246,99559,246,99992,100,99558,100,100013,100,99552,100,100052,100,99448,100,100068,100,99433,200,100073,100,99291,100,100102,100,99180,100,100131,100,,,100170,100,,
2019-06-28 10:02:20.479863796,99848,246,99798,100,99984,246,99584,246,99992,100,99559,146,100013,100,99558,100,100052,100,99552,100,100068,100,99448,100,100073,100,99433,200,100102,100,99291,100,100131,100,99180,100,100170,100,,
2019-06-28 10:02:24.032881627,99848,246,99798,100,99984,246,99596,100,99992,100,99584,246,100013,100,99559,146,100052,100,99558,100,100068,100,99552,100,100073,100,99448,100,100102,100,99433,200,100170,100,99291,100,100204,100,99180,100
2019-06-28 10:02:30.000000000,99848,392,99798,392,99984,100,99596,100,99992,100,99584,100,100013,100,99558,100,100052,100,99552,100,100068,100,99448,100,100073,100,99433,200,100102,100,99291,100,100170,100,99180,100,100204,100,,
2019-06-28 10:02:33.402586161,99848,392,99798,392,99984,100,99720,100,99992,100,99596,100,100013,100,99584,100,100052,100,99558,100,100068,100,99552,100,100073,100,99448,100,100102,100,99433,200,100170,100,99291,100,100204,100,99180,100
2019-06-28 10:02:40.000000000,99848,199,99798,199,99984,196,99720,196,99992,196,99596,196,100013,100,99584,100,100052,100,99558,100,100068,100,99552,100,100073,100,99448,100,100102,100,99433,200,100170,100,99291,100,100204,100,99180,100
2019-06-28 10:02:50.000000000,99848,158,99798,158,99984,158,99720,158,99992,158,99596,158,100013,158,99584,158,100052,158,99558,158,100068,100,99552,100,100073,100,99448,100,100102,100,99433,200,100170,100,99291,100,100204,100,99180,100
2019-06-28 10:02:54.026768825,99848,158,99798,158,99984,158,99720,158,99992,158,99610,100,100013,158,99596,158,100052,158,99584,158,100068,100,99558,158,100073,100,99552,100,100102,100,99448,100,100170,100,99433,200,100204,100,99291,100
2019-06-28 10:03:00.000000000,99848,173,99798,173,99984,173,99720,173,99992,173,99610,173,100013,173,99596,173,100052,100,99584,100,100068,100,99558,100,100073,100,99552,100,100102,100,99448,100,100170,100,99433,200,100204,100,99291,100
2019-06-28 10:03:09.446246651,99848,73,99798,173,99984,173,99720,173,99992,173,99610,173,100013,173,99596,173,100052,100,99584,100,100068,100,99558,100,100073,100,99552,100,100102,100,99448,100,100170,100,99433,200,100204,100,99291,100
2019-06-28 10:03:10.000000000,99984,392,99798,392,99992,100,99720,100,100013,100,99610,100,100052,100,99596,100,100068,100,99584,100,100073,100,99558,100,100102,100,99552,100,100170,100,99448,100,100204,100,99433,200,100227,100,99291,100
2019-06-28 10:03:18.000320533,99984,392,99799,100,99992,100,99798,392,100013,100,99720,100,100052,100,99610,100,100073,100,99596,100,100102,100,99584,100,100170,100,99558,100,100204,100,99552,100,100227,100,99448,100,100262,100,99433,200
2019-06-28 10:03:20.000000000,99984,173,99799,173,99992,173,99798,173,100013,173,99720,173,100052,173,99610,173,100073,100,99596,100,100102,100,99584,100,100170,100,99558,100,100204,100,99552,100,100227,100,99448,100,100262,100,99433,200
2019-06-28 10:03:30.000000000,99984,199,99799,199,99992,196,99798,196,100013,196,99720,196,100052,100,99610,100,100073,100,99596,100,100102,100,99584,100,100170,100,99558,100,100204,100,99552,100,100227,100,99448,100,100262,100,99433,200
2019-06-28 10:03:31.988431671,99826,100,99799,199,99984,199,99798,196,99992,196,99720,196,100013,196,99610,100,100052,100,99596,100,100073,100,99584,100,100102,100,99558,100,100170,100,99552,100,100204,100,99448,100,100227,100,99433,200
2019-06-28 10:03:37.497196761,99826,100,99799,199,99984,199,99798,196,99992,196,99720,196,100013,196,99691,100,100052,100,99610,100,100073,100,99596,100,100102,100,99584,100,100170,100,99558,100,100204,100,99552,100,100227,100,99448,100
2019-06-28 10:03:40.000000000,99826,173,99799,173,99984,173,99798,173,99992,173,99720,173,100013,173,99691,173,100052,100,99610,100,100073,100,99596,100,100102,100,99584,100,100170,100,99558,100,100204,100,99552,100,100227,100,99448,100
2019-06-28 10:03:47.215449935,99826,173,99799,73,99984,173,99798,173,99992,173,99720,173,100013,173,99691,173,100052,100,99610,100,100073,100,99596,100,100102,100,99584,100,100170,100,99558,100,100204,100,99552,100,100227,100,99448,100
2019-06-28 10:03:48.799582840,99825,100,99799,73,99826,173,99798,173,99984,173,99720,173,99992,173,99691,173,100013,173,99610,100,100052,100,99596,100,100073,100,99584,100,100102,100,99558,100,100170,100,99552,100,100204,100,99448,100
2019-06-28 10:03:49.549047943,99799,27,99798,173,99825,100,99720,173,99826,173,99691,173,99984,173,99610,100,99992,173,99596,100,100013,173,99584,100,100052,100,99558,100,100073,100,99552,100,100170,100,99448,100,100204,100,99433,200
2019-06-28 10:03:50.000000000,99799,126,99798,199,99825,196,99720,196,99826,196,99691,196,99984,100,99610,100,99992,100,99596,100,100013,100,99584,100,100052,100,99558,100,100073,100,99552,100,100170,100,99448,100,100204,100,99433,200
2019-06-28 10:04:00.000000000,99799,173,99798,246,99825,246,99720,246,99826,100,99691,100,99984,100,99610,100,99992,100,99596,100,100013,100,99584,100,100052,100,99558,100,100073,100,99552,100,100170,100,99448,100,100204,100,99433,200
2019-06-28 10:04:10.000000000,99799,126,99798,199,99825,196,99720,196,99826,196,99691,196,99984,100,99610,100,99992,100,99596,100,100013,100,99584,100,100052,100,99558,100,100073,100,99552,100,100170,100,99448,100,100204,100,99433,200
2019-06-28 10:04:20.000000000,99799,126,99798,199,99825,196,99720,196,99826,196,99691,196,99984,100,99610,100,99992,100,99596,100,100013,100,99584,100,100052,100,99558,100,100073,100,99552,100,100170,100,99448,100,100204,100,99433,200
2019-06-28 10:04:20.300327711,99799,26,99798,199,99825,196,99720,196,99826,196,99691,196,99984,100,99610,100,99992,100,99596,100,100013,100,99584,100,100052,100,99558,100,100073,100,99552,100,100170,100,99448,100,100227,100,99433,200
2019-06-28 10:04:30.000000000,99825,158,99798,158,99826,158,99720,158,99984,158,99691,158,99992,158,99610,158,100013,158,99596,158,100052,100,99584,100,100073,100,99558,100,100170,100,99552,100,100227,100,99448,100,100262,100,99433,200
2019-06-28 10:04:38.838888520,99825,158,99798,158,99826,158,99720,158,99984,158,99691,158,99992,158,99610,158,100013,158,99596,158,100052,100,99584,100,100073,100,99558,100,100170,100,99552,100,100227,100,99448,100,100262,100,99433,200
2019-06-28 10:04:40.000000000,99825,199,99798,199,99826,196,99720,196,99984,196,99691,196,99992,100,99610,100,100013,100,99596,100,100052,100,99584,100,100073,100,99558,100,100170,100,99552,100,100227,100,99448,100,100262,100,99433,200
2019-06-28 10:04:43.127364911,99825,99,99798,199,99826,196,99720,196,99984,196,99691,196,99992,100,99610,100,100013,100,99596,100,100052,100,99584,100,100073,100,99558,100,100170,100,99552,100,100227,100,99448,100,100262,100,99433,200
2019-06-28 10:04:50.000000000,99826,173,99798,173,99984,173,99720,173,99992,173,99691,173,100013,173,99610,173,100052,100,99596,100,100073,100,99584,100,100170,100,99558,100,100227,100,99552,100,100262,100,99448,100,100405,100,99433,200
2019-06-28 10:04:50.081208416,99826,173,99798,173,99984,173,99720,173,99992,173,99691,173,100013,173,99610,173,100052,100,99596,100,100073,100,99584,100,100227,100,99558,100,100262,100,99552,100,100359,100,99448,100,100405,100,99433,200
2019-06-28 10:05:00.000000000,99826,246,99798,246,99984,246,99720,246,99992,100,99691,100,100013,100,99610,100,100052,100,99596,100,100073,100,99584,100,100227,100,99558,100,100262,100,99552,100,100359,100,99448,100,100405,100,99433,200
2019-06-28 10:05:08.721590019,99826,246,99798,246,99984,246,99720,246,99992,100,99691,100,100013,100,99610,100,100052,100,99596,100,100073,100,99584,100,100227,100,99552,100,100262,100,99448,100,100350,100,99433,200,100359,100,99291,100
2019-06-28 10:05:10.000000000,99826,246,99798,246,99984,246,99720,246,99992,100,99691,100,100013,100,99610,100,100052,100,99596,100,100073,100,99584,100,100227,100,99552,100,100262,100,99448,100,100350,100,99433,200,100359,100,99291,100
2019-06-28 10:05:11.146120804,99826,146,99798,246,99984,246,99720,246,99992,100,99691,100,100013,100,99610,100,100052,100,99596,100,100073,100,99584,100,100227,100,99552,100,100262,100,99448,100,100350,100,99433,200,100359,100,99291,100
2019-06-28 10:05:18.384548401,99826,146,99825,100,99984,246,99798,246,99992,100,99720,246,100013,100,99691,100,100052,100,99610,100,100073,100,99596,100,100227,100,99584,100,100262,100,99552,100,100350,100,99448,100,100359,100,99433,200
2019-06-28 10:05:20.000000000,99984,173,99825,173,99992,173,99798,173,100013,173,99720,173,100052,173,99691,173,100073,100,99610,100,100227,100,99596,100,100262,100,99584,100,100350,100,99552,100,100359,100,99448,100,100405,100,99433,200
2019-06-28 10:05:22.580149431,99984,173,99825,173,99992,173,99798,173,100013,173,99720,173,100052,173,99691,173,100073,100,99610,100,100227,100,99596,100,100262,100,99584,100,100350,100,99552,100,100359,200,99448,100,100405,100,99433,200
2019-06-28 10:05:30.000000000,99984,392,99825,392,99992,100,99798,100,100013,100,99720,100,100052,100,99691,100,100073,100,99610,100,100227,100,99596,100,100262,100,99584,100,100350,100,99552,100,100359,200,99448,100,100405,100,99433,200
2019-06-28 10:05:40.000000000,99984,173,99825,173,99992,173,99798,173,100013,173,99720,173,100052,173,99691,173,100073,100,99610,100,100227,100,99596,100,100262,100,99584,100,100350,100,99552,100,100359,200,99448,100,100405,100,99433,200
2019-06-28 10:05:50.000000000,99984,158,99825,158,99992,158,99798,158,100013,158,99720,158,100052,158,99691,158,100073,158,99610,158,100227,100,99596,100,100262,100,99584,100,100350,100,99552,100,100359,200,99448,100,100405,100,99433,200
2019-06-28 10:05:54.618178810,99984,158,99825,258,99992,158,99798,158,100013,158,99720,158,100052,158,99691,158,100073,158,99610,158,100227,100,99596,100,100262,100,99584,100,100350,100,99552,100,100359,200,99448,100,100405,100,99433,200
2019-06-28 10:06:00.000000000,99984,246,99825,346,99992,246,99798,246,100013,100,99720,100,100052,100,99691,100,100073,100,99610,100,100227,100,99596,100,100262,100,99584,100,100350,100,99552,100,100359,200,99448,100,100405,100,99433,200
2019-06-28 10:06:01.239769760,99984,146,99825,346,99992,246,99798,246,100013,100,99720,100,100052,100,99691,100,100073,100,99610,100,100227,100,99596,100,100262,100,99584,100,100359,200,99552,100,100405,100,99448,100,100589,100,99433,200
2019-06-28 10:06:02.657001871,99984,46,99825,346,99992,246,99798,246,100013,100,99720,100,100052,100,99691,100,100073,100,99610,100,100227,100,99596,100,100262,100,99584,100,100359,200,99552,100,100405,100,99448,100,100589,100,99433,200
2019-06-28 10:06:10.000000000,99992,173,99825,273,100013,173,99798,173,100052,173,99720,173,100073,173,99691,173,100227,100,99610,100,100262,100,99596,100,100359,200,99584,100,100405,100,99552,100,100589,100,99448,100,,,99433,200
2019-06-28 10:06:20.000000000,99992,158,99825,258,100013,158,99798,158,100052,158,99720,158,100073,158,99691,158,100227,158,99610,158,100262,100,99596,100,100359,200,99584,100,100405,100,99552,100,100589,100,99448,100,,,99433,200
2019-06-28 10:06:30.000000000,99992,173,99825,273,100013,173,99798,173,100052,173,99720,173,100073,173,99691,173,100227,100,99610,100,100262,100,99596,100,100359,200,99584,100,100405,100,99552,100,100589,100,99448,100,,,99433,200
2019-06-28 10:06:40.000000000,99992,246,99825,346,100013,246,99798,246,100052,100,99720,100,100073,100,99691,100,100227,100,99610,100,100262,100,99596,100,100359,200,99584,100,100405,100,99552,100,100589,100,99448,100,,,99433,200
2019-06-28 10:06:40.529661644,99992,246,99984,100,100013,246,99825,346,100052,100,99798,246,100073,100,99720,100,100227,100,99691,100,100262,100,99610,100,100359,200,99596,100,100405,100,99584,100,100589,100,99552,100,,,99448,100
2019-06-28 10:06:50.000000000,99992,246,99984,246,100013,246,99825,346,100052,100,99798,100,100073,100,99720,100,100227,100,99691,100,100262,100,99610,100,100359,200,99596,100,100405,100,99584,100,100589,100,99552,100,,,99448,100
2019-06-28 10:06:52.268351273,99992,146,99984,246,100013,246,99825,346,100052,100,99798,100,100073,100,99720,100,100227,100,99691,100,100262,100,99610,100,100359,200,99596,100,100405,100,99584,100,100589,100,99552,100,,,99448,100
2019-06-28 10:07:00.000000000,100013,246,99984,246,100052,246,99825,346,100073,100,99798,100,100227,100,99720,100,100262,100,99691,100,100359,200,99610,100,100405,100,99596,100,100589,100,99584,100,,,99552,100,,,99448,100
2019-06-28 10:07:10.000000000,100013,199,99984,199,100052,196,99825,296,100073,196,99798,196,100227,100,99720,100,100262,100,99691,100,100359,200,99610,100,100405,100,99596,100,100589,100,99584,100,,,99552,100,,,99448,100
2019-06-28 10:07:20.000000000,100013,173,99984,173,100052,173,99825,273,100073,173,99798,173,100227,173,99720,173,100262,100,99691,100,100359,200,99610,100,100405,100,99596,100,100589,100,99584,100,,,99552,100,,,99448,100
2019-06-28 10:07:30.000000000,100013,158,99984,158,100052,158,99825,258,100073,158,99798,158,100227,158,99720,158,100262,158,99691,158,100359,200,99610,100,100405,100,99596,100,100589,100,99584,100,,,99552,100,,,99448,100
2019-06-28 10:07:35.828787303,100013,158,99984,158,100052,158,99825,258,100073,158,99798,158,100227,158,99720,158,100262,158,99691,158,100333,100,99610,100,100359,200,99596,100,100405,100,99584,100,100589,100,99552,100,,,99448,100
2019-06-28 10:07:40.000000000,100013,199,99984,199,100052,196,99825,296,100073,196,99798,196,100227,100,99720,100,100262,100,99691,100,100333,100,99610,100,100359,200,99596,100,100405,100,99584,100,100589,100,99552,100,,,99448,100
2019-06-28 10:07:40.934307926,100013,199,99984,199,100052,196,99825,296,100073,196,99798,196,100227,100,99720,100,100262,100,99691,100,100333,100,99610,100,100359,200,99596,100,100405,100,99584,100,100520,100,99552,100,100589,100,99448,100
2019-06-28 10:07:46.476919282,100013,99,99984,199,100052,196,99825,296,100073,196,99798,196,100227,100,99720,100,100262,100,99691,100,100333,100,99610,100,100359,100,99596,100,100405,100,99584,100,100520,100,99552,100,100589,100,99448,100
2019-06-28 10:07:50.000000000,100052,173,99984,173,100073,173,99825,273,100227,173,99798,173,100262,173,99720,173,100333,100,99691,100,100359,100,99610,100,100405,100,99596,100,100520,100,99584,100,100589,100,99552,100,,,99448,100
2019-06-28 10:08:00.000000000,100052,158,99984,158,100073,158,99825,258,100227,158,99798,158,100262,158,99720,158,100333,158,99691,158,100359,100,99610,100,100405,100,99596,100,100520,100,99584,100,100589,100,99552,100,,,99448,100
2019-06-28 10:08:04.181954194,100052,158,99984,158,100073,158,99903,100,100227,158,99825,258,100262,158,99798,158,100333,158,99720,158,100359,100,99691,158,100405,100,99610,100,100520,100,99596,100,100589,100,99584,100,,,99552,100
2019-06-28 10:08:07.681777153,100052,58,99984,158,100073,158,99903,100,100227,158,99825,258,100262,158,99798,158,100333,158,99720,158,100359,100,99691,158,100405,100,99610,100,100520,100,99596,100,100589,100,99584,100,,,99552,100
2019-06-28 10:08:10.000000000,100073,392,99984,392,100227,100,99903,100,100262,100,99825,200,100333,100,99798,100,100359,100,99720,100,100405,100,99691,100,100520,100,99610,100,100589,100,99596,100,,,99584,100,,,99552,100
2019-06-28 10:08:15.504744291,100073,292,99984,392,100227,100,99903,100,100262,100,99825,200,100333,100,99798,100,100359,100,99720,100,100405,100,99691,100,100520,100,99610,100,100589,100,99584,100,,,99552,100,,,99448,100
2019-06-28 10:08:15.637895909,100073,292,99984,392,100227,100,99972,100,100262,100,99903,100,100333,100,99825,200,100359,100,99798,100,100405,100,99720,100,100520,100,99691,100,100589,100,99610,100,,,99584,100,,,99552,100
2019-06-28 10:08:20.000000000,100227,173,99984,173,100262,173,99972,173,100333,173,99903,173,100359,173,99825,273,100405,100,99798,100,100520,100,99720,100,100589,100,99691,100,,,99610,100,,,99584,100,,,99552,100
2019-06-28 10:08:27.616848458,100227,173,100088,100,100262,173,99984,173,100333,173,99972,173,100359,173,99903,173,100405,100,99825,273,100520,100,99798,100,100589,100,99720,100,,,99691,100,,,99610,100,,,99584,100
2019-06-28 10:08:30.000000000,100227,246,100088,246,100262,246,99984,246,100333,100,99972,100,100359,100,99903,100,100405,100,99825,200,100520,100,99798,100,100589,100,99720,100,,,99691,100,,,99610,100,,,99584,100
2019-06-28 10:08:40.000000000,100227,158,100088,158,100262,158,99984,158,100333,158,99972,158,100359,158,99903,158,100405,158,99825,258,100520,100,99798,100,100589,100,99720,100,,,99691,100,,,99610,100,,,99584,100
2019-06-28 10:08:43.144051684,100227,158,100088,158,100262,158,100068,100,100333,158,99984,158,100359,158,99972,158,100405,158,99903,158,100520,100,99825,258,100589,100,99798,100,,,99720,100,,,99691,100,,,99610,100
