,ask_price_1,ask_size_1,bid_price_1,bid_size_1,ask_price_2,ask_size_2,bid_price_2,bid_size_2,ask_price_3,ask_size_3,bid_price_3,bid_size_3,ask_price_4,ask_size_4,bid_price_4,bid_size_4,ask_price_5,ask_size_5,bid_price_5,bid_size_5,ask_price_6,ask_size_6,bid_price_6,bid_size_6,ask_price_7,ask_size_7,bid_price_7,bid_size_7,ask_price_8,ask_size_8,bid_price_8,bid_size_8,ask_price_9,ask_size_9,bid_price_9,bid_size_9,ask_price_10,ask_size_10,bid_price_10,bid_size_10
2019-06-28 09:30:00.000000000,100034,100,,,,,,,,,,,,,,,,,,,,,,,,,,,,,,,,,,,,,,
2019-06-28 09:30:00.000000004,100034,100,100009,100,,,99980,100,,,,,,,,,,,,,,,,,,,,,,,,,,,,,,,,
2019-06-28 09:30:00.000000012,100034,100,99980,100,,,,,,,,,,,,,,,,,,,,,,,,,,,,,,,,,,,,
2019-06-28 09:30:00.000000018,100005,100,99980,100,100034,100,,,,,,,,,,,,,,,,,,,,,,,,,,,,,,,,,,
2019-06-28 09:30:00.000000024,100005,100,99988,100,100034,100,99980,100,,,99950,100,,,99856,100,,,,,,,,,,,,,,,,,,,,,,,,
2019-06-28 09:30:00.000000028,100005,100,99980,100,100034,100,99950,100,100057,100,99856,100,,,,,,,,,,,,,,,,,,,,,,,,,,,,
2019-06-28 09:30:00.000000032,100005,100,99980,100,100034,100,99950,100,100057,100,99926,100,,,99856,100,,,,,,,,,,,,,,,,,,,,,,,,
2019-06-28 09:30:00.000000033,100005,100,99980,100,100034,100,99950,100,100057,100,99926,100,100137,100,99856,100,,,,,,,,,,,,,,,,,,,,,,,,
2019-06-28 09:30:00.000000035,100005,100,99980,100,100034,100,99950,100,100057,100,99926,100,100137,100,99856,100,100140,100,,,,,,,,,,,,,,,,,,,,,,
2019-06-28 09:30:00.000000036,100005,100,99980,100,100034,100,99950,100,100047,100,99926,100,100057,100,99877,100,100137,100,99856,100,100140,100,,,,,,,,,,,,,,,,,,
2019-06-28 09:30:00.000000039,100034,100,100022,100,100047,100,99980,100,100057,100,99955,100,100137,100,99950,100,100140,100,99926,100,,,99877,100,,,99856,100,,,,,,,,,,,,
2019-06-28 09:30:00.000000041,100027,100,100022,100,100034,100,99980,100,100047,100,99955,100,100057,100,99950,100,100075,100,99926,100,100137,100,99877,100,100140,100,99856,100,,,,,,,,,,,,
2019-06-28 09:30:00.000000043,100027,100,99980,100,100034,100,99955,100,100047,100,99950,100,100057,100,99926,100,100075,100,99912,100,100137,100,99877,100,100140,100,99856,100,,,,,,,,,,,,
2019-06-28 09:30:00.000000044,100027,100,99980,100,100034,100,99955,100,100047,100,99950,100,100057,100,99939,100,100075,100,99926,100,100084,100,99912,100,100137,100,99877,100,100140,100,99856,100,,,,,,,,
2019-06-28 09:30:00.000000045,100027,100,99980,100,100034,100,99955,100,100047,100,99950,100,100057,100,99939,100,100075,100,99926,100,100084,100,99912,100,100114,100,99877,100,100137,100,99856,100,100140,100,,,,,,
2019-06-28 09:30:00.000000047,100027,100,100005,100,100034,100,99980,100,100047,100,99955,100,100057,100,99950,100,100075,100,99939,100,100084,100,99933,100,100114,100,99926,100,100137,100,99912,100,100140,100,99894,100,,,99877,100
2019-06-28 09:30:00.000000052,100027,100,99980,100,100034,100,99955,100,100047,100,99950,100,100057,100,99939,100,100075,100,99933,100,100084,100,99926,100,100114,100,99912,100,100137,100,99894,100,100140,100,99877,100,,,99856,100
2019-06-28 09:30:00.000000054,100027,100,99980,100,100034,100,99955,100,100047,100,99950,100,100057,100,99939,100,100075,100,99933,100,100080,100,99926,100,100084,100,99912,100,100114,100,99894,100,100137,100,99877,100,100140,100,99856,100
2019-06-28 09:30:00.000000056,100022,100,100005,100,100027,100,99980,100,100034,100,99955,100,100047,100,99950,100,100057,100,99939,100,100075,100,99933,100,100080,100,99926,100,100084,100,99912,100,100114,100,99894,100,100137,100,99877,100
2019-06-28 09:30:00.000000057,100022,100,100005,100,100027,100,99980,100,100034,100,99955,100,100047,100,99950,100,100057,100,99939,100,100075,100,99933,100,100080,100,99926,100,100084,100,99912,100,100114,100,99894,100,100137,100,99877,100
2019-06-28 09:30:00.000000060,100022,200,100005,100,100027,100,99980,100,100034,100,99955,100,100047,100,99950,100,100057,100,99939,100,100075,100,99933,100,100080,100,99926,100,100084,100,99912,100,100114,100,99894,100,100126,100,99889,100
2019-06-28 09:30:00.000000061,100022,200,99980,100,100027,100,99955,100,100034,100,99950,100,100047,100,99939,100,100057,100,99933,100,100075,100,99926,100,100080,100,99914,100,100084,100,99912,100,100114,100,99894,100,100126,100,99889,100
2019-06-28 09:30:00.000000062,100022,200,99980,100,100027,100,99955,100,100034,100,99950,100,100039,100,99939,100,100047,100,99933,100,100057,100,99926,100,100075,100,99914,100,100080,100,99912,100,100084,100,99894,100,100098,100,99889,100
2019-06-28 09:30:00.000000063,100022,100,99980,100,100027,100,99955,100,100034,100,99950,100,100039,100,99939,100,100047,100,99933,100,100057,100,99926,100,100075,100,99914,100,100080,100,99912,100,100084,100,99894,100,100098,100,99889,100
2019-06-28 09:30:00.000000064,100022,100,100005,100,100027,100,99980,100,100034,100,99955,100,100039,100,99950,100,100047,100,99939,100,100057,100,99933,100,100075,100,99926,100,100080,100,99914,100,100084,100,99912,100,100098,100,99894,100
2019-06-28 09:30:00.000000065,100027,100,100005,100,100034,100,99980,100,100039,100,99955,100,100047,100,99950,100,100057,100,99939,100,100075,100,99933,100,100080,100,99926,100,100084,100,99914,100,100098,100,99912,100,100114,100,99894,100
2019-06-28 09:30:00.000000067,100022,100,100005,100,100027,100,99980,100,100034,100,99955,100,100039,100,99950,100,100047,100,99939,100,100057,100,99933,100,100075,100,99926,100,100080,100,99914,100,100084,100,99912,100,100098,100,99894,100
2019-06-28 09:30:00.000000069,100022,100,100005,100,100027,100,99986,100,100034,100,99980,100,100039,100,99955,100,100047,100,99950,100,100057,100,99939,100,100075,100,99933,100,100080,100,99926,100,100084,100,99914,100,100098,100,99912,100
2019-06-28 09:30:00.000000070,100022,100,100005,100,100027,100,99986,100,100034,100,99980,100,100039,100,99955,100,100047,100,99950,100,100057,100,99939,100,100075,100,99933,100,100080,100,99926,100,100084,100,99914,100,100098,100,99912,100
2019-06-28 09:30:00.000000073,100022,100,100005,100,100027,100,99986,100,100034,100,99980,100,100039,100,99955,100,100047,100,99950,100,100057,100,99939,100,100075,100,99933,100,100080,100,99926,100,100084,100,99914,100,100098,100,99912,100
2019-06-28 09:30:00.000000074,100016,100,100005,100,100022,100,99986,100,100027,100,99980,100,100034,100,99955,100,100039,100,99950,100,100047,100,99939,100,100057,100,99933,100,100075,100,99926,100,100080,100,99914,100,100084,100,99912,100
2019-06-28 09:30:00.000000078,100016,100,100005,100,100022,100,99986,100,100027,100,99980,100,100034,100,99955,100,100039,100,99950,100,100047,100,99939,100,100057,100,99933,100,100075,100,99926,100,100080,100,99914,100,100084,100,99912,100
2019-06-28 09:30:00.000000079,100016,100,100005,100,100022,100,99986,100,100027,100,99980,100,100034,100,99955,100,100039,100,99950,100,100047,100,99939,100,100057,100,99933,100,100075,100,99926,100,100080,100,99914,100,100084,100,99912,100
2019-06-28 09:30:00.000000084,100016,100,100005,100,100022,100,99986,100,100027,100,99981,100,100034,100,99980,100,100039,100,99955,100,100047,100,99950,100,100057,100,99939,100,100075,100,99933,100,100080,100,99926,100,100084,100,99914,100
2019-06-28 09:30:00.000000085,100016,100,99986,100,100022,100,99981,100,100027,100,99980,100,100034,100,99955,100,100039,100,99950,100,100047,100,99939,100,100057,100,99933,100,100075,100,99926,100,100080,100,99914,100,100084,100,99912,100
2019-06-28 09:30:00.000000087,100015,100,99986,100,100016,100,99981,100,100022,100,99980,100,100027,100,99955,100,100034,100,99950,100,100039,100,99939,100,100047,100,99933,100,100057,100,99926,100,100075,100,99914,100,100080,100,99912,100
2019-06-28 09:30:00.000000090,100016,100,99986,100,100022,100,99981,100,100027,100,99980,100,100034,100,99955,100,100039,100,99950,100,100047,100,99939,100,100057,100,99933,100,100075,100,99926,100,100080,100,99914,100,100084,100,99912,100
2019-06-28 09:30:00.000000094,100015,100,99986,100,100016,100,99981,100,100022,100,99980,100,100027,100,99955,100,100034,100,99950,100,100039,100,99939,100,100047,100,99933,100,100057,100,99926,100,100075,100,99914,100,100080,100,99912,100
2019-06-28 09:30:00.000000095,100015,100,99986,100,100016,100,99981,100,100022,100,99980,100,100027,100,99957,100,100034,100,99955,100,100039,100,99950,100,100047,100,99939,100,100057,100,99933,100,100075,100,99926,100,100080,100,99914,100
2019-06-28 09:30:00.000000098,100015,100,99986,100,100016,100,99981,100,100022,100,99980,100,100027,100,99957,100,100034,100,99955,100,100039,100,99950,100,100047,100,99939,100,100057,100,99933,100,100075,100,99926,100,100080,100,99914,100
2019-06-28 09:30:10.000000000,100015,265,99986,265,100016,260,99981,260,100022,260,99980,260,100027,100,99957,100,100034,100,99955,100,100039,100,99950,100,100047,100,99939,100,100057,100,99933,100,100075,100,99926,100,100080,100,99914,100
2019-06-28 09:30:20.000000000,100015,197,99986,197,100016,197,99981,197,100022,197,99980,197,100027,197,99957,197,100034,197,99955,197,100039,100,99950,100,100047,100,99939,100,100057,100,99933,100,100075,100,99926,100,100080,100,99914,100
2019-06-28 09:30:27.861508792,100015,197,99986,197,100016,197,99981,197,100022,197,99980,197,100027,197,99957,197,100034,197,99955,197,100039,100,99950,100,100047,100,99939,100,100057,100,99933,100,100075,100,99926,100,100080,100,99914,100
2019-06-28 09:30:30.000000000,100015,221,99986,221,100016,221,99981,221,100022,221,99980,221,100027,221,99957,221,100034,100,99955,100,100039,100,99950,100,100047,100,99939,100,100057,100,99933,100,100075,100,99926,100,100080,100,99914,100
2019-06-28 09:30:40.000000000,100015,197,99986,197,100016,197,99981,197,100022,197,99980,197,100027,197,99957,197,100034,197,99955,197,100039,100,99950,100,100047,100,99939,100,100057,100,99933,100,100075,100,99926,100,100080,100,99914,100
2019-06-28 09:30:50.000000000,100015,197,99986,197,100016,197,99981,197,100022,197,99980,197,100027,197,99957,197,100034,197,99955,197,100039,100,99950,100,100047,100,99939,100,100057,100,99933,100,100075,100,99926,100,100080,100,99914,100
2019-06-28 09:30:59.049526720,100015,97,99986,197,100016,197,99981,197,100022,197,99980,197,100027,197,99957,197,100034,197,99955,197,100039,100,99950,100,100047,100,99939,100,100057,100,99933,100,100075,100,99926,100,100080,100,99914,100
2019-06-28 09:31:00.000000000,100016,584,99986,584,100022,100,99981,100,100027,100,99980,100,100034,100,99957,100,100039,100,99955,100,100047,100,99950,100,100057,100,99939,100,100075,100,99933,100,100080,100,99926,100,100084,100,99914,100
2019-06-28 09:31:01.615282051,100016,584,99986,584,100022,100,99981,100,100027,100,99980,100,100034,100,99957,100,100039,100,99955,100,100047,100,99950,100,100057,100,99939,100,100075,100,99933,100,100080,100,99926,100,100084,100,99914,100
2019-06-28 09:31:10.000000000,100016,221,99986,221,100022,221,99981,221,100027,221,99980,221,100034,221,99957,221,100039,100,99955,100,100047,100,99950,100,100057,100,99939,100,100075,100,99933,100,100080,100,99926,100,100084,100,99914,100
2019-06-28 09:31:20.000000000,100016,584,99986,584,100022,100,99981,100,100027,100,99980,100,100034,100,99957,100,100039,100,99955,100,100047,100,99950,100,100057,100,99939,100,100075,100,99933,100,100080,100,99926,100,100084,100,99914,100
2019-06-28 09:31:30.000000000,100016,265,99986,265,100022,260,99981,260,100027,260,99980,260,100034,100,99957,100,100039,100,99955,100,100047,100,99950,100,100057,100,99939,100,100075,100,99933,100,100080,100,99926,100,100084,100,99914,100
2019-06-28 09:31:40.000000000,100016,342,99986,342,100022,342,99981,342,100027,100,99980,100,100034,100,99957,100,100039,100,99955,100,100047,100,99950,100,100057,100,99939,100,100075,100,99933,100,100080,100,99926,100,100084,100,99914,100
2019-06-28 09:31:50.000000000,100016,265,99986,265,100022,260,99981,260,100027,260,99980,260,100034,100,99957,100,100039,100,99955,100,100047,100,99950,100,100057,100,99939,100,100075,100,99933,100,100080,100,99926,100,100084,100,99914,100
2019-06-28 09:32:00.000000000,100016,584,99986,584,100022,100,99981,100,100027,100,99980,100,100034,100,99957,100,100039,100,99955,100,100047,100,99950,100,100057,100,99939,100,100075,100,99933,100,100080,100,99926,100,100084,100,99914,100
2019-06-28 09:32:00.658051801,100016,584,99986,584,100022,100,99981,100,100034,100,99980,100,100039,100,99957,100,100047,100,99955,100,100057,100,99950,100,100075,100,99939,100,100080,100,99933,100,100084,100,99926,100,100096,100,99914,100
2019-06-28 09:32:04.655657121,100016,584,99986,584,100022,100,99981,100,100034,100,99980,100,100039,100,99957,100,100047,100,99955,100,100057,100,99950,100,100075,100,99939,100,100080,100,99933,100,100084,100,99926,100,100096,100,99914,100
2019-06-28 09:32:10.000000000,100016,265,99986,265,100022,260,99981,260,100034,260,99980,260,100039,100,99957,100,100047,100,99955,100,100057,100,99950,100,100075,100,99939,100,100080,100,99933,100,100084,100,99926,100,100096,100,99914,100
2019-06-28 09:32:18.995178734,100016,265,99986,265,100022,260,99981,260,100034,260,99980,260,100039,100,99957,100,100047,100,99955,100,100057,100,99950,100,100075,100,99939,100,100080,100,99933,100,100084,100,99926,100,100096,100,99914,100
2019-06-28 09:32:20.000000000,100016,342,99986,342,100022,342,99981,342,100034,100,99980,100,100039,100,99957,100,100047,100,99955,100,100057,100,99950,100,100075,100,99939,100,100080,100,99933,100,100084,100,99926,100,100096,100,99914,100
2019-06-28 09:32:30.000000000,100016,221,99986,221,100022,221,99981,221,100034,221,99980,221,100039,221,99957,221,100047,100,99955,100,100057,100,99950,100,100075,100,99939,100,100080,100,99933,100,100084,100,99926,100,100096,100,99914,100
2019-06-28 09:32:31.095572800,100014,100,99986,221,100016,221,99981,221,100022,221,99980,221,100034,221,99957,221,100039,221,99955,100,100047,100,99950,100,100057,100,99939,100,100075,100,99933,100,100080,100,99926,100,100084,100,99914,100
2019-06-28 09:32:38.816377340,100014,100,99986,221,100016,221,99981,221,100022,221,99980,221,100034,221,99957,221,100039,221,99955,100,100047,100,99950,100,100057,100,99939,100,100075,100,99933,100,100080,100,99926,100,100084,100,99914,100
2019-06-28 09:32:39.236189285,100014,100,99986,221,100016,221,99981,221,100022,221,99980,221,100034,221,99957,221,100039,221,99955,100,100057,100,99950,100,100075,100,99939,100,100080,100,99933,100,100084,100,99926,100,100114,100,99914,100
2019-06-28 09:32:40.000000000,100014,342,99986,342,100016,342,99981,342,100022,100,99980,100,100034,100,99957,100,100039,100,99955,100,100057,100,99950,100,100075,100,99939,100,100080,100,99933,100,100084,100,99926,100,100114,100,99914,100
2019-06-28 09:32:49.018634483,100014,342,99986,342,100016,242,99981,342,100022,100,99980,100,100034,100,99957,100,100039,100,99955,100,100057,100,99950,100,100075,100,99939,100,100080,100,99933,100,100084,100,99926,100,100114,100,99914,100
2019-06-28 09:32:50.000000000,100014,584,99986,584,100022,100,99981,100,100034,100,99980,100,100039,100,99957,100,100057,100,99955,100,100075,100,99950,100,100080,100,99939,100,100084,100,99933,100,100114,100,99926,100,100115,100,99914,100
2019-06-28 09:33:00.000000000,100014,584,99986,584,100022,100,99981,100,100034,100,99980,100,100039,100,99957,100,100057,100,99955,100,100075,100,99950,100,100080,100,99939,100,100084,100,99933,100,100114,100,99926,100,100115,100,99914,100
2019-06-28 09:33:10.000000000,100014,342,99986,342,100022,342,99981,342,100034,100,99980,100,100039,100,99957,100,100057,100,99955,100,100075,100,99950,100,100080,100,99939,100,100084,100,99933,100,100114,100,99926,100,100115,100,99914,100
2019-06-28 09:33:20.000000000,100014,265,99986,265,100022,260,99981,260,100034,260,99980,260,100039,100,99957,100,100057,100,99955,100,100075,100,99950,100,100080,100,99939,100,100084,100,99933,100,100114,100,99926,100,100115,100,99914,100
2019-06-28 09:33:30.000000000,100014,221,99986,221,100022,221,99981,221,100034,221,99980,221,100039,221,99957,221,100057,100,99955,100,100075,100,99950,100,100080,100,99939,100,100084,100,99933,100,100114,100,99926,100,100115,100,99914,100
2019-06-28 09:33:40.000000000,100014,342,99986,342,100022,342,99981,342,100034,100,99980,100,100039,100,99957,100,100057,100,99955,100,100075,100,99950,100,100080,100,99939,100,100084,100,99933,100,100114,100,99926,100,100115,100,99914,100
2019-06-28 09:33:49.143725566,100014,442,99986,342,100022,342,99981,342,100034,100,99980,100,100039,100,99957,100,100057,100,99955,100,100075,100,99950,100,100080,100,99939,100,100084,100,99933,100,100114,100,99926,100,100115,100,99914,100
2019-06-28 09:33:50.000000000,100014,684,99986,584,100022,100,99981,100,100034,100,99980,100,100039,100,99957,100,100057,100,99955,100,100075,100,99950,100,100080,100,99939,100,100084,100,99933,100,100114,100,99926,100,100115,100,99914,100
2019-06-28 09:34:00.000000000,100014,684,99986,584,100022,100,99981,100,100034,100,99980,100,100039,100,99957,100,100057,100,99955,100,100075,100,99950,100,100080,100,99939,100,100084,100,99933,100,100114,100,99926,100,100115,100,99914,100
2019-06-28 09:34:07.147745532,100014,784,99986,584,100022,100,99981,100,100039,100,99980,100,100057,100,99957,100,100075,100,99955,100,100080,100,99950,100,100084,100,99939,100,100114,100,99933,100,100115,100,99926,100,100119,100,99914,100
2019-06-28 09:34:07.678294711,100014,784,99986,584,100022,100,99981,100,100057,100,99980,100,100075,100,99957,100,100080,100,99955,100,100084,100,99950,100,100114,100,99939,100,100115,100,99933,100,100119,100,99926,100,100126,100,99914,100
2019-06-28 09:34:10.000000000,100014,397,99986,197,100022,197,99981,197,100057,197,99980,197,100075,197,99957,197,100080,197,99955,197,100084,100,99950,100,100114,100,99939,100,100115,100,99933,100,100119,100,99926,100,100126,100,99914,100
2019-06-28 09:34:20.000000000,100014,784,99986,584,100022,100,99981,100,100057,100,99980,100,100075,100,99957,100,100080,100,99955,100,100084,100,99950,100,100114,100,99939,100,100115,100,99933,100,100119,100,99926,100,100126,100,99914,100
2019-06-28 09:34:30.000000000,100014,397,99986,197,100022,197,99981,197,100057,197,99980,197,100075,197,99957,197,100080,197,99955,197,100084,100,99950,100,100114,100,99939,100,100115,100,99933,100,100119,100,99926,100,100126,100,99914,100
2019-06-28 09:34:32.013214435,100014,397,99986,197,100022,197,99981,197,100057,197,99980,197,100075,197,99957,197,100080,197,99955,197,100084,100,99939,100,100114,100,99933,100,100115,100,99926,100,100119,100,99914,100,100126,100,99912,100
2019-06-28 09:34:40.000000000,100014,397,99986,197,100022,197,99981,197,100057,197,99980,197,100075,197,99957,197,100080,197,99955,197,100084,100,99939,100,100114,100,99933,100,100115,100,99926,100,100119,100,99914,100,100126,100,99912,100
2019-06-28 09:34:46.651856983,100014,497,99986,197,100022,197,99981,197,100057,197,99980,197,100075,197,99957,197,100080,197,99955,197,100084,100,99939,100,100114,100,99933,100,100115,100,99926,100,100119,100,99914,100,100126,100,99912,100
2019-06-28 09:34:50.000000000,100014,497,99986,197,100022,197,99981,197,100057,197,99980,197,100075,197,99957,197,100080,197,99955,197,100084,100,99939,100,100114,100,99933,100,100115,100,99926,100,100119,100,99914,100,100126,100,99912,100
2019-06-28 09:35:00.000000000,100014,565,99986,265,100022,260,99981,260,100057,260,99980,260,100075,100,99957,100,100080,100,99955,100,100084,100,99939,100,100114,100,99933,100,100115,100,99926,100,100119,100,99914,100,100126,100,99912,100
2019-06-28 09:35:10.000000000,100014,521,99986,221,100022,221,99981,221,100057,221,99980,221,100075,221,99957,221,100080,100,99955,100,100084,100,99939,100,100114,100,99933,100,100115,100,99926,100,100119,100,99914,100,100126,100,99912,100
2019-06-28 09:35:18.762382179,100014,521,99986,121,100022,221,99981,221,100057,221,99980,221,100075,221,99957,221,100080,100,99955,100,100084,100,99939,100,100114,100,99933,100,100115,100,99926,100,100119,100,99914,100,100126,100,99912,100
2019-06-28 09:35:20.000000000,100014,521,99981,221,100022,221,99980,221,100057,221,99957,221,100075,221,99955,221,100080,100,99939,100,100084,100,99933,100,100114,100,99926,100,100115,100,99914,100,100119,100,99912,100,100126,100,99909,100
2019-06-28 09:35:24.514531677,100014,521,99981,121,100022,221,99980,221,100057,221,99957,221,100075,221,99955,221,100080,100,99939,100,100084,100,99933,100,100114,100,99926,100,100115,100,99914,100,100119,100,99912,100,100126,100,99909,100
2019-06-28 09:35:28.657837988,100014,521,99981,21,100022,221,99980,221,100057,221,99957,221,100075,221,99955,221,100080,100,99939,100,100084,100,99933,100,100114,100,99926,100,100115,100,99914,100,100119,100,99912,100,100126,100,99909,100
2019-06-28 09:35:30.000000000,100014,521,99980,221,100022,221,99957,221,100057,221,99955,221,100075,221,99939,221,100080,100,99933,100,100084,100,99926,100,100114,100,99914,100,100115,100,99912,100,100119,100,99909,100,100126,100,99893,100
2019-06-28 09:35:40.000000000,100014,642,99980,342,100022,342,99957,342,100057,100,99955,100,100075,100,99939,100,100080,100,99933,100,100084,100,99926,100,100114,100,99914,100,100115,100,99912,100,100119,100,99909,100,100126,100,99893,100
2019-06-28 09:35:44.453991009,100014,642,99980,342,100022,342,99957,342,100075,100,99955,100,100080,100,99939,100,100084,100,99933,100,100114,100,99926,100,100115,100,99914,100,100119,100,99912,100,100126,100,99909,100,100131,100,99893,100
2019-06-28 09:35:50.000000000,100014,565,99980,265,100022,260,99957,260,100075,260,99955,260,100080,100,99939,100,100084,100,99933,100,100114,100,99926,100,100115,100,99914,100,100119,100,99912,100,100126,100,99909,100,100131,100,99893,100
2019-06-28 09:36:00.000000000,100014,642,99980,342,100022,342,99957,342,100075,100,99955,100,100080,100,99939,100,100084,100,99933,100,100114,100,99926,100,100115,100,99914,100,100119,100,99912,100,100126,100,99909,100,100131,100,99893,100
2019-06-28 09:36:08.265054025,100014,642,99980,342,100022,342,99957,242,100075,100,99955,100,100080,100,99939,100,100084,100,99933,100,100114,100,99926,100,100115,100,99914,100,100119,100,99912,100,100126,100,99909,100,100131,100,99893,100
2019-06-28 09:36:10.000000000,100014,642,99980,342,100022,342,99955,342,100075,100,99939,100,100080,100,99933,100,100084,100,99926,100,100114,100,99914,100,100115,100,99912,100,100119,100,99909,100,100126,100,99893,100,100131,100,99889,100
2019-06-28 09:36:15.170138262,100014,642,99980,242,100022,342,99955,342,100080,100,99939,100,100084,100,99933,100,100114,100,99926,100,100115,100,99914,100,100119,100,99912,100,100126,100,99909,100,100131,100,99893,100,100137,100,99889,100
2019-06-28 09:36:18.980897429,100014,642,99980,242,100022,342,99955,342,100080,100,99939,100,100084,100,99933,100,100114,100,99926,100,100115,100,99914,100,100119,100,99912,100,100126,100,99909,100,100131,100,99893,100,100137,100,99889,100
2019-06-28 09:36:20.000000000,100014,497,99955,197,100022,197,99939,197,100080,197,99933,197,100084,197,99926,197,100114,197,99914,197,100115,100,99912,100,100119,100,99909,100,100126,100,99893,100,100131,100,99889,100,100137,100,99884,100
2019-06-28 09:36:24.698099303,100014,497,99955,97,100022,197,99939,197,100080,197,99933,197,100084,197,99926,197,100114,197,99914,197,100115,100,99912,100,100119,100,99909,100,100126,100,99893,100,100131,100,99889,100,100137,100,99856,100
2019-06-28 09:36:30.000000000,100014,521,99939,221,100022,221,99933,221,100080,221,99926,221,100084,221,99914,221,100114,100,99912,100,100115,100,99909,100,100119,100,99893,100,100126,100,99889,100,100131,100,99856,100,100137,100,99828,100
2019-06-28 09:36:40.000000000,100014,642,99939,342,100022,342,99933,342,100080,100,99926,100,100084,100,99914,100,100114,100,99912,100,100115,100,99909,100,100119,100,99893,100,100126,100,99889,100,100131,100,99856,100,100137,100,99828,100
2019-06-28 09:36:43.041926813,99980,100,99939,342,100014,642,99933,342,100022,342,99926,100,100080,100,99914,100,100084,100,99912,100,100114,100,99909,100,100115,100,99893,100,100119,100,99889,100,100126,100,99856,100,100131,100,99828,100
2019-06-28 09:36:50.000000000,99980,197,99939,197,100014,497,99933,197,100022,197,99926,197,100080,197,99914,197,100084,197,99912,197,100114,100,99909,100,100115,100,99893,100,100119,100,99889,100,100126,100,99856,100,100131,100,99828,100
2019-06-28 09:36:54.938018677,99980,297,99939,197,100014,497,99933,197,100022,197,99926,197,100080,197,99914,197,100084,197,99912,197,100114,100,99909,100,100115,100,99893,100,100119,100,99889,100,100126,100,99856,100,100131,100,99828,100
2019-06-28 09:36:59.953041980,99980,297,99939,97,100014,497,99933,197,100022,197,99926,197,100080,197,99914,197,100084,197,99912,197,100114,100,99909,100,100115,100,99893,100,100119,100,99889,100,100126,100,99856,100,100131,100,99828,100
2019-06-28 09:37:00.000000000,99980,442,99933,342,100014,642,99926,342,100022,100,99914,100,100080,100,99912,100,100084,100,99909,100,100114,100,99893,100,100115,100,99889,100,100119,100,99856,100,100126,100,99828,100,100131,100,99808,100
2019-06-28 09:37:10.000000000,99980,365,99933,265,100014,560,99926,260,100022,260,99914,260,100080,100,99912,100,100084,100,99909,100,100114,100,99893,100,100115,100,99889,100,100119,100,99856,100,100126,100,99828,100,100131,100,99808,100
2019-06-28 09:37:19.927503652,99980,365,99933,165,100014,560,99926,260,100022,260,99914,260,100080,100,99912,100,100084,100,99909,100,100114,100,99893,100,100115,100,99889,100,100119,100,99856,100,100126,100,99828,100,100131,100,99808,100
2019-06-28 09:37:20.000000000,99980,297,99926,197,100014,497,99914,197,100022,197,99912,197,100080,197,99909,197,100084,197,99893,197,100114,100,99889,100,100115,100,99856,100,100119,100,99828,100,100126,100,99808,100,100131,100,99792,100
2019-06-28 09:37:20.710237376,99980,297,99926,197,100014,497,99914,197,100022,197,99912,197,100080,197,99909,197,100084,197,99893,197,100114,100,99889,100,100115,100,99856,100,100119,100,99828,100,100126,100,99808,100,100131,100,99792,100
2019-06-28 09:37:29.219297597,99980,297,99926,97,100014,497,99914,197,100022,197,99912,197,100080,197,99909,197,100084,197,99893,197,100114,100,99889,100,100115,100,99856,100,100119,100,99828,100,100126,100,99808,100,100131,100,99792,100
2019-06-28 09:37:30.000000000,99980,365,99914,265,100014,560,99912,260,100022,260,99909,260,100080,100,99893,100,100084,100,99889,100,100114,100,99856,100,100115,100,99828,100,100119,100,99808,100,100126,100,99792,100,100131,100,99758,100
2019-06-28 09:37:40.000000000,99980,365,99914,265,100014,560,99912,260,100022,260,99909,260,100080,100,99893,100,100084,100,99889,100,100114,100,99856,100,100115,100,99828,100,100119,100,99808,100,100126,100,99792,100,100131,100,99758,100
2019-06-28 09:37:50.000000000,99980,442,99914,342,100014,642,99912,342,100022,100,99909,100,100080,100,99893,100,100084,100,99889,100,100114,100,99856,100,100115,100,99828,100,100119,100,99808,100,100126,100,99792,100,100131,100,99758,100
2019-06-28 09:38:00.000000000,99980,442,99914,342,100014,642,99912,342,100022,100,99909,100,100080,100,99893,100,100084,100,99889,100,100114,100,99856,100,100115,100,99828,100,100119,100,99808,100,100126,100,99792,100,100131,100,99758,100
2019-06-28 09:38:00.443162210,99980,442,99914,342,100014,642,99912,342,100022,100,99909,100,100080,100,99893,100,100084,100,99889,100,100114,100,99856,100,100115,100,99828,100,100119,100,99808,100,100126,100,99792,100,100131,100,99758,100
2019-06-28 09:38:04.524733439,99933,100,99914,342,99980,442,99912,342,100014,642,99909,100,100022,100,99893,100,100080,100,99889,100,100084,100,99856,100,100114,100,99828,100,100115,100,99808,100,100119,100,99792,100,100126,100,99758,100
2019-06-28 09:38:10.000000000,99933,221,99914,221,99980,321,99912,221,100014,521,99909,221,100022,221,99893,221,100080,100,99889,100,100084,100,99856,100,100114,100,99828,100,100115,100,99808,100,100119,100,99792,100,100126,100,99758,100
2019-06-28 09:38:14.144373565,99933,221,99914,221,99980,321,99912,221,100014,521,99909,221,100022,221,99893,221,100080,100,99889,100,100084,100,99856,100,100114,100,99828,100,100115,100,99808,100,100119,100,99792,100,100126,100,99758,100
2019-06-28 09:38:20.000000000,99933,342,99914,342,99980,442,99912,342,100014,400,99909,100,100022,100,99893,100,100080,100,99889,100,100084,100,99856,100,100114,100,99828,100,100115,100,99808,100,100119,100,99792,100,100126,100,99758,100
2019-06-28 09:38:30.000000000,99933,197,99914,197,99980,297,99912,197,100014,497,99909,197,100022,197,99893,197,100080,197,99889,197,100084,100,99856,100,100114,100,99828,100,100115,100,99808,100,100119,100,99792,100,100126,100,99758,100
2019-06-28 09:38:30.263976548,99933,197,99914,197,99980,297,99912,197,100014,497,99909,197,100022,97,99893,197,100080,197,99889,197,100084,100,99856,100,100114,100,99828,100,100115,100,99808,100,100119,100,99792,100,100126,100,99758,100
2019-06-28 09:38:40.000000000,99933,197,99914,197,99980,297,99912,197,100014,497,99909,197,100080,197,99893,197,100084,197,99889,197,100114,100,99856,100,100115,100,99828,100,100119,100,99808,100,100126,100,99792,100,100131,100,99758,100
2019-06-28 09:38:50.000000000,99933,342,99914,342,99980,442,99912,342,100014,400,99909,100,100080,100,99893,100,100084,100,99889,100,100114,100,99856,100,100115,100,99828,100,100119,100,99808,100,100126,100,99792,100,100131,100,99758,100
2019-06-28 09:39:00.000000000,99933,342,99914,342,99980,442,99912,342,100014,400,99909,100,100080,100,99893,100,100084,100,99889,100,100114,100,99856,100,100115,100,99828,100,100119,100,99808,100,100126,100,99792,100,100131,100,99758,100
2019-06-28 09:39:02.510424280,99933,442,99914,342,99980,442,99912,342,100014,400,99909,100,100080,100,99893,100,100084,100,99889,100,100114,100,99856,100,100115,100,99828,100,100119,100,99808,100,100126,100,99792,100,100131,100,99758,100
2019-06-28 09:39:10.000000000,99933,321,99914,221,99980,321,99912,221,100014,521,99909,221,100080,221,99893,221,100084,100,99889,100,100114,100,99856,100,100115,100,99828,100,100119,100,99808,100,100126,100,99792,100,100131,100,99758,100
2019-06-28 09:39:20.000000000,99933,684,99914,584,99980,200,99912,100,100014,400,99909,100,100080,100,99893,100,100084,100,99889,100,100114,100,99856,100,100115,100,99828,100,100119,100,99808,100,100126,100,99792,100,100131,100,99758,100
2019-06-28 09:39:30.000000000,99933,321,99914,221,99980,321,99912,221,100014,521,99909,221,100080,221,99893,221,100084,100,99889,100,100114,100,99856,100,100115,100,99828,100,100119,100,99808,100,100126,100,99792,100,100131,100,99758,100
2019-06-28 09:39:34.875406429,99933,321,99914,221,99980,321,99912,221,100014,521,99909,221,100080,221,99893,221,100084,100,99889,100,100114,100,99856,100,100115,100,99828,100,100119,100,99808,100,100126,100,99792,100,100131,100,99758,100
2019-06-28 09:39:39.315282765,99933,321,99914,221,99980,321,99912,221,100014,521,99909,221,100080,221,99893,221,100084,100,99889,100,100114,100,99856,100,100115,100,99828,100,100119,100,99808,100,100126,100,99792,100,100131,100,99758,100
2019-06-28 09:39:40.000000000,99933,442,99914,342,99980,442,99912,342,100014,400,99909,100,100080,100,99893,100,100084,100,99889,100,100114,100,99856,100,100115,100,99828,100,100119,100,99808,100,100126,100,99792,100,100131,100,99758,100
2019-06-28 09:39:48.851595686,99933,442,99914,242,99980,442,99912,342,100014,400,99909,100,100080,100,99889,100,100084,100,99856,100,100114,100,99828,100,100115,100,99808,100,100119,100,99792,100,100126,100,99758,100,100131,100,99747,100
2019-06-28 09:39:50.000000000,99933,365,99912,265,99980,360,99909,260,100014,560,99889,260,100080,100,99856,100,100084,100,99828,100,100114,100,99808,100,100115,100,99792,100,100119,100,99758,100,100126,100,99747,100,100131,100,99735,100
2019-06-28 09:39:50.616165480,99933,365,99912,165,99980,360,99909,260,100014,560,99889,260,100080,100,99856,100,100084,100,99828,100,100114,100,99808,100,100115,100,99792,100,100119,100,99758,100,100126,100,99747,100,100131,100,99735,100
2019-06-28 09:40:00.000000000,99933,321,99909,221,99980,321,99889,221,100014,521,99856,221,100080,221,99828,221,100084,100,99808,100,100114,100,99792,100,100115,100,99758,100,100119,100,99747,100,100126,100,99735,100,100131,100,99718,100
2019-06-28 09:40:10.000000000,99933,442,99909,342,99980,442,99889,342,100014,400,99856,100,100080,100,99828,100,100084,100,99808,100,100114,100,99792,100,100115,100,99758,100,100119,100,99747,100,100126,100,99735,100,100131,100,99718,100
2019-06-28 09:40:10.206040852,99933,442,99909,242,99980,442,99889,342,100014,400,99856,100,100080,100,99828,100,100084,100,99808,100,100114,100,99792,100,100115,100,99758,100,100119,100,99747,100,100126,100,99735,100,100131,100,99718,100
2019-06-28 09:40:13.973150239,99933,442,99909,242,99980,442,99889,342,100014,300,99856,100,100080,100,99828,100,100084,100,99808,100,100114,100,99792,100,100115,100,99758,100,100119,100,99747,100,100126,100,99735,100,100131,100,99718,100
2019-06-28 09:40:18.531052422,99914,100,99909,242,99933,442,99889,342,99980,442,99856,100,100014,300,99828,100,100080,100,99808,100,100084,100,99792,100,100114,100,99758,100,100115,100,99747,100,100119,100,99735,100,100126,100,99718,100
2019-06-28 09:40:18.967979331,99914,100,99909,142,99933,442,99889,342,99980,442,99828,100,100014,300,99808,100,100080,100,99792,100,100084,100,99758,100,100114,100,99747,100,100115,100,99735,100,100119,100,99718,100,100126,100,99683,100
2019-06-28 09:40:20.000000000,99914,221,99889,221,99933,321,99828,221,99980,321,99808,221,100014,421,99792,221,100080,100,99758,100,100084,100,99747,100,100114,100,99735,100,100115,100,99718,100,100119,100,99683,100,100126,100,99611,100
2019-06-28 09:40:30.000000000,99914,342,99889,342,99933,442,99828,342,99980,200,99808,100,100014,300,99792,100,100080,100,99758,100,100084,100,99747,100,100114,100,99735,100,100115,100,99718,100,100119,100,99683,100,100126,100,99611,100
2019-06-28 09:40:40.000000000,99914,584,99889,584,99933,200,99828,100,99980,200,99808,100,100014,300,99792,100,100080,100,99758,100,100084,100,99747,100,100114,100,99735,100,100115,100,99718,100,100119,100,99683,100,100126,100,99611,100
2019-06-28 09:40:43.388072346,99914,584,99889,484,99933,200,99828,100,99980,200,99808,100,100014,300,99792,100,100080,100,99758,100,100084,100,99747,100,100114,100,99735,100,100115,100,99718,100,100119,100,99683,100,100131,100,99611,100
2019-06-28 09:40:50.000000000,99914,221,99828,221,99933,321,99808,221,99980,321,99792,221,100014,421,99758,221,100080,100,99747,100,100084,100,99735,100,100114,100,99718,100,100115,100,99683,100,100119,100,99611,100,100131,100,99511,100
2019-06-28 09:40:50.751272936,99914,221,99828,121,99933,321,99808,221,99980,321,99792,221,100014,421,99758,221,100080,100,99747,100,100084,100,99735,100,100114,100,99718,100,100115,100,99683,100,100119,100,99611,100,100131,100,99511,100
2019-06-28 09:41:00.000000000,99914,584,99808,584,99933,200,99792,100,99980,200,99758,100,100014,300,99747,100,100080,100,99735,100,100084,100,99718,100,100114,100,99683,100,100115,100,99611,100,100119,100,99511,100,100131,100,99509,100
2019-06-28 09:41:10.000000000,99914,221,99808,221,99933,321,99792,221,99980,321,99758,221,100014,421,99747,221,100080,100,99735,100,100084,100,99718,100,100114,100,99683,100,100115,100,99611,100,100119,100,99511,100,100131,100,99509,100
2019-06-28 09:41:15.631008095,99914,221,99808,121,99933,321,99792,221,99980,321,99758,221,100014,421,99747,221,100080,100,99735,100,100084,100,99718,100,100114,100,99683,100,100115,100,99611,100,100119,100,99511,100,100131,100,99509,100
2019-06-28 09:41:20.000000000,99914,265,99792,265,99933,360,99758,260,99980,360,99747,260,100014,300,99735,100,100080,100,99718,100,100084,100,99683,100,100114,100,99611,100,100115,100,99511,100,100119,100,99509,100,100131,100,99466,100
2019-06-28 09:41:25.272473060,99914,265,99792,265,99933,360,99758,260,99980,360,99747,260,100014,300,99735,100,100080,100,99718,100,100084,100,99683,100,100114,100,99611,100,100115,100,99511,100,100131,100,99509,100,100137,100,99466,100
2019-06-28 09:41:27.606051680,99914,265,99792,165,99933,360,99758,260,99980,360,99747,260,100014,300,99735,100,100080,100,99718,100,100084,100,99683,100,100114,100,99611,100,100115,100,99511,100,100131,100,99509,100,100137,100,99466,100
2019-06-28 09:41:30.000000000,99914,584,99758,584,99933,200,99747,100,99980,200,99735,100,100014,300,99718,100,100080,100,99683,100,100084,100,99611,100,100114,100,99511,100,100115,100,99509,100,100131,100,99466,100,100137,100,99414,100
2019-06-28 09:41:33.987490099,99914,584,99758,484,99933,200,99747,100,99980,200,99735,100,100014,300,99718,100,100080,100,99683,100,100084,100,99611,100,100114,100,99511,100,100115,100,99509,100,100131,100,99466,100,100137,100,99414,100
2019-06-28 09:41:40.000000000,99914,342,99747,342,99933,442,99735,342,99980,200,99718,100,100014,300,99683,100,100080,100,99611,100,100084,100,99511,100,100114,100,99509,100,100115,100,99466,100,100131,100,99414,100,100137,100,99344,100
2019-06-28 09:41:42.540894482,99792,100,99747,342,99914,342,99735,342,99933,442,99718,100,99980,200,99683,100,100014,200,99611,100,100080,100,99511,100,100084,100,99509,100,100114,100,99466,100,100115,100,99414,100,100131,100,99344,100
2019-06-28 09:41:50.000000000,99792,265,99747,265,99914,260,99735,260,99933,360,99718,260,99980,200,99683,100,100014,200,99611,100,100080,100,99511,100,100084,100,99509,100,100114,100,99466,100,100115,100,99414,100,100131,100,99344,100
2019-06-28 09:41:51.582566130,99792,265,99747,265,99914,260,99735,260,99933,360,99718,260,99980,200,99683,100,100014,200,99611,100,100080,100,99511,100,100084,100,99509,100,100114,100,99466,100,100115,100,99414,100,100131,100,99397,100
2019-06-28 09:42:00.000000000,99792,221,99747,221,99914,221,99735,221,99933,321,99718,221,99980,321,99683,221,100014,200,99611,100,100080,100,99511,100,100084,100,99509,100,100114,100,99466,100,100115,100,99414,100,100131,100,99397,100
2019-06-28 09:42:06.957239153,99792,221,99747,121,99914,221,99735,221,99933,321,99718,221,99980,321,99683,221,100014,200,99611,100,100080,100,99511,100,100084,100,99509,100,100114,100,99466,100,100115,100,99414,100,100131,100,99397,100
2019-06-28 09:42:10.000000000,99792,265,99735,265,99914,260,99718,260,99933,360,99683,260,99980,200,99611,100,100014,200,99511,100,100080,100,99509,100,100084,100,99466,100,100114,100,99414,100,100115,100,99397,100,100131,100,99344,100
2019-06-28 09:42:18.533826097,99758,100,99735,265,99792,165,99718,260,99914,260,99683,260,99933,360,99611,100,99980,200,99511,100,100014,200,99509,100,100080,100,99466,100,100084,100,99414,100,100114,100,99397,100,100115,100,99344,100
2019-06-28 09:42:20.000000000,99758,584,99735,584,99914,100,99718,100,99933,200,99683,100,99980,200,99611,100,100014,200,99511,100,100080,100,99509,100,100084,100,99466,100,100114,100,99414,100,100115,100,99397,100,100131,100,99344,100
2019-06-28 09:42:30.000000000,99758,342,99735,342,99914,342,99718,342,99933,200,99683,100,99980,200,99611,100,100014,200,99511,100,100080,100,99509,100,100084,100,99466,100,100114,100,99414,100,100115,100,99397,100,100131,100,99344,100
2019-06-28 09:42:35.306203890,99758,442,99735,342,99914,342,99718,342,99933,200,99683,100,99980,200,99611,100,100014,200,99511,100,100080,100,99509,100,100084,100,99466,100,100114,100,99414,100,100115,100,99397,100,100131,100,99344,100
2019-06-28 09:42:40.000000000,99758,321,99735,221,99914,221,99718,221,99933,321,99683,221,99980,321,99611,221,100014,200,99511,100,100080,100,99509,100,100084,100,99466,100,100114,100,99414,100,100115,100,99397,100,100131,100,99344,100
2019-06-28 09:42:48.958635225,99758,321,99735,121,99914,221,99718,221,99933,321,99683,221,99980,321,99611,221,100014,200,99511,100,100080,100,99509,100,100084,100,99466,100,100114,100,99414,100,100115,100,99397,100,100131,100,99344,100
2019-06-28 09:42:50.000000000,99758,442,99718,342,99914,342,99683,342,99933,200,99611,100,99980,200,99511,100,100014,200,99509,100,100080,100,99466,100,100084,100,99414,100,100114,100,99397,100,100115,100,99344,100,100131,100,99328,100
2019-06-28 09:42:53.536906508,99758,442,99718,342,99914,342,99683,342,99933,200,99611,100,99980,200,99511,100,100014,200,99509,100,100080,100,99466,100,100084,100,99414,100,100114,100,99397,100,100115,100,99344,100,100131,100,99328,100
2019-06-28 09:42:55.171130132,99758,442,99718,342,99914,342,99683,342,99933,200,99611,100,99980,200,99511,100,100014,200,99509,100,100080,100,99466,100,100084,100,99414,100,100114,100,99397,100,100115,100,99344,100,100131,100,99328,100
2019-06-28 09:42:58.357689806,99758,442,99718,342,99914,342,99683,342,99933,200,99611,100,99980,200,99511,100,100014,200,99509,100,100080,100,99466,100,100084,100,99414,100,100114,100,99397,100,100115,100,99344,100,100131,100,99328,100
2019-06-28 09:43:00.000000000,99758,684,99718,584,99914,100,99683,100,99933,200,99611,100,99980,200,99511,100,100014,200,99509,100,100080,100,99466,100,100084,100,99414,100,100114,100,99397,100,100115,100,99344,100,100131,100,99328,100
2019-06-28 09:43:02.671021211,99758,684,99718,584,99914,100,99683,100,99933,200,99611,100,99980,100,99511,100,100014,200,99509,100,100080,100,99466,100,100084,100,99414,100,100114,100,99397,100,100115,100,99344,100,100131,100,99328,100
2019-06-28 09:43:09.164338854,99747,100,99718,584,99758,684,99683,100,99914,100,99611,100,99933,200,99511,100,99980,100,99509,100,100014,100,99466,100,100080,100,99414,100,100084,100,99397,100,100114,100,99344,100,100115,100,99328,100
2019-06-28 09:43:10.000000000,99747,584,99718,584,99758,200,99683,100,99914,100,99611,100,99933,200,99511,100,99980,100,99509,100,100014,100,99466,100,100080,100,99414,100,100084,100,99397,100,100114,100,99344,100,100115,100,99328,100
2019-06-28 09:43:10.798138996,99747,584,99718,484,99758,200,99683,100,99914,100,99611,100,99933,200,99511,100,99980,100,99509,100,100014,100,99466,100,100080,100,99414,100,100084,100,99397,100,100114,100,99328,100,100115,100,99327,100
2019-06-28 09:43:19.654971245,99747,584,99718,384,99758,200,99683,100,99914,100,99611,100,99933,200,99511,100,99980,100,99509,100,100014,100,99466,100,100080,100,99414,100,100084,100,99397,100,100114,100,99328,100,100115,100,98867,100
2019-06-28 09:43:20.000000000,99747,221,99683,221,99758,321,99611,221,99914,221,99511,221,99933,321,99509,221,99980,100,99466,100,100014,100,99414,100,100080,100,99397,100,100084,100,99328,100,100114,100,98867,100,100115,100,98767,100
2019-06-28 09:43:25.649914073,99747,221,99683,221,99758,321,99611,221,99914,221,99511,221,99933,321,99509,221,99980,100,99466,100,100014,100,99414,100,100080,100,99397,100,100084,100,99328,100,100114,100,98867,100,100115,100,98836,100
2019-06-28 09:43:30.000000000,99747,197,99683,197,99758,297,99611,197,99914,197,99511,197,99933,297,99509,197,99980,197,99466,197,100014,100,99414,100,100080,100,99397,100,100084,100,99328,100,100114,100,98867,100,100115,100,98836,100
2019-06-28 09:43:30.384566577,99747,197,99683,97,99758,297,99611,197,99914,197,99511,197,99933,297,99509,197,99980,197,99466,197,100014,100,99414,100,100080,100,99397,100,100084,100,99328,100,100114,100,98867,100,100115,100,98836,100
2019-06-28 09:43:40.000000000,99747,584,99611,584,99758,200,99511,100,99914,100,99509,100,99933,200,99466,100,99980,100,99414,100,100014,100,99397,100,100080,100,99328,100,100084,100,98867,100,100114,100,98836,100,100115,100,98767,100
2019-06-28 09:43:50.000000000,99747,197,99611,197,99758,297,99511,197,99914,197,99509,197,99933,297,99466,197,99980,197,99414,197,100014,100,99397,100,100080,100,99328,100,100084,100,98867,100,100114,100,98836,100,100115,100,98767,100
2019-06-28 09:43:56.721566363,99747,197,99611,197,99758,297,99511,197,99914,197,99509,197,99933,197,99466,197,99980,197,99414,197,100014,100,99397,100,100080,100,99328,100,100084,100,98867,100,100114,100,98836,100,100115,100,98767,100
2019-06-28 09:44:00.000000000,99747,197,99611,197,99758,297,99511,197,99914,197,99509,197,99933,197,99466,197,99980,197,99414,197,100014,100,99397,100,100080,100,99328,100,100084,100,98867,100,100114,100,98836,100,100115,100,98767,100
2019-06-28 09:44:10.000000000,99747,221,99611,221,99758,321,99511,221,99914,221,99509,221,99933,221,99466,221,99980,100,99414,100,100014,100,99397,100,100080,100,99328,100,100084,100,98867,100,100114,100,98836,100,100115,100,98767,100
2019-06-28 09:44:10.828820843,99747,221,99611,221,99758,321,99511,221,99914,221,99509,221,99933,221,99466,221,99980,100,99414,100,100014,100,99397,100,100080,100,99347,100,100084,100,99328,100,100114,100,98867,100,100115,100,98836,100
2019-06-28 09:44:20.000000000,99747,221,99611,221,99758,321,99511,221,99914,221,99509,221,99933,221,99466,221,99980,100,99414,100,100014,100,99397,100,100080,100,99347,100,100084,100,99328,100,100114,100,98867,100,100115,100,98836,100
2019-06-28 09:44:20.243512637,99747,221,99684,100,99758,321,99611,221,99914,221,99511,221,99933,221,99509,221,99980,100,99466,221,100014,100,99414,100,100080,100,99397,100,100084,100,99347,100,100114,100,99328,100,100115,100,98867,100
2019-06-28 09:44:30.000000000,99747,221,99684,221,99758,321,99611,221,99914,221,99511,221,99933,221,99509,221,99980,100,99466,100,100014,100,99414,100,100080,100,99397,100,100084,100,99347,100,100114,100,99328,100,100115,100,98867,100
2019-06-28 09:44:40.000000000,99747,584,99684,584,99758,200,99611,100,99914,100,99511,100,99933,100,99509,100,99980,100,99466,100,100014,100,99414,100,100080,100,99397,100,100084,100,99347,100,100114,100,99328,100,100115,100,98867,100
2019-06-28 09:44:50.000000000,99747,584,99684,584,99758,200,99611,100,99914,100,99511,100,99933,100,99509,100,99980,100,99466,100,100014,100,99414,100,100080,100,99397,100,100084,100,99347,100,100114,100,99328,100,100115,100,98867,100
2019-06-28 09:45:00.000000000,99747,342,99684,342,99758,442,99611,342,99914,100,99511,100,99933,100,99509,100,99980,100,99466,100,100014,100,99414,100,100080,100,99397,100,100084,100,99347,100,100114,100,99328,100,100115,100,98867,100
2019-06-28 09:45:10.000000000,99747,221,99684,221,99758,321,99611,221,99914,221,99511,221,99933,221,99509,221,99980,100,99466,100,100014,100,99414,100,100080,100,99397,100,100084,100,99347,100,100114,100,99328,100,100115,100,98867,100
2019-06-28 09:45:20.000000000,99747,197,99684,197,99758,297,99611,197,99914,197,99511,197,99933,197,99509,197,99980,197,99466,197,100014,100,99414,100,100080,100,99397,100,100084,100,99347,100,100114,100,99328,100,100115,100,98867,100
2019-06-28 09:45:30.000000000,99747,197,99684,197,99758,297,99611,197,99914,197,99511,197,99933,197,99509,197,99980,197,99466,197,100014,100,99414,100,100080,100,99397,100,100084,100,99347,100,100114,100,99328,100,100115,100,98867,100
2019-06-28 09:45:31.546356423,99747,197,99684,297,99758,297,99611,197,99914,197,99511,197,99933,197,99509,197,99980,197,99466,197,100014,100,99414,100,100080,100,99397,100,100084,100,99347,100,100114,100,99328,100,100115,100,98867,100
2019-06-28 09:45:32.600238140,99747,97,99684,297,99758,297,99611,197,99914,197,99511,197,99933,197,99509,197,99980,197,99466,197,100014,100,99414,100,100080,100,99397,100,100084,100,99347,100,100114,100,99328,100,100115,100,98867,100
2019-06-28 09:45:34.811806709,99747,97,99684,297,99758,297,99611,197,99914,197,99511,197,99933,197,99509,197,99980,197,99466,197,100014,100,99414,100,100080,100,99397,100,100084,100,99347,100,100114,100,99328,100,100115,100,98867,100
2019-06-28 09:45:40.000000000,99758,321,99684,321,99914,221,99611,221,99933,221,99511,221,99980,221,99509,221,100014,100,99466,100,100080,100,99414,100,100084,100,99397,100,100114,100,99347,100,100115,100,99328,100,100131,100,98867,100
2019-06-28 09:45:50.000000000,99758,297,99684,297,99914,197,99611,197,99933,197,99511,197,99980,197,99509,197,100014,197,99466,197,100080,100,99414,100,100084,100,99397,100,100114,100,99347,100,100115,100,99328,100,100131,100,98867,100
2019-06-28 09:46:00.000000000,99758,297,99684,297,99914,197,99611,197,99933,197,99511,197,99980,197,99509,197,100014,197,99466,197,100080,100,99414,100,100084,100,99397,100,100114,100,99347,100,100115,100,99328,100,100131,100,98867,100
2019-06-28 09:46:10.000000000,99758,684,99684,684,99914,100,99611,100,99933,100,99511,100,99980,100,99509,100,100014,100,99466,100,100080,100,99414,100,100084,100,99397,100,100114,100,99347,100,100115,100,99328,100,100131,100,98867,100
2019-06-28 09:46:20.000000000,99758,321,99684,321,99914,221,99611,221,99933,221,99511,221,99980,221,99509,221,100014,100,99466,100,100080,100,99414,100,100084,100,99397,100,100114,100,99347,100,100115,100,99328,100,100131,100,98867,100
2019-06-28 09:46:22.151725353,99758,321,99684,321,99914,221,99661,100,99933,221,99611,221,99980,221,99511,221,100014,100,99509,221,100080,100,99466,100,100084,100,99414,100,100114,100,99397,100,100115,100,99347,100,100131,100,99328,100
2019-06-28 09:46:24.116887044,99758,321,99684,321,99914,221,99661,100,99933,221,99611,221,99980,221,99511,221,100014,100,99509,221,100080,100,99466,100,100084,100,99414,100,100114,100,99397,100,100115,100,99347,100,100131,100,99328,100
2019-06-28 09:46:30.000000000,99758,297,99684,297,99914,197,99661,197,99933,197,99611,197,99980,197,99511,197,100014,197,99509,197,100080,100,99466,100,100084,100,99414,100,100114,100,99397,100,100115,100,99347,100,100131,100,99328,100
2019-06-28 09:46:40.000000000,99758,442,99684,442,99914,342,99661,342,99933,100,99611,100,99980,100,99511,100,100014,100,99509,100,100080,100,99466,100,100084,100,99414,100,100114,100,99397,100,100115,100,99347,100,100131,100,99328,100
2019-06-28 09:46:46.794002645,99758,442,99684,442,99914,342,99661,342,99933,100,99611,100,99980,100,99511,100,100014,100,99509,100,100084,100,99466,100,100114,100,99414,100,100115,100,99397,100,100131,100,99347,100,100137,100,99328,100
2019-06-28 09:46:50.000000000,99758,297,99684,297,99914,197,99661,197,99933,197,99611,197,99980,197,99511,197,100014,197,99509,197,100084,100,99466,100,100114,100,99414,100,100115,100,99397,100,100131,100,99347,100,100137,100,99328,100
2019-06-28 09:47:00.000000000,99758,365,99684,365,99914,260,99661,260,99933,260,99611,260,99980,100,99511,100,100014,100,99509,100,100084,100,99466,100,100114,100,99414,100,100115,100,99397,100,100131,100,99347,100,100137,100,99328,100
2019-06-28 09:47:05.722000887,99758,265,99684,365,99914,260,99661,260,99933,260,99611,260,99980,100,99511,100,100014,100,99509,100,100084,100,99466,100,100114,100,99414,100,100115,100,99397,100,100131,100,99347,100,100137,100,98867,100
2019-06-28 09:47:07.790305013,99758,165,99684,365,99914,260,99661,260,99933,260,99611,260,99980,100,99511,100,100014,100,99509,100,100084,100,99466,100,100114,100,99414,100,100115,100,99397,100,100131,100,99347,100,100137,100,98867,100
2019-06-28 09:47:10.000000000,99914,265,99684,365,99933,260,99661,260,99980,260,99611,260,100014,100,99511,100,100084,100,99509,100,100114,100,99466,100,100115,100,99414,100,100131,100,99397,100,100137,100,99347,100,100161,100,98867,100
2019-06-28 09:47:20.000000000,99914,342,99684,442,99933,342,99661,342,99980,100,99611,100,100014,100,99511,100,100084,100,99509,100,100114,100,99466,100,100115,100,99414,100,100131,100,99397,100,100137,100,99347,100,100161,100,98867,100
2019-06-28 09:47:28.138376196,99914,342,99684,442,99933,342,99661,342,99980,100,99611,100,100014,100,99511,100,100084,100,99509,100,100114,100,99466,100,100115,100,99414,100,100131,100,99397,100,100137,100,99347,100,100161,100,98867,100
2019-06-28 09:47:30.000000000,99914,342,99684,442,99933,342,99661,342,99980,100,99611,100,100014,100,99511,100,100084,100,99509,100,100114,100,99466,100,100115,100,99414,100,100131,100,99397,100,100137,100,99347,100,100161,100,98867,100
2019-06-28 09:47:40.000000000,99914,342,99684,442,99933,342,99661,342,99980,100,99611,100,100014,100,99511,100,100084,100,99509,100,100114,100,99466,100,100115,100,99414,100,100131,100,99397,100,100137,100,99347,100,100161,100,98867,100
2019-06-28 09:47:46.329223378,99914,342,99758,100,99933,342,99684,442,99980,100,99661,342,100014,100,99611,100,100084,100,99511,100,100114,100,99509,100,100115,100,99466,100,100131,100,99414,100,100137,100,99397,100,100161,100,99347,100
2019-06-28 09:47:50.000000000,99914,342,99758,342,99933,342,99684,442,99980,100,99661,100,100014,100,99611,100,100084,100,99511,100,100114,100,99509,100,100115,100,99466,100,100131,100,99414,100,100137,100,99397,100,100161,100,99347,100
2019-06-28 09:48:00.000000000,99914,221,99758,221,99933,221,99684,321,99980,221,99661,221,100014,221,99611,221,100084,100,99511,100,100114,100,99509,100,100115,100,99466,100,100131,100,99414,100,100137,100,99397,100,100161,100,99347,100
2019-06-28 09:48:10.000000000,99914,221,99758,221,99933,221,99684,321,99980,221,99661,221,100014,221,99611,221,100084,100,99511,100,100114,100,99509,100,100115,100,99466,100,100131,100,99414,100,100137,100,99397,100,100161,100,99347,100
2019-06-28 09:48:20.000000000,99914,197,99758,197,99933,197,99684,297,99980,197,99661,197,100014,197,99611,197,100084,197,99511,197,100114,100,99509,100,100115,100,99466,100,100131,100,99414,100,100137,100,99397,100,100161,100,99347,100
2019-06-28 09:48:30.000000000,99914,197,99758,197,99933,197,99684,297,99980,197,99661,197,100014,197,99611,197,100084,197,99511,197,100114,100,99509,100,100115,100,99466,100,100131,100,99414,100,100137,100,99397,100,100161,100,99347,100
2019-06-28 09:48:40.000000000,99914,342,99758,342,99933,342,99684,442,99980,100,99661,100,100014,100,99611,100,100084,100,99511,100,100114,100,99509,100,100115,100,99466,100,100131,100,99414,100,100137,100,99397,100,100161,100,99347,100
2019-06-28 09:48:47.171018331,99914,342,99758,442,99933,342,99684,442,100014,100,99661,100,100084,100,99611,100,100114,100,99511,100,100115,100,99509,100,100131,100,99466,100,100137,100,99414,100,100161,100,99397,100,100174,100,99347,100
2019-06-28 09:48:50.000000000,99914,265,99758,365,99933,260,99684,360,100014,260,99661,260,100084,100,99611,100,100114,100,99511,100,100115,100,99509,100,100131,100,99466,100,100137,100,99414,100,100161,100,99397,100,100174,100,99347,100
2019-06-28 09:49:00.000000000,99914,265,99758,365,99933,260,99684,360,100014,260,99661,260,100084,100,99611,100,100114,100,99511,100,100115,100,99509,100,100131,100,99466,100,100137,100,99414,100,100161,100,99397,100,100174,100,99347,100
2019-06-28 09:49:03.491728457,99914,265,99758,365,99933,260,99684,360,100014,260,99661,260,100084,100,99611,100,100114,100,99511,100,100115,100,99509,100,100131,100,99466,100,100137,100,99414,100,100161,100,99397,100,100174,100,99347,100
2019-06-28 09:49:09.326038728,99914,265,99758,465,99933,260,99684,360,100014,260,99661,260,100084,100,99611,100,100114,100,99511,100,100115,100,99509,100,100131,100,99466,100,100137,100,99414,100,100161,100,99397,100,100174,100,99347,100
2019-06-28 09:49:10.000000000,99914,221,99758,421,99933,221,99684,321,100014,221,99661,221,100084,221,99611,221,100114,100,99511,100,100115,100,99509,100,100131,100,99466,100,100137,100,99414,100,100161,100,99397,100,100174,100,99347,100
2019-06-28 09:49:16.807003413,99914,221,99758,521,99933,221,99684,221,100014,221,99661,221,100084,221,99611,221,100114,100,99511,100,100115,100,99509,100,100131,100,99466,100,100137,100,99414,100,100161,100,99397,100,100174,100,99347,100
2019-06-28 09:49:17.977742700,99914,221,99758,521,99933,221,99684,221,100014,221,99661,221,100084,221,99611,221,100114,100,99511,100,100115,100,99509,100,100131,100,99466,100,100137,100,99414,100,100161,100,99397,100,100174,100,99347,100
2019-06-28 09:49:19.493945766,99914,221,99758,521,99933,221,99684,221,100014,221,99661,221,100084,221,99611,221,100114,100,99511,100,100115,100,99509,100,100131,100,99466,100,100137,100,99414,100,100161,100,99397,100,100174,100,99347,100
2019-06-28 09:49:20.000000000,99914,197,99758,497,99933,197,99684,197,100014,197,99661,197,100084,197,99611,197,100114,197,99511,197,100115,100,99509,100,100131,100,99466,100,100137,100,99414,100,100161,100,99397,100,100174,100,99347,100
2019-06-28 09:49:24.120943075,99914,197,99758,497,99933,197,99684,197,100014,197,99661,197,100084,197,99611,197,100114,197,99511,197,100115,100,99509,100,100131,100,99466,100,100137,100,99414,100,100161,100,99397,100,100174,100,99347,100
2019-06-28 09:49:30.000000000,99914,584,99758,884,99933,100,99684,100,100014,100,99661,100,100084,100,99611,100,100114,100,99511,100,100115,100,99509,100,100131,100,99466,100,100137,100,99414,100,100161,100,99397,100,100174,100,99347,100
2019-06-28 09:49:34.157734063,99914,484,99758,884,99933,100,99684,100,100014,100,99661,100,100084,100,99611,100,100114,100,99511,100,100115,100,99509,100,100131,100,99466,100,100137,100,99414,100,100161,100,99397,100,100174,100,99347,100
2019-06-28 09:49:40.000000000,99933,584,99758,884,100014,100,99684,100,100084,100,99661,100,100114,100,99611,100,100115,100,99511,100,100131,100,99509,100,100137,100,99466,100,100161,100,99414,100,100174,100,99397,100,100183,100,99347,100
2019-06-28 09:49:40.903844759,99933,584,99759,100,100014,100,99758,884,100084,100,99684,100,100114,100,99661,100,100115,100,99611,100,100131,100,99511,100,100137,100,99509,100,100161,100,99466,100,100174,100,99414,100,100183,100,99397,100
2019-06-28 09:49:50.000000000,99933,265,99759,265,100014,260,99758,560,100084,260,99684,260,100114,100,99661,100,100115,100,99611,100,100131,100,99511,100,100137,100,99509,100,100161,100,99466,100,100174,100,99414,100,100183,100,99397,100
2019-06-28 09:50:00.000000000,99933,342,99759,342,100014,342,99758,642,100084,100,99684,100,100114,100,99661,100,100115,100,99611,100,100131,100,99511,100,100137,100,99509,100,100161,100,99466,100,100174,100,99414,100,100183,100,99397,100
2019-06-28 09:50:06.386369893,99933,242,99759,342,100014,342,99758,642,100084,100,99684,100,100114,100,99661,100,100115,100,99611,100,100131,100,99511,100,100137,100,99509,100,100161,100,99466,100,100174,100,99414,100,100183,100,99397,100
2019-06-28 09:50:10.000000000,100014,342,99759,342,100084,342,99758,642,100114,100,99684,100,100115,100,99661,100,100131,100,99611,100,100137,100,99511,100,100161,100,99509,100,100174,100,99466,100,100183,100,99414,100,100347,100,99397,100
2019-06-28 09:50:20.000000000,100014,342,99759,342,100084,342,99758,642,100114,100,99684,100,100115,100,99661,100,100131,100,99611,100,100137,100,99511,100,100161,100,99509,100,100174,100,99466,100,100183,100,99414,100,100347,100,99397,100
2019-06-28 09:50:26.694188118,99836,100,99759,342,100014,342,99758,642,100084,342,99684,100,100114,100,99661,100,100115,100,99611,100,100131,100,99511,100,100137,100,99509,100,100161,100,99466,100,100174,100,99414,100,100183,100,99397,100
2019-06-28 09:50:30.000000000,99836,197,99759,197,100014,197,99758,497,100084,197,99684,197,100114,197,99661,197,100115,197,99611,197,100131,100,99511,100,100137,100,99509,100,100161,100,99466,100,100174,100,99414,100,100183,100,99397,100
2019-06-28 09:50:40.000000000,99836,197,99759,197,100014,197,99758,497,100084,197,99684,197,100114,197,99661,197,100115,197,99611,197,100131,100,99511,100,100137,100,99509,100,100161,100,99466,100,100174,100,99414,100,100183,100,99397,100
2019-06-28 09:50:49.451293248,99836,197,99759,197,100014,197,99758,497,100084,197,99684,197,100114,197,99661,197,100115,197,99611,197,100131,100,99511,100,100137,100,99509,100,100161,100,99466,100,100164,100,99414,100,100174,100,99397,100
2019-06-28 09:50:50.000000000,99836,584,99759,584,100014,100,99758,400,100084,100,99684,100,100114,100,99661,100,100115,100,99611,100,100131,100,99511,100,100137,100,99509,100,100161,100,99466,100,100164,100,99414,100,100174,100,99397,100
2019-06-28 09:50:56.635744669,99836,484,99759,584,100014,100,99758,300,100084,100,99684,100,100114,100,99661,100,100115,100,99611,100,100131,100,99511,100,100137,100,99509,100,100161,100,99466,100,100164,100,99414,100,100174,100,99397,100
2019-06-28 09:51:00.000000000,100014,221,99759,221,100084,221,99758,421,100114,221,99684,221,100115,221,99661,221,100131,100,99611,100,100137,100,99511,100,100161,100,99509,100,100164,100,99466,100,100174,100,99414,100,100183,100,99397,100
2019-06-28 09:51:10.000000000,100014,342,99759,342,100084,342,99758,542,100114,100,99684,100,100115,100,99661,100,100131,100,99611,100,100137,100,99511,100,100161,100,99509,100,100164,100,99466,100,100174,100,99414,100,100183,100,99397,100
2019-06-28 09:51:12.087504497,100014,342,99836,100,100084,342,99759,342,100114,100,99758,542,100115,100,99684,100,100131,100,99661,100,100137,100,99611,100,100161,100,99511,100,100164,100,99509,100,100174,100,99466,100,100183,100,99414,100
2019-06-28 09:51:20.000000000,100014,265,99836,265,100084,260,99759,260,100114,260,99758,460,100115,100,99684,100,100131,100,99661,100,100137,100,99611,100,100161,100,99511,100,100164,100,99509,100,100174,100,99466,100,100183,100,99414,100
2019-06-28 09:51:30.000000000,100014,197,99836,197,100084,197,99759,197,100114,197,99758,397,100115,197,99684,197,100131,197,99661,197,100137,100,99611,100,100161,100,99511,100,100164,100,99509,100,100174,100,99466,100,100183,100,99414,100
2019-06-28 09:51:40.000000000,100014,584,99836,584,100084,100,99759,100,100114,100,99758,300,100115,100,99684,100,100131,100,99661,100,100137,100,99611,100,100161,100,99511,100,100164,100,99509,100,100174,100,99466,100,100183,100,99414,100
2019-06-28 09:51:50.000000000,100014,221,99836,221,100084,221,99759,221,100114,221,99758,421,100115,221,99684,221,100131,100,99661,100,100137,100,99611,100,100161,100,99511,100,100164,100,99509,100,100174,100,99466,100,100183,100,99414,100
2019-06-28 09:51:50.042457968,100014,221,99836,221,100084,221,99759,221,100114,221,99758,421,100115,221,99684,221,100131,100,99661,100,100137,100,99611,100,100161,100,99511,100,100164,100,99509,100,100174,100,99466,100,100183,100,99414,100
2019-06-28 09:51:53.774891496,100014,221,99836,221,100084,221,99759,221,100114,221,99758,421,100115,221,99684,221,100131,100,99661,100,100137,100,99611,100,100161,100,99511,100,100164,100,99509,100,100174,100,99414,100,100183,100,99397,100
2019-06-28 09:52:00.000000000,100014,197,99836,197,100084,197,99759,197,100114,197,99758,397,100115,197,99684,197,100131,197,99661,197,100137,100,99611,100,100161,100,99511,100,100164,100,99509,100,100174,100,99414,100,100183,100,99397,100
2019-06-28 09:52:01.132259243,100014,197,99836,197,100084,197,99759,197,100114,197,99758,397,100115,197,99684,197,100131,197,99661,197,100137,100,99611,100,100161,100,99509,100,100164,100,99414,100,100174,100,99397,100,100183,100,98867,100
2019-06-28 09:52:05.416020990,100014,197,99836,197,100084,197,99759,197,100114,197,99758,397,100115,197,99684,197,100131,197,99661,197,100137,100,99611,100,100161,100,99509,100,100164,100,99414,100,100174,100,99397,100,100183,100,98867,100
2019-06-28 09:52:10.000000000,100014,342,99836,342,100084,342,99759,342,100114,100,99758,300,100115,100,99684,100,100131,100,99661,100,100137,100,99611,100,100161,100,99509,100,100164,100,99414,100,100174,100,99397,100,100183,100,98867,100
2019-06-28 09:52:20.000000000,100014,197,99836,197,100084,197,99759,197,100114,197,99758,397,100115,197,99684,197,100131,197,99661,197,100137,100,99611,100,100161,100,99509,100,100164,100,99414,100,100174,100,99397,100,100183,100,98867,100
2019-06-28 09:52:20.338748864,100014,197,99836,197,100084,197,99759,197,100114,197,99758,397,100115,197,99684,197,100131,197,99661,197,100137,100,99611,100,100161,100,99509,100,100164,100,99414,100,100174,100,99397,100,100183,100,98867,100
2019-06-28 09:52:30.000000000,100014,584,99836,584,100084,100,99759,100,100114,100,99758,300,100115,100,99684,100,100131,100,99661,100,100137,100,99611,100,100161,100,99509,100,100164,100,99414,100,100174,100,99397,100,100183,100,98867,100
2019-06-28 09:52:35.974199313,100014,484,99836,584,100084,100,99759,100,100114,100,99758,300,100115,100,99684,100,100131,100,99661,100,100137,100,99611,100,100161,100,99509,100,100164,100,99414,100,100174,100,99397,100,100183,100,98867,100
2019-06-28 09:52:40.000000000,100084,221,99836,221,100114,221,99759,221,100115,221,99758,421,100131,221,99684,221,100137,100,99661,100,100161,100,99611,100,100164,100,99509,100,100174,100,99414,100,100183,100,99397,100,100364,100,98867,100
2019-06-28 09:52:49.026770632,100084,221,99836,221,100114,121,99759,221,100115,221,99758,421,100131,221,99684,221,100137,100,99661,100,100161,100,99611,100,100164,100,99509,100,100174,100,99414,100,100183,100,99397,100,100364,100,98867,100
2019-06-28 09:52:50.000000000,100084,265,99836,265,100115,260,99759,260,100131,260,99758,460,100137,100,99684,100,100161,100,99661,100,100164,100,99611,100,100174,100,99509,100,100183,100,99414,100,100364,100,99397,100,100487,100,98867,100
2019-06-28 09:53:00.000000000,100084,265,99836,265,100115,260,99759,260,100131,260,99758,460,100137,100,99684,100,100161,100,99661,100,100164,100,99611,100,100174,100,99509,100,100183,100,99414,100,100364,100,99397,100,100487,100,98867,100
2019-06-28 09:53:06.861382022,100084,165,99836,265,100115,260,99759,260,100131,260,99758,460,100137,100,99684,100,100161,100,99661,100,100164,100,99611,100,100174,100,99509,100,100183,100,99414,100,100364,100,99397,100,100584,100,98867,100
2019-06-28 09:53:09.196835895,100084,165,99836,265,100115,260,99759,260,100131,260,99758,460,100137,100,99684,100,100161,100,99661,100,100164,100,99611,100,100174,100,99509,100,100183,100,99414,100,100364,100,99397,100,100584,100,98867,100
2019-06-28 09:53:09.435318940,100084,165,100014,100,100115,260,99836,265,100131,260,99759,260,100137,100,99758,460,100161,100,99684,100,100164,100,99661,100,100174,100,99611,100,100183,100,99509,100,100364,100,99414,100,100584,100,99397,100
2019-06-28 09:53:10.000000000,100115,265,100014,265,100131,260,99836,260,100137,260,99759,260,100161,100,99758,300,100164,100,99684,100,100174,100,99661,100,100183,100,99611,100,100364,100,99509,100,100584,100,99414,100,100607,100,99397,100
2019-06-28 09:53:14.459841934,100115,265,100014,265,100131,260,99836,260,100137,260,99759,260,100161,100,99758,300,100164,100,99684,100,100174,100,99661,100,100183,100,99611,100,100364,100,99509,100,100584,100,99414,100,100607,100,99397,100
2019-06-28 09:53:19.188222917,100115,265,100014,365,100131,260,99836,260,100137,260,99759,260,100161,100,99758,300,100164,100,99684,100,100174,100,99661,100,100183,100,99611,100,100364,100,99509,100,100584,100,99414,100,100607,100,99397,100
2019-06-28 09:53:20.000000000,100115,197,100014,297,100131,197,99836,197,100137,197,99759,197,100161,197,99758,397,100164,197,99684,197,100174,100,99661,100,100183,100,99611,100,100364,100,99509,100,100584,100,99414,100,100607,100,99397,100
2019-06-28 09:53:25.299800663,100115,97,100014,297,100131,197,99836,197,100137,197,99759,197,100161,197,99758,397,100164,197,99684,197,100174,100,99661,100,100183,100,99611,100,100364,100,99509,100,100584,100,99414,100,100607,100,99397,100
2019-06-28 09:53:26.906505104,100115,97,100014,297,100131,197,99836,197,100137,197,99759,197,100161,197,99758,397,100164,197,99684,197,100174,100,99661,100,100183,100,99611,100,100364,100,99509,100,100584,100,99414,100,100607,100,99397,100
2019-06-28 09:53:30.000000000,100131,265,100014,365,100137,260,99836,260,100161,260,99759,260,100164,100,99758,300,100174,100,99684,100,100183,100,99661,100,100364,100,99611,100,100584,100,99509,100,100607,100,99414,100,100638,100,99397,100
2019-06-28 09:53:34.220007586,100131,265,100014,365,100137,260,99836,160,100161,260,99759,260,100164,100,99758,300,100174,100,99684,100,100183,100,99661,100,100364,100,99611,100,100584,100,99509,100,100607,100,99414,100,100638,100,99397,100
2019-06-28 09:53:40.000000000,100131,197,100014,297,100137,197,99759,197,100161,197,99758,397,100164,197,99684,197,100174,197,99661,197,100183,100,99611,100,100364,100,99509,100,100584,100,99414,100,100607,100,99397,100,100638,100,98867,100
2019-06-28 09:53:50.000000000,100131,221,100014,321,100137,221,99759,221,100161,221,99758,421,100164,221,99684,221,100174,100,99661,100,100183,100,99611,100,100364,100,99509,100,100584,100,99414,100,100607,100,99397,100,100638,100,98867,100
2019-06-28 09:54:00.000000000,100131,265,100014,365,100137,260,99759,260,100161,260,99758,460,100164,100,99684,100,100174,100,99661,100,100183,100,99611,100,100364,100,99509,100,100584,100,99414,100,100607,100,99397,100,100638,100,98867,100
2019-06-28 09:54:04.289966502,100131,265,100084,100,100137,260,100014,365,100161,260,99759,260,100164,100,99758,360,100174,100,99684,100,100183,100,99661,100,100364,100,99611,100,100584,100,99509,100,100607,100,99414,100,100638,100,99397,100
2019-06-28 09:54:08.129046275,100131,265,100084,100,100137,260,100014,365,100161,260,99759,260,100164,100,99758,360,100174,100,99684,100,100183,100,99661,100,100364,100,99611,100,100584,100,99509,100,100607,100,99414,100,100638,100,99397,100
2019-06-28 09:54:10.000000000,100131,265,100084,265,100137,260,100014,360,100161,260,99759,260,100164,100,99758,200,100174,100,99684,100,100183,100,99661,100,100364,100,99611,100,100584,100,99509,100,100607,100,99414,100,100638,100,99397,100
2019-06-28 09:54:20.000000000,100131,265,100084,265,100137,260,100014,360,100161,260,99759,260,100164,100,99758,200,100174,100,99684,100,100183,100,99661,100,100364,100,99611,100,100584,100,99509,100,100607,100,99414,100,100638,100,99397,100
2019-06-28 09:54:20.357743762,100131,165,100084,265,100137,260,100014,360,100161,260,99759,260,100164,100,99758,200,100174,100,99684,100,100183,100,99661,100,100364,100,99611,100,100584,100,99509,100,100607,100,99414,100,100638,100,99397,100
2019-06-28 09:54:30.000000000,100137,584,100084,584,100161,100,100014,200,100164,100,99759,100,100174,100,99758,200,100183,100,99684,100,100364,100,99661,100,100584,100,99611,100,100607,100,99509,100,100638,100,99414,100,100682,100,99397,100
2019-06-28 09:54:36.081599242,100137,584,100084,584,100161,100,100014,200,100164,100,99759,100,100174,100,99758,200,100183,100,99684,100,100364,100,99661,100,100584,100,99611,100,100607,100,99414,100,100638,100,99397,100,100682,100,98867,100
2019-06-28 09:54:40.000000000,100137,221,100084,221,100161,221,100014,321,100164,221,99759,221,100174,221,99758,321,100183,100,99684,100,100364,100,99661,100,100584,100,99611,100,100607,100,99414,100,100638,100,99397,100,100682,100,98867,100
2019-06-28 09:54:50.000000000,100137,197,100084,197,100161,197,100014,297,100164,197,99759,197,100174,197,99758,297,100183,197,99684,197,100364,100,99661,100,100584,100,99611,100,100607,100,99414,100,100638,100,99397,100,100682,100,98867,100
2019-06-28 09:55:00.000000000,100137,265,100084,265,100161,260,100014,360,100164,260,99759,260,100174,100,99758,200,100183,100,99684,100,100364,100,99661,100,100584,100,99611,100,100607,100,99414,100,100638,100,99397,100,100682,100,98867,100
2019-06-28 09:55:05.561053443,100137,265,100084,265,100161,260,100014,360,100164,260,99759,260,100174,100,99758,200,100183,100,99684,100,100364,100,99661,100,100584,100,99611,100,100607,100,99414,100,100638,100,99397,100,100682,100,98867,100
2019-06-28 09:55:10.000000000,100137,265,100084,265,100161,260,100014,360,100164,260,99759,260,100174,100,99758,200,100183,100,99684,100,100364,100,99661,100,100584,100,99611,100,100607,100,99414,100,100638,100,99397,100,100682,100,98867,100
2019-06-28 09:55:20.000000000,100137,265,100084,265,100161,260,100014,360,100164,260,99759,260,100174,100,99758,200,100183,100,99684,100,100364,100,99661,100,100584,100,99611,100,100607,100,99414,100,100638,100,99397,100,100682,100,98867,100
2019-06-28 09:55:30.000000000,100137,221,100084,221,100161,221,100014,321,100164,221,99759,221,100174,221,99758,321,100183,100,99684,100,100364,100,99661,100,100584,100,99611,100,100607,100,99414,100,100638,100,99397,100,100682,100,98867,100
2019-06-28 09:55:40.000000000,100137,584,100084,584,100161,100,100014,200,100164,100,99759,100,100174,100,99758,200,100183,100,99684,100,100364,100,99661,100,100584,100,99611,100,100607,100,99414,100,100638,100,99397,100,100682,100,98867,100
2019-06-28 09:55:50.000000000,100137,221,100084,221,100161,221,100014,321,100164,221,99759,221,100174,221,99758,321,100183,100,99684,100,100364,100,99661,100,100584,100,99611,100,100607,100,99414,100,100638,100,99397,100,100682,100,98867,100
2019-06-28 09:56:00.000000000,100137,342,100084,342,100161,342,100014,442,100164,100,99759,100,100174,100,99758,200,100183,100,99684,100,100364,100,99661,100,100584,100,99611,100,100607,100,99414,100,100638,100,99397,100,100682,100,98867,100
2019-06-28 09:56:04.804961650,100137,242,100084,342,100161,342,100014,442,100164,100,99759,100,100174,100,99758,200,100183,100,99684,100,100364,100,99661,100,100584,100,99611,100,100607,100,99414,100,100638,100,99397,100,100682,100,98867,100
2019-06-28 09:56:08.734673525,100137,242,100131,100,100161,342,100084,342,100164,100,100014,442,100174,100,99759,100,100183,100,99758,200,100364,100,99684,100,100584,100,99661,100,100607,100,99611,100,100638,100,99414,100,100682,100,99397,100
2019-06-28 09:56:10.000000000,100161,342,100131,342,100164,342,100084,342,100174,100,100014,200,100183,100,99759,100,100364,100,99758,200,100584,100,99684,100,100607,100,99661,100,100638,100,99611,100,100682,100,99414,100,100789,100,99397,100
2019-06-28 09:56:14.039499560,100161,342,100131,442,100164,342,100084,342,100174,100,100014,200,100183,100,99758,200,100364,100,99684,100,100584,100,99661,100,100607,100,99611,100,100638,100,99414,100,100682,100,99397,100,100789,100,98867,100
2019-06-28 09:56:20.000000000,100161,221,100131,321,100164,221,100084,221,100174,221,100014,321,100183,221,99758,321,100364,100,99684,100,100584,100,99661,100,100607,100,99611,100,100638,100,99414,100,100682,100,99397,100,100789,100,98867,100
2019-06-28 09:56:30.000000000,100161,221,100131,321,100164,221,100084,221,100174,221,100014,321,100183,221,99758,321,100364,100,99684,100,100584,100,99661,100,100607,100,99611,100,100638,100,99414,100,100682,100,99397,100,100789,100,98867,100
2019-06-28 09:56:40.000000000,100161,221,100131,321,100164,221,100084,221,100174,221,100014,321,100183,221,99758,321,100364,100,99684,100,100584,100,99661,100,100607,100,99611,100,100638,100,99414,100,100682,100,99397,100,100789,100,98867,100
2019-06-28 09:56:50.000000000,100161,342,100131,442,100164,342,100084,342,100174,100,100014,200,100183,100,99758,200,100364,100,99684,100,100584,100,99661,100,100607,100,99611,100,100638,100,99414,100,100682,100,99397,100,100789,100,98867,100
2019-06-28 09:56:53.358547674,100161,242,100131,442,100164,342,100084,342,100174,100,100014,200,100183,100,99758,200,100364,100,99684,100,100584,100,99661,100,100607,100,99611,100,100638,100,99414,100,100682,100,99397,100,100789,100,98867,100
2019-06-28 09:57:00.000000000,100164,197,100131,297,100174,197,100084,197,100183,197,100014,297,100364,197,99758,297,100584,197,99684,197,100607,100,99661,100,100638,100,99611,100,100682,100,99414,100,100789,100,99397,100,100873,100,98867,100
2019-06-28 09:57:10.000000000,100164,197,100131,297,100174,197,100084,197,100183,197,100014,297,100364,197,99758,297,100584,197,99684,197,100607,100,99661,100,100638,100,99611,100,100682,100,99414,100,100789,100,99397,100,100873,100,98867,100
2019-06-28 09:57:20.000000000,100164,197,100131,297,100174,197,100084,197,100183,197,100014,297,100364,197,99758,297,100584,197,99684,197,100607,100,99661,100,100638,100,99611,100,100682,100,99414,100,100789,100,99397,100,100873,100,98867,100
2019-06-28 09:57:24.516151152,100164,197,100137,100,100174,197,100131,297,100183,197,100084,197,100364,197,100014,197,100584,197,99758,297,100607,100,99684,197,100638,100,99661,100,100682,100,99611,100,100789,100,99414,100,100873,100,99397,100
2019-06-28 09:57:27.732176795,100164,97,100137,100,100174,197,100131,297,100183,197,100084,197,100364,197,100014,197,100584,197,99758,297,100607,100,99684,197,100638,100,99661,100,100682,100,99611,100,100789,100,99414,100,100873,100,99397,100
2019-06-28 09:57:30.000000000,100174,342,100137,342,100183,342,100131,442,100364,100,100084,100,100584,100,100014,100,100607,100,99758,200,100638,100,99684,100,100682,100,99661,100,100789,100,99611,100,100873,100,99414,100,100925,100,99397,100
2019-06-28 09:57:40.000000000,100174,221,100137,221,100183,221,100131,321,100364,221,100084,221,100584,221,100014,221,100607,100,99758,200,100638,100,99684,100,100682,100,99661,100,100789,100,99611,100,100873,100,99414,100,100925,100,99397,100
2019-06-28 09:57:45.907349175,100174,221,100161,100,100183,221,100137,221,100364,221,100131,321,100584,221,100084,121,100607,100,100014,221,100638,100,99758,200,100682,100,99684,100,100789,100,99661,100,100873,100,99611,100,100925,100,99414,100
2019-06-28 09:57:50.000000000,100174,342,100161,342,100183,342,100137,342,100364,100,100131,200,100584,100,100014,100,100607,100,99758,200,100638,100,99684,100,100682,100,99661,100,100789,100,99611,100,100873,100,99414,100,100925,100,99397,100
2019-06-28 09:57:51.968668605,100174,342,100161,342,100183,342,100137,342,100364,100,100131,200,100584,100,100014,100,100607,100,99758,200,100638,100,99684,100,100682,100,99661,100,100789,100,99611,100,100925,100,99414,100,101060,100,99397,100
2019-06-28 09:58:00.000000000,100174,197,100161,197,100183,197,100137,197,100364,197,100131,297,100584,197,100014,197,100607,197,99758,297,100638,100,99684,100,100682,100,99661,100,100789,100,99611,100,100925,100,99414,100,101060,100,99397,100
2019-06-28 09:58:00.355806989,100174,97,100161,197,100183,197,100137,197,100364,197,100131,297,100584,197,100014,197,100607,197,99758,297,100638,100,99684,100,100682,100,99661,100,100789,100,99611,100,100925,100,99414,100,101060,100,99397,100
2019-06-28 09:58:10.000000000,100183,265,100161,265,100364,260,100137,260,100584,260,100131,360,100607,100,100014,100,100638,100,99758,200,100682,100,99684,100,100789,100,99661,100,100925,100,99611,100,101060,100,99414,100,101107,100,99397,100
2019-06-28 09:58:20.000000000,100183,197,100161,197,100364,197,100137,197,100584,197,100131,297,100607,197,100014,197,100638,197,99758,297,100682,100,99684,100,100789,100,99661,100,100925,100,99611,100,101060,100,99414,100,101107,100,99397,100
2019-06-28 09:58:25.665287700,100183,97,100161,197,100364,197,100137,197,100584,197,100131,297,100607,197,100014,197,100638,197,99758,297,100682,100,99684,100,100789,100,99661,100,100925,100,99611,100,101060,100,99414,100,101107,100,99397,100
2019-06-28 09:58:30.000000000,100364,584,100161,584,100584,100,100137,100,100607,100,100131,200,100638,100,100014,100,100682,100,99758,200,100789,100,99684,100,100925,100,99661,100,101060,100,99611,100,101107,100,99414,100,101401,100,99397,100
2019-06-28 09:58:40.000000000,100364,342,100161,342,100584,342,100137,342,100607,100,100131,200,100638,100,100014,100,100682,100,99758,200,100789,100,99684,100,100925,100,99661,100,101060,100,99611,100,101107,100,99414,100,101401,100,99397,100
2019-06-28 09:58:50.000000000,100364,265,100161,265,100584,260,100137,260,100607,260,100131,360,100638,100,100014,100,100682,100,99758,200,100789,100,99684,100,100925,100,99661,100,101060,100,99611,100,101107,100,99414,100,101401,100,99397,100
2019-06-28 09:58:52.680111033,100364,165,100161,265,100584,260,100137,260,100607,260,100131,360,100638,100,100014,100,100682,100,99758,200,100789,100,99684,100,100925,100,99661,100,101060,100,99611,100,101107,100,99414,100,101401,100,99397,100
2019-06-28 09:58:57.166017705,100364,65,100161,265,100584,260,100137,260,100607,260,100131,360,100638,100,100014,100,100682,100,99758,200,100789,100,99684,100,100925,100,99661,100,101060,100,99611,100,101107,100,99414,100,101401,100,99397,100
2019-06-28 09:59:00.000000000,100584,584,100161,584,100607,100,100137,100,100638,100,100131,200,100682,100,100014,100,100789,100,99758,200,100925,100,99684,100,101060,100,99661,100,101107,100,99611,100,101401,100,99414,100,101495,100,99397,100
2019-06-28 09:59:10.000000000,100584,265,100161,265,100607,260,100137,260,100638,260,100131,360,100682,100,100014,100,100789,100,99758,200,100925,100,99684,100,101060,100,99661,100,101107,100,99611,100,101401,100,99414,100,101495,100,99397,100
2019-06-28 09:59:20.000000000,100584,221,100161,221,100607,221,100137,221,100638,221,100131,321,100682,221,100014,221,100789,100,99758,200,100925,100,99684,100,101060,100,99661,100,101107,100,99611,100,101401,100,99414,100,101495,100,99397,100
2019-06-28 09:59:30.000000000,100584,342,100161,342,100607,342,100137,342,100638,100,100131,200,100682,100,100014,100,100789,100,99758,200,100925,100,99684,100,101060,100,99661,100,101107,100,99611,100,101401,100,99414,100,101495,100,99397,100
2019-06-28 09:59:40.000000000,100584,221,100161,221,100607,221,100137,221,100638,221,100131,321,100682,221,100014,221,100789,100,99758,200,100925,100,99684,100,101060,100,99661,100,101107,100,99611,100,101401,100,99414,100,101495,100,99397,100
2019-06-28 09:59:50.000000000,100584,265,100161,265,100607,260,100137,260,100638,260,100131,360,100682,100,100014,100,100789,100,99758,200,100925,100,99684,100,101060,100,99661,100,101107,100,99611,100,101401,100,99414,100,101495,100,99397,100
2019-06-28 09:59:53.126809623,100584,265,100161,265,100607,260,100137,260,100638,260,100131,360,100682,100,100014,100,100789,100,99758,200,100925,100,99684,100,101060,100,99661,100,101107,100,99611,100,101193,100,99414,100,101401,100,99397,100
2019-06-28 10:00:00.000000000,100584,221,100161,221,100607,221,100137,221,100638,221,100131,321,100682,221,100014,221,100789,100,99758,200,100925,100,99684,100,101060,100,99661,100,101107,100,99611,100,101193,100,99414,100,101401,100,99397,100
2019-06-28 10:00:00.257533691,100584,121,100161,221,100607,221,100137,221,100638,221,100131,321,100682,221,100014,221,100789,100,99758,200,100925,100,99684,100,101060,100,99661,100,101107,100,99611,100,101193,100,99414,100,101401,100,99397,100
2019-06-28 10:00:02.404822562,100584,121,100161,221,100607,221,100137,221,100638,221,100131,221,100682,221,100014,221,100789,100,99758,200,100925,100,99684,100,101060,100,99661,100,101107,100,99611,100,101193,100,99414,100,101401,100,99397,100
2019-06-28 10:00:10.000000000,100607,197,100161,197,100638,197,100137,197,100682,197,100131,197,100789,197,100014,197,100925,197,99758,297,101060,100,99684,100,101107,100,99661,100,101193,100,99611,100,101401,100,99414,100,101495,100,99397,100
2019-06-28 10:00:20.000000000,100607,584,100161,584,100638,100,100137,100,100682,100,100131,100,100789,100,100014,100,100925,100,99758,200,101060,100,99684,100,101107,100,99661,100,101193,100,99611,100,101401,100,99414,100,101495,100,99397,100
2019-06-28 10:00:30.000000000,100607,584,100161,584,100638,100,100137,100,100682,100,100131,100,100789,100,100014,100,100925,100,99758,200,101060,100,99684,100,101107,100,99661,100,101193,100,99611,100,101401,100,99414,100,101495,100,99397,100
2019-06-28 10:00:40.000000000,100607,265,100161,265,100638,260,100137,260,100682,260,100131,260,100789,100,100014,100,100925,100,99758,200,101060,100,99684,100,101107,100,99661,100,101193,100,99611,100,101401,100,99414,100,101495,100,99397,100
2019-06-28 10:00:50.000000000,100607,342,100161,342,100638,342,100137,342,100682,100,100131,100,100789,100,100014,100,100925,100,99758,200,101060,100,99684,100,101107,100,99661,100,101193,100,99611,100,101401,100,99414,100,101495,100,99397,100
2019-06-28 10:01:00.000000000,100607,342,100161,342,100638,342,100137,342,100682,100,100131,100,100789,100,100014,100,100925,100,99758,200,101060,100,99684,100,101107,100,99661,100,101193,100,99611,100,101401,100,99414,100,101495,100,99397,100
2019-06-28 10:01:01.273642314,100607,242,100161,342,100638,342,100137,342,100682,100,100131,100,100789,100,100014,100,100925,100,99758,200,101060,100,99684,100,101107,100,99661,100,101193,100,99611,100,101401,100,99414,100,101495,100,99397,100
2019-06-28 10:01:10.000000000,100638,265,100161,265,100682,260,100137,260,100789,260,100131,260,100925,100,100014,100,101060,100,99758,200,101107,100,99684,100,101193,100,99661,100,101401,100,99611,100,101495,100,99414,100,,,99397,100
2019-06-28 10:01:20.000000000,100638,221,100161,221,100682,221,100137,221,100789,221,100131,221,100925,221,100014,221,101060,100,99758,200,101107,100,99684,100,101193,100,99661,100,101401,100,99611,100,101495,100,99414,100,,,99397,100
2019-06-28 10:01:30.000000000,100638,342,100161,342,100682,342,100137,342,100789,100,100131,100,100925,100,100014,100,101060,100,99758,200,101107,100,99684,100,101193,100,99661,100,101401,100,99611,100,101495,100,99414,100,,,99397,100
2019-06-28 10:01:40.000000000,100638,342,100161,342,100682,342,100137,342,100789,100,100131,100,100925,100,100014,100,101060,100,99758,200,101107,100,99684,100,101193,100,99661,100,101401,100,99611,100,101495,100,99414,100,,,99397,100
2019-06-28 10:01:43.354754548,100638,242,100161,342,100682,342,100137,342,100789,100,100131,100,100925,100,100014,100,101060,100,99758,200,101107,100,99684,100,101193,100,99661,100,101401,100,99611,100,101495,100,99414,100,,,99397,100
2019-06-28 10:01:50.000000000,100682,197,100161,197,100789,197,100137,197,100925,197,100131,197,101060,197,100014,197,101107,197,99758,297,101193,100,99684,100,101401,100,99661,100,101495,100,99611,100,,,99414,100,,,99397,100
2019-06-28 10:02:00.000000000,100682,197,100161,197,100789,197,100137,197,100925,197,100131,197,101060,197,100014,197,101107,197,99758,297,101193,100,99684,100,101401,100,99661,100,101495,100,99611,100,,,99414,100,,,99397,100
2019-06-28 10:02:10.000000000,100682,584,100161,584,100789,100,100137,100,100925,100,100131,100,101060,100,100014,100,101107,100,99758,200,101193,100,99684,100,101401,100,99661,100,101495,100,99611,100,,,99414,100,,,99397,100
2019-06-28 10:02:10.072010801,100682,484,100161,584,100789,100,100137,100,100925,100,100131,100,101060,100,100014,100,101107,100,99758,200,101193,100,99684,100,101495,100,99661,100,,,99611,100,,,99414,100,,,99397,100
2019-06-28 10:02:13.075707843,100682,484,100638,100,100789,100,100161,584,100925,100,100137,100,101060,100,100131,100,101107,100,100014,100,101193,100,99758,200,101495,100,99684,100,,,99661,100,,,99611,100,,,99414,100
2019-06-28 10:02:20.000000000,100789,265,100638,265,100925,260,100161,260,101060,260,100137,260,101107,100,100131,100,101193,100,100014,100,101495,100,99758,200,,,99684,100,,,99661,100,,,99611,100,,,99414,100
2019-06-28 10:02:30.000000000,100789,342,100638,342,100925,342,100161,342,101060,100,100137,100,101107,100,100131,100,101193,100,100014,100,101495,100,99758,200,,,99684,100,,,99661,100,,,99611,100,,,99414,100
2019-06-28 10:02:40.000000000,100789,265,100638,265,100925,260,100161,260,101060,260,100137,260,101107,100,100131,100,101193,100,100014,100,101495,100,99758,200,,,99684,100,,,99661,100,,,99611,100,,,99414,100
2019-06-28 10:02:44.067044241,100789,165,100638,265,100925,260,100161,260,101060,260,100137,260,101107,100,100131,100,101193,100,100014,100,101495,100,99758,200,,,99684,100,,,99661,100,,,99611,100,,,99414,100
2019-06-28 10:02:50.000000000,100925,197,100638,197,101060,197,100161,197,101107,197,100137,197,101193,197,100131,197,101495,197,100014,197,,,99758,200,,,99684,100,,,99661,100,,,99611,100,,,99414,100
2019-06-28 10:03:00.000000000,100925,342,100638,342,101060,342,100161,342,101107,100,100137,100,101193,100,100131,100,101495,100,100014,100,,,99758,200,,,99684,100,,,99661,100,,,99611,100,,,99414,100
2019-06-28 10:03:10.000000000,100925,265,100638,265,101060,260,100161,260,101107,260,100137,260,101193,100,100131,100,101495,100,100014,100,,,99758,200,,,99684,100,,,99661,100,,,99611,100,,,99414,100
2019-06-28 10:03:14.559562791,100850,100,100638,265,100925,265,100161,260,101060,260,100137,260,101107,260,100131,100,101193,100,100014,100,101495,100,99758,200,,,99684,100,,,99661,100,,,99611,100,,,99414,100
2019-06-28 10:03:20.000000000,100850,265,100638,265,100925,260,100161,260,101060,260,100137,260,101107,100,100131,100,101193,100,100014,100,101495,100,99758,200,,,99684,100,,,99661,100,,,99611,100,,,99414,100
2019-06-28 10:03:30.000000000,100850,342,100638,342,100925,342,100161,342,101060,100,100137,100,101107,100,100131,100,101193,100,100014,100,101495,100,99758,200,,,99684,100,,,99661,100,,,99611,100,,,99414,100
2019-06-28 10:03:33.096466444,100850,242,100638,342,100925,342,100161,342,101060,100,100137,100,101107,100,100131,100,101193,100,100014,100,101495,100,99758,200,,,99684,100,,,99661,100,,,99611,100,,,99414,100
2019-06-28 10:03:40.000000000,100925,342,100638,342,101060,342,100161,342,101107,100,100137,100,101193,100,100131,100,101495,100,100014,100,,,99758,200,,,99684,100,,,99661,100,,,99611,100,,,99414,100
2019-06-28 10:03:48.495369021,100925,342,100638,342,101040,100,100161,342,101060,342,100137,100,101107,100,100131,100,101193,100,100014,100,101495,100,99758,200,,,99684,100,,,99661,100,,,99611,100,,,99414,100
2019-06-28 10:03:49.140339925,100849,100,100638,342,100925,342,100161,342,101040,100,100131,100,101060,342,100014,100,101107,100,99758,200,101193,100,99684,100,101495,100,99661,100,,,99611,100,,,99414,100,,,99397,100
2019-06-28 10:03:50.000000000,100849,342,100638,342,100925,342,100161,342,101040,100,100131,100,101060,100,100014,100,101107,100,99758,200,101193,100,99684,100,101495,100,99661,100,,,99611,100,,,99414,100,,,99397,100
2019-06-28 10:04:00.000000000,100849,197,100638,197,100925,197,100161,197,101040,197,100131,197,101060,197,100014,197,101107,197,99758,297,101193,100,99684,100,101495,100,99661,100,,,99611,100,,,99414,100,,,99397,100
2019-06-28 10:04:10.000000000,100849,342,100638,342,100925,342,100161,342,101040,100,100131,100,101060,100,100014,100,101107,100,99758,200,101193,100,99684,100,101495,100,99661,100,,,99611,100,,,99414,100,,,99397,100
2019-06-28 10:04:12.536949899,100849,242,100638,342,100925,342,100161,342,101040,100,100131,100,101060,100,100014,100,101107,100,99758,200,101193,100,99684,100,101495,100,99661,100,,,99611,100,,,99414,100,,,99397,100
2019-06-28 10:04:17.938575601,100849,242,100638,342,100925,342,100161,342,101040,100,100131,100,101054,100,100014,100,101060,100,99758,200,101193,100,99684,100,101495,100,99661,100,,,99611,100,,,99414,100,,,99397,100
2019-06-28 10:04:20.000000000,100925,221,100638,221,101040,221,100161,221,101054,221,100131,221,101060,221,100014,221,101193,100,99758,200,101495,100,99684,100,,,99661,100,,,99611,100,,,99414,100,,,99397,100
2019-06-28 10:04:29.237302826,100925,221,100784,100,101040,221,100638,221,101054,221,100161,221,101060,221,100131,221,101193,100,100014,221,101495,100,99758,200,,,99684,100,,,99661,100,,,99611,100,,,99414,100
2019-06-28 10:04:30.000000000,100925,342,100784,342,101040,342,100638,342,101054,100,100161,100,101060,100,100131,100,101193,100,100014,100,101495,100,99758,200,,,99684,100,,,99661,100,,,99611,100,,,99414,100
2019-06-28 10:04:34.651293823,100925,242,100784,342,101040,342,100638,342,101054,100,100161,100,101060,100,100131,100,101102,100,100014,100,101193,100,99758,200,101495,100,99684,100,,,99661,100,,,99611,100,,,99414,100
2019-06-28 10:04:40.000000000,101040,342,100784,342,101054,342,100638,342,101060,100,100161,100,101102,100,100131,100,101193,100,100014,100,101495,100,99758,200,,,99684,100,,,99661,100,,,99611,100,,,99414,100
2019-06-28 10:04:50.000000000,101040,342,100784,342,101054,342,100638,342,101060,100,100161,100,101102,100,100131,100,101193,100,100014,100,101495,100,99758,200,,,99684,100,,,99661,100,,,99611,100,,,99414,100
2019-06-28 10:04:56.908738891,100848,100,100784,342,101040,342,100638,342,101054,342,100161,100,101060,100,100131,100,101102,100,100014,100,101193,100,99758,200,101495,100,99684,100,,,99661,100,,,99611,100,,,99414,100
2019-06-28 10:05:00.000000000,100848,342,100784,342,101040,342,100638,342,101054,100,100161,100,101060,100,100131,100,101102,100,100014,100,101193,100,99758,200,101495,100,99684,100,,,99661,100,,,99611,100,,,99414,100
2019-06-28 10:05:10.000000000,100848,584,100784,584,101040,100,100638,100,101054,100,100161,100,101060,100,100131,100,101102,100,100014,100,101193,100,99758,200,101495,100,99684,100,,,99661,100,,,99611,100,,,99414,100
2019-06-28 10:05:20.000000000,100848,342,100784,342,101040,342,100638,342,101054,100,100161,100,101060,100,100131,100,101102,100,100014,100,101193,100,99758,200,101495,100,99684,100,,,99661,100,,,99611,100,,,99414,100
2019-06-28 10:05:30.000000000,100848,197,100784,197,101040,197,100638,197,101054,197,100161,197,101060,197,100131,197,101102,197,100014,197,101193,100,99758,200,101495,100,99684,100,,,99661,100,,,99611,100,,,99414,100
2019-06-28 10:05:40.000000000,100848,265,100784,265,101040,260,100638,260,101054,260,100161,260,101060,100,100131,100,101102,100,100014,100,101193,100,99758,200,101495,100,99684,100,,,99661,100,,,99611,100,,,99414,100
2019-06-28 10:05:47.603737591,100848,165,100784,265,101040,260,100638,260,101054,260,100161,260,101060,100,100131,100,101102,100,100014,100,101193,100,99758,200,101495,100,99684,100,,,99661,100,,,99611,100,,,99414,100
2019-06-28 10:05:50.000000000,101040,342,100784,342,101054,342,100638,342,101060,100,100161,100,101102,100,100131,100,101193,100,100014,100,101495,100,99758,200,,,99684,100,,,99661,100,,,99611,100,,,99414,100
2019-06-28 10:05:53.189910248,101040,242,100784,342,101054,342,100638,342,101102,100,100161,100,101193,100,100131,100,101495,100,100014,100,,,99758,200,,,99684,100,,,99661,100,,,99611,100,,,99414,100
2019-06-28 10:06:00.000000000,101054,221,100784,221,101102,221,100638,221,101193,221,100161,221,101495,221,100131,221,,,100014,100,,,99758,200,,,99684,100,,,99661,100,,,99611,100,,,99414,100
2019-06-28 10:06:09.182118276,101054,221,100784,221,101102,221,100638,221,101193,221,100161,221,101495,221,100131,221,101648,100,100014,100,,,99758,200,,,99684,100,,,99661,100,,,99611,100,,,99414,100
2019-06-28 10:06:10.000000000,101054,197,100784,197,101102,197,100638,197,101193,197,100161,197,101495,197,100131,197,101648,197,100014,197,,,99758,200,,,99684,100,,,99661,100,,,99611,100,,,99414,100
2019-06-28 10:06:20.000000000,101054,265,100784,265,101102,260,100638,260,101193,260,100161,260,101495,100,100131,100,101648,100,100014,100,,,99758,200,,,99684,100,,,99661,100,,,99611,100,,,99414,100
2019-06-28 10:06:30.000000000,101054,265,100784,265,101102,260,100638,260,101193,260,100161,260,101495,100,100131,100,101648,100,100014,100,,,99758,200,,,99684,100,,,99661,100,,,99611,100,,,99414,100
2019-06-28 10:06:40.000000000,101054,342,100784,342,101102,342,100638,342,101193,100,100161,100,101495,100,100131,100,101648,100,100014,100,,,99758,200,,,99684,100,,,99661,100,,,99611,100,,,99414,100
2019-06-28 10:06:50.000000000,101054,197,100784,197,101102,197,100638,197,101193,197,100161,197,101495,197,100131,197,101648,197,100014,197,,,99758,200,,,99684,100,,,99661,100,,,99611,100,,,99414,100
2019-06-28 10:07:00.000000000,101054,197,100784,197,101102,197,100638,197,101193,197,100161,197,101495,197,100131,197,101648,197,100014,197,,,99758,200,,,99684,100,,,99661,100,,,99611,100,,,99414,100
2019-06-28 10:07:08.125482557,100847,100,100784,197,101054,197,100638,197,101102,197,100161,197,101193,197,100131,197,101495,197,100014,197,101648,197,99758,200,,,99684,100,,,99661,100,,,99611,100,,,99414,100
2019-06-28 10:07:10.000000000,100847,221,100784,221,101054,221,100638,221,101102,221,100161,221,101193,221,100131,221,101495,100,100014,100,101648,100,99758,200,,,99684,100,,,99661,100,,,99611,100,,,99414,100
2019-06-28 10:07:20.000000000,100847,584,100784,584,101054,100,100638,100,101102,100,100161,100,101193,100,100131,100,101495,100,100014,100,101648,100,99758,200,,,99684,100,,,99661,100,,,99611,100,,,99414,100
2019-06-28 10:07:30.000000000,100847,342,100784,342,101054,342,100638,342,101102,100,100161,100,101193,100,100131,100,101495,100,100014,100,101648,100,99758,200,,,99684,100,,,99661,100,,,99611,100,,,99414,100
2019-06-28 10:07:40.000000000,100847,342,100784,342,101054,342,100638,342,101102,100,100161,100,101193,100,100131,100,101495,100,100014,100,101648,100,99758,200,,,99684,100,,,99661,100,,,99611,100,,,99414,100
2019-06-28 10:07:50.000000000,100847,221,100784,221,101054,221,100638,221,101102,221,100161,221,101193,221,100131,221,101495,100,100014,100,101648,100,99758,200,,,99684,100,,,99661,100,,,99611,100,,,99414,100
2019-06-28 10:08:00.000000000,100847,584,100784,584,101054,100,100638,100,101102,100,100161,100,101193,100,100131,100,101495,100,100014,100,101648,100,99758,200,,,99684,100,,,99661,100,,,99611,100,,,99414,100
2019-06-28 10:08:08.135700598,100847,584,100784,584,100851,100,100638,100,101054,100,100161,100,101102,100,100131,100,101193,100,100014,100,101495,100,99758,200,101648,100,99684,100,,,99661,100,,,99611,100,,,99414,100
2019-06-28 10:08:10.000000000,100847,584,100784,584,100851,100,100638,100,101054,100,100161,100,101102,100,100131,100,101193,100,100014,100,101495,100,99758,200,101648,100,99684,100,,,99661,100,,,99611,100,,,99414,100
2019-06-28 10:08:20.000000000,100847,197,100784,197,100851,197,100638,197,101054,197,100161,197,101102,197,100131,197,101193,197,100014,197,101495,100,99758,200,101648,100,99684,100,,,99661,100,,,99611,100,,,99414,100
2019-06-28 10:08:26.515318616,100847,197,100784,197,100851,197,100667,100,101054,197,100638,197,101102,197,100161,197,101193,197,100131,197,101495,100,100014,197,101648,100,99758,200,,,99684,100,,,99661,100,,,99611,100
2019-06-28 10:08:30.000000000,100847,221,100784,221,100851,221,100667,221,101054,221,100638,221,101102,221,100161,221,101193,100,100131,100,101495,100,100014,100,101648,100,99758,200,,,99684,100,,,99661,100,,,99611,100
2019-06-28 10:08:40.000000000,100847,584,100784,584,100851,100,100667,100,101054,100,100638,100,101102,100,100161,100,101193,100,100131,100,101495,100,100014,100,101648,100,99758,200,,,99684,100,,,99661,100,,,99611,100
2019-06-28 10:08:50.000000000,100847,265,100784,265,100851,260,100667,260,101054,260,100638,260,101102,100,100161,100,101193,100,100131,100,101495,100,100014,100,101648,100,99758,200,,,99684,100,,,99661,100,,,99611,100
2019-06-28 10:09:00.000000000,100847,221,100784,221,100851,221,100667,221,101054,221,100638,221,101102,221,100161,221,101193,100,100131,100,101495,100,100014,100,101648,100,99758,200,,,99684,100,,,99661,100,,,99611,100
2019-06-28 10:09:06.382409707,100847,221,100784,121,100851,221,100667,221,101054,221,100638,221,101102,221,100161,221,101193,100,100131,100,101495,100,100014,100,101648,100,99758,200,,,99684,100,,,99661,100,,,99611,100
2019-06-28 10:09:10.000000000,100847,221,100667,221,100851,221,100638,221,101054,221,100161,221,101102,221,100131,221,101193,100,100014,100,101495,100,99758,200,101648,100,99684,100,,,99661,100,,,99611,100,,,99414,100
2019-06-28 10:09:19.372852824,100846,100,100667,221,100847,221,100638,221,100851,221,100161,221,101054,221,100131,221,101102,221,99758,200,101193,100,99684,100,101495,100,99661,100,101648,100,99611,100,,,99414,100,,,99397,100
2019-06-28 10:09:20.000000000,100846,197,100667,197,100847,197,100638,197,100851,197,100161,197,101054,197,100131,197,101102,197,99758,297,101193,100,99684,100,101495,100,99661,100,101648,100,99611,100,,,99414,100,,,99397,100
2019-06-28 10:09:30.000000000,100846,221,100667,221,100847,221,100638,221,100851,221,100161,221,101054,221,100131,221,101102,100,99758,200,101193,100,99684,100,101495,100,99661,100,101648,100,99611,100,,,99414,100,,,99397,100
2019-06-28 10:09:33.181159709,100846,221,100667,221,100847,221,100638,221,100851,221,100161,221,101039,100,100131,221,101054,221,99758,200,101102,100,99684,100,101193,100,99661,100,101495,100,99611,100,101648,100,99414,100,,,99397,100
2019-06-28 10:09:40.000000000,100846,221,100667,221,100847,221,100638,221,100851,221,100161,221,101039,221,100131,221,101054,100,99758,200,101102,100,99684,100,101193,100,99661,100,101495,100,99611,100,101648,100,99414,100,,,99397,100
2019-06-28 10:09:41.592557993,100846,221,100667,121,100847,221,100638,221,100851,221,100161,221,101039,221,100131,221,101054,100,99758,200,101102,100,99684,100,101193,100,99661,100,101495,100,99611,100,101648,100,99414,100,,,99397,100
2019-06-28 10:09:48.787320920,100784,100,100667,121,100846,221,100638,221,100847,221,100161,221,100851,221,100131,221,101039,221,99758,200,101054,100,99684,100,101102,100,99661,100,101193,100,99611,100,101495,100,99414,100,101648,100,99397,100
2019-06-28 10:09:50.000000000,100784,221,100638,221,100846,221,100161,221,100847,221,100131,221,100851,221,99758,321,101039,100,99684,100,101054,100,99661,100,101102,100,99611,100,101193,100,99414,100,101495,100,99397,100,101648,100,98867,100
