,ask_price_1,ask_size_1,bid_price_1,bid_size_1,ask_price_2,ask_size_2,bid_price_2,bid_size_2,ask_price_3,ask_size_3,bid_price_3,bid_size_3,ask_price_4,ask_size_4,bid_price_4,bid_size_4,ask_price_5,ask_size_5,bid_price_5,bid_size_5,ask_price_6,ask_size_6,bid_price_6,bid_size_6,ask_price_7,ask_size_7,bid_price_7,bid_size_7,ask_price_8,ask_size_8,bid_price_8,bid_size_8,ask_price_9,ask_size_9,bid_price_9,bid_size_9,ask_price_10,ask_size_10,bid_price_10,bid_size_10
2019-06-28 09:30:00.000000000,100205,100,99918,100,,,,,,,,,,,,,,,,,,,,,,,,,,,,,,,,,,,,
2019-06-28 09:30:00.000000001,100205,100,99947,100,,,99929,100,,,99918,100,,,,,,,,,,,,,,,,,,,,,,,,,,,,
2019-06-28 09:30:00.000000005,100205,100,99980,100,,,99947,100,,,99929,100,,,99918,100,,,,,,,,,,,,,,,,,,,,,,,,
2019-06-28 09:30:00.000000006,100002,100,99980,100,100205,100,99947,100,,,99929,100,,,99918,100,,,,,,,,,,,,,,,,,,,,,,,,
2019-06-28 09:30:00.000000007,100002,100,99980,100,100066,100,99947,100,100205,100,99929,100,,,99918,100,,,,,,,,,,,,,,,,,,,,,,,,
2019-06-28 09:30:00.000000009,100002,100,99980,100,100066,100,99947,100,100205,100,99929,100,,,99918,100,,,99894,100,,,99883,100,,,,,,,,,,,,,,,,
2019-06-28 09:30:00.000000011,100066,100,99980,100,100205,100,99947,100,,,99929,100,,,99918,100,,,99894,100,,,99883,100,,,,,,,,,,,,,,,,
2019-06-28 09:30:00.000000013,100066,100,99947,100,100205,100,99929,100,,,99918,100,,,99894,100,,,99883,100,,,,,,,,,,,,,,,,,,,,
2019-06-28 09:30:00.000000016,100066,100,99947,100,100205,100,99929,100,,,99918,200,,,99894,100,,,99883,100,,,,,,,,,,,,,,,,,,,,
2019-06-28 09:30:00.000000019,100066,100,99947,100,100205,100,99929,100,,,99918,200,,,99894,100,,,99883,100,,,99797,100,,,,,,,,,,,,,,,,
2019-06-28 09:30:00.000000020,100066,100,99980,100,100205,100,99947,100,,,99929,100,,,99918,200,,,99894,100,,,99883,100,,,99797,100,,,,,,,,,,,,
2019-06-28 09:30:00.000000023,100066,100,99980,100,100072,100,99947,100,100205,100,99929,100,,,99918,200,,,99894,100,,,99883,100,,,99797,100,,,,,,,,,,,,
2019-06-28 09:30:00.000000025,100066,100,99980,100,100072,100,99947,100,100107,100,99929,100,100205,100,99918,200,,,99894,100,,,99883,100,,,99797,100,,,,,,,,,,,,
2019-06-28 09:30:00.000000026,100066,100,99980,200,100072,100,99947,100,100107,100,99929,100,100205,100,99918,200,,,99894,100,,,99883,100,,,99797,100,,,,,,,,,,,,
2019-06-28 09:30:00.000000028,100002,100,99980,200,100066,100,99947,100,100072,100,99929,100,100107,100,99918,200,100205,100,99894,100,,,99883,100,,,99797,100,,,,,,,,,,,,
2019-06-28 09:30:00.000000030,100002,100,99980,200,100066,100,99947,100,100072,100,99929,100,100107,100,99918,200,100205,100,99894,100,,,99883,100,,,99797,100,,,99762,100,,,,,,,,
2019-06-28 09:30:00.000000031,100002,100,99980,200,100050,100,99947,100,100066,100,99929,100,100072,100,99918,200,100107,100,99894,100,100205,100,99883,100,,,99797,100,,,99762,100,,,,,,,,
2019-06-28 09:30:00.000000033,100002,100,99980,200,100050,100,99971,100,100066,100,99947,100,100072,100,99929,100,100107,100,99927,100,100205,100,99918,200,,,99894,100,,,99883,100,,,99797,100,,,99762,100
2019-06-28 09:30:00.000000034,100002,100,99980,200,100050,100,99971,100,100066,100,99947,100,100072,100,99929,100,100107,100,99927,100,100128,100,99924,100,100205,100,99918,200,,,99894,100,,,99883,100,,,99797,100
2019-06-28 09:30:00.000000035,100002,100,99980,200,100050,100,99971,100,100066,100,99947,100,100072,100,99929,100,100107,100,99927,100,100128,100,99924,100,100205,100,99918,200,,,99915,100,,,99894,100,,,99883,100
2019-06-28 09:30:00.000000036,100002,100,99980,200,100050,100,99972,100,100066,100,99971,100,100072,100,99947,100,100107,100,99929,100,100128,100,99927,100,100205,100,99924,100,,,99918,200,,,99915,100,,,99894,100
2019-06-28 09:30:00.000000037,99989,100,99980,200,100002,100,99972,100,100017,100,99971,100,100050,100,99947,100,100066,100,99929,100,100072,100,99927,100,100107,100,99924,100,100128,100,99918,200,100205,100,99915,100,,,99894,100
2019-06-28 09:30:00.000000038,99989,100,99980,300,100002,100,99972,100,100017,100,99971,100,100050,100,99947,100,100066,100,99929,100,100072,100,99927,100,100107,100,99924,100,100128,100,99918,200,100205,100,99915,100,,,99894,100
2019-06-28 09:30:00.000000043,99989,100,99980,400,100002,100,99972,100,100017,100,99971,100,100050,100,99947,100,100066,100,99929,100,100072,100,99927,100,100107,100,99924,100,100128,100,99918,200,100205,100,99915,100,,,99894,100
2019-06-28 09:30:00.000000044,99989,100,99980,400,100002,100,99972,100,100017,100,99971,100,100050,100,99947,100,100066,100,99929,100,100072,100,99927,100,100107,100,99924,100,100128,100,99918,200,100174,100,99915,100,100205,100,99894,100
2019-06-28 09:30:00.000000045,99989,100,99980,400,100002,100,99972,100,100017,100,99971,100,100019,100,99947,100,100050,100,99929,100,100066,100,99927,100,100072,100,99924,100,100107,100,99918,200,100128,100,99915,100,100174,100,99894,100
2019-06-28 09:30:00.000000046,100002,100,99980,400,100017,100,99972,100,100019,100,99971,100,100050,100,99947,100,100066,100,99929,100,100072,100,99927,100,100107,100,99924,100,100128,100,99918,200,100174,100,99915,100,100205,100,99894,100
2019-06-28 09:30:00.000000050,100002,100,99980,400,100017,100,99972,100,100019,100,99971,100,100050,100,99947,100,100066,100,99929,100,100072,100,99927,100,100095,100,99924,100,100107,100,99918,200,100128,100,99915,100,100174,100,99894,100
2019-06-28 09:30:00.000000051,100017,100,99980,400,100019,100,99972,100,100050,100,99971,100,100066,100,99947,100,100072,100,99929,100,100095,100,99927,100,100107,100,99924,100,100128,100,99918,200,100174,100,99915,100,100205,100,99894,100
2019-06-28 09:30:00.000000052,100017,100,99980,300,100019,100,99972,100,100050,100,99971,100,100066,100,99947,100,100072,100,99929,100,100095,100,99927,100,100107,100,99924,100,100128,100,99918,200,100174,100,99915,100,100205,100,99894,100
2019-06-28 09:30:00.000000054,100017,100,99980,300,100019,100,99972,100,100050,100,99971,100,100066,100,99947,100,100072,100,99929,100,100095,100,99927,100,100102,100,99924,100,100107,100,99918,200,100128,100,99915,100,100174,100,99894,100
2019-06-28 09:30:00.000000056,100002,100,99980,300,100017,100,99972,100,100019,100,99971,100,100050,100,99947,100,100066,100,99929,100,100072,100,99927,100,100095,100,99924,100,100102,100,99918,200,100107,100,99915,100,100128,100,99894,100
2019-06-28 09:30:00.000000058,100002,100,99980,300,100017,100,99972,100,100019,100,99971,100,100050,100,99947,100,100066,100,99930,100,100072,100,99929,100,100095,100,99927,100,100102,100,99924,100,100107,100,99918,200,100128,100,99915,100
2019-06-28 09:30:00.000000059,100002,100,99994,100,100017,100,99980,300,100019,100,99972,100,100050,100,99971,100,100066,100,99947,100,100072,200,99930,100,100095,100,99929,100,100102,100,99927,100,100107,100,99924,100,100128,100,99918,200
2019-06-28 09:30:00.000000062,100002,100,99994,100,100017,100,99980,300,100019,100,99972,100,100047,100,99971,100,100050,100,99947,100,100066,100,99930,100,100072,200,99929,100,100095,100,99927,100,100102,100,99924,100,100107,100,99918,200
2019-06-28 09:30:00.000000065,100002,100,99994,100,100017,100,99980,400,100019,100,99972,100,100047,100,99971,100,100050,100,99947,100,100066,100,99930,100,100072,200,99929,100,100095,100,99927,100,100102,100,99924,100,100107,100,99918,200
2019-06-28 09:30:00.000000069,100002,100,99994,100,100017,100,99980,400,100019,100,99972,100,100047,100,99971,100,100050,100,99947,100,100066,100,99930,100,100072,200,99929,100,100095,100,99927,100,100102,100,99924,100,100107,100,99918,200
2019-06-28 09:30:00.000000070,100017,100,99994,100,100019,100,99980,400,100047,100,99972,100,100050,100,99971,100,100056,100,99947,100,100066,100,99930,100,100072,200,99929,100,100095,100,99927,100,100102,100,99924,100,100107,200,99918,200
2019-06-28 09:30:00.000000071,100017,100,99980,400,100019,100,99972,100,100047,100,99971,100,100050,100,99947,100,100056,100,99930,100,100066,100,99929,100,100072,200,99927,100,100095,100,99924,100,100102,100,99918,200,100107,200,99915,100
2019-06-28 09:30:00.000000073,100017,100,99980,400,100019,100,99972,100,100047,100,99971,100,100050,100,99947,100,100056,100,99930,100,100066,100,99929,100,100072,200,99927,100,100095,100,99924,100,100102,100,99918,200,100107,200,99915,100
2019-06-28 09:30:00.000000078,100017,100,99980,400,100019,100,99972,100,100047,100,99971,100,100050,100,99947,100,100051,100,99930,100,100056,100,99929,100,100066,100,99927,100,100072,200,99924,100,100095,100,99918,200,100102,100,99915,100
2019-06-28 09:30:00.000000080,100017,100,99980,400,100019,100,99972,100,100047,100,99971,100,100050,100,99947,100,100051,100,99930,100,100056,100,99929,100,100066,100,99927,100,100072,200,99924,100,100095,100,99918,200,100102,100,99915,100
2019-06-28 09:30:00.000000081,100017,100,100006,100,100019,100,99980,400,100047,100,99972,100,100050,100,99971,100,100051,100,99947,100,100056,100,99930,100,100066,100,99929,100,100072,200,99927,100,100095,100,99924,100,100102,100,99918,200
2019-06-28 09:30:00.000000086,100019,100,100007,100,100047,100,100006,100,100050,100,99980,400,100051,100,99972,100,100056,100,99971,100,100066,100,99947,100,100072,200,99930,100,100095,100,99929,100,100102,100,99927,100,100107,200,99924,100
2019-06-28 09:30:00.000000088,100019,100,100007,200,100047,100,100006,100,100050,100,99980,400,100051,100,99972,100,100056,100,99971,100,100066,100,99947,100,100072,200,99930,100,100095,100,99929,100,100102,100,99927,100,100107,200,99924,100
2019-06-28 09:30:00.000000089,100019,100,100007,300,100047,100,100006,100,100050,100,99980,400,100051,100,99972,100,100056,100,99971,100,100066,100,99947,100,100072,200,99930,100,100095,100,99929,100,100102,100,99927,100,100107,200,99924,100
2019-06-28 09:30:00.000000090,100019,100,100007,300,100047,100,100006,100,100050,100,99980,400,100051,100,99972,100,100056,100,99971,100,100066,100,99947,100,100072,200,99930,100,100095,100,99929,100,100102,100,99927,100,100107,200,99924,100
2019-06-28 09:30:00.000000092,100017,100,100007,300,100019,100,100006,100,100047,100,99980,400,100050,100,99972,100,100051,100,99971,100,100056,100,99947,100,100066,100,99930,100,100072,200,99929,100,100095,100,99927,100,100102,100,99924,100
2019-06-28 09:30:00.000000095,100017,100,100007,300,100019,100,100006,100,100047,100,99980,400,100050,100,99972,100,100051,100,99971,100,100056,100,99947,100,100066,100,99930,100,100072,200,99929,100,100095,100,99927,100,100102,100,99924,100
2019-06-28 09:30:03.190094135,100017,100,100007,300,100019,100,100006,100,100047,100,99980,400,100050,100,99972,100,100051,100,99971,100,100056,100,99947,100,100066,100,99930,100,100072,200,99929,100,100095,100,99927,100,100102,100,99924,100
2019-06-28 09:30:10.000000000,100017,232,100007,432,100019,232,100006,232,100047,100,99980,400,100050,100,99972,100,100051,100,99971,100,100056,100,99947,100,100066,100,99930,100,100072,200,99929,100,100095,100,99927,100,100102,100,99924,100
2019-06-28 09:30:10.100649749,100017,332,100007,432,100019,232,100006,232,100047,100,99980,400,100050,100,99972,100,100051,100,99971,100,100056,100,99947,100,100066,100,99930,100,100072,200,99929,100,100095,100,99927,100,100102,100,99924,100
2019-06-28 09:30:20.000000000,100017,253,100007,353,100019,153,100006,153,100047,153,99980,453,100050,153,99972,153,100051,153,99971,153,100056,100,99947,100,100066,100,99930,100,100072,200,99929,100,100095,100,99927,100,100102,100,99924,100
2019-06-28 09:30:24.377797762,100017,253,100007,353,100019,53,100006,153,100047,153,99980,453,100050,153,99972,153,100051,153,99971,153,100056,100,99947,100,100066,100,99930,100,100072,200,99929,100,100095,100,99927,100,100102,100,99924,100
2019-06-28 09:30:29.810420237,100017,253,100007,353,100019,53,100006,153,100047,153,99980,453,100050,153,99972,153,100051,153,99971,153,100056,100,99947,100,100066,100,99930,100,100072,200,99929,100,100095,100,99927,100,100097,100,99924,100
2019-06-28 09:30:30.000000000,100017,332,100007,432,100047,232,100006,232,100050,100,99980,400,100051,100,99972,100,100056,100,99971,100,100066,100,99947,100,100072,200,99930,100,100095,100,99929,100,100097,100,99927,100,100102,100,99924,100
2019-06-28 09:30:40.000000000,100017,253,100007,353,100047,153,100006,153,100050,153,99980,453,100051,153,99972,153,100056,153,99971,153,100066,100,99947,100,100072,200,99930,100,100095,100,99929,100,100097,100,99927,100,100102,100,99924,100
2019-06-28 09:30:50.000000000,100017,289,100007,389,100047,187,100006,187,100050,187,99980,487,100051,100,99972,100,100056,100,99971,100,100066,100,99947,100,100072,200,99930,100,100095,100,99929,100,100097,100,99927,100,100102,100,99924,100
2019-06-28 09:31:00.000000000,100017,253,100007,353,100047,153,100006,153,100050,153,99980,453,100051,153,99972,153,100056,153,99971,153,100066,100,99947,100,100072,200,99930,100,100095,100,99929,100,100097,100,99927,100,100102,100,99924,100
2019-06-28 09:31:08.400922619,100017,253,100007,253,100047,153,100006,153,100050,153,99980,453,100051,153,99972,153,100056,53,99971,153,100066,100,99947,100,100072,200,99930,100,100095,100,99929,100,100097,100,99927,100,100102,100,99924,100
2019-06-28 09:31:10.000000000,100017,463,100007,463,100047,100,100006,100,100050,100,99980,400,100051,100,99972,100,100066,100,99971,100,100072,200,99947,100,100095,100,99930,100,100097,100,99929,100,100102,100,99927,100,100107,200,99924,100
2019-06-28 09:31:20.000000000,100017,332,100007,332,100047,232,100006,232,100050,100,99980,400,100051,100,99972,100,100066,100,99971,100,100072,200,99947,100,100095,100,99930,100,100097,100,99929,100,100102,100,99927,100,100107,200,99924,100
2019-06-28 09:31:28.111513478,100016,100,100007,232,100017,332,100006,232,100047,232,99980,400,100050,100,99972,100,100051,100,99971,100,100066,100,99947,100,100072,200,99930,100,100095,100,99929,100,100097,100,99927,100,100102,100,99924,100
2019-06-28 09:31:30.000000000,100016,363,100007,363,100017,200,100006,100,100047,100,99980,400,100050,100,99972,100,100051,100,99971,100,100066,100,99947,100,100072,200,99930,100,100095,100,99929,100,100097,100,99927,100,100102,100,99924,100
2019-06-28 09:31:34.772824994,100016,363,100007,363,100017,200,100006,100,100047,100,100000,100,100050,100,99980,400,100051,100,99972,100,100066,100,99971,100,100072,200,99947,100,100095,100,99930,100,100097,100,99929,100,100102,100,99927,100
2019-06-28 09:31:39.400342911,100016,363,100007,363,100017,200,100006,100,100047,100,99980,400,100050,100,99972,100,100051,100,99971,100,100066,100,99947,100,100072,200,99930,100,100095,100,99929,100,100097,100,99927,100,100102,100,99924,100
2019-06-28 09:31:40.000000000,100016,232,100007,232,100017,332,100006,232,100047,100,99980,400,100050,100,99972,100,100051,100,99971,100,100066,100,99947,100,100072,200,99930,100,100095,100,99929,100,100097,100,99927,100,100102,100,99924,100
2019-06-28 09:31:42.020266825,100016,232,100007,132,100017,332,100006,232,100047,100,99980,400,100050,100,99972,100,100051,100,99971,100,100066,100,99947,100,100072,200,99930,100,100095,100,99929,100,100097,100,99927,100,100102,100,99924,100
2019-06-28 09:31:47.645676190,100016,232,100007,132,100017,332,100006,232,100047,100,99992,100,100050,100,99980,400,100051,100,99972,100,100066,100,99971,100,100072,200,99947,100,100095,100,99930,100,100097,100,99929,100,100102,100,99927,100
2019-06-28 09:31:49.488138648,100016,232,100007,32,100017,332,100006,232,100047,100,99992,100,100050,100,99980,400,100051,100,99972,100,100066,100,99971,100,100072,200,99947,100,100095,100,99930,100,100097,100,99929,100,100102,100,99927,100
2019-06-28 09:31:50.000000000,100016,153,100006,153,100017,253,99992,153,100047,153,99980,453,100050,153,99972,153,100051,153,99971,153,100066,100,99947,100,100072,200,99930,100,100095,100,99929,100,100097,100,99927,100,100102,100,99924,100
2019-06-28 09:32:00.000000000,100016,232,100006,232,100017,332,99992,232,100047,100,99980,400,100050,100,99972,100,100051,100,99971,100,100066,100,99947,100,100072,200,99930,100,100095,100,99929,100,100097,100,99927,100,100102,100,99924,100
2019-06-28 09:32:03.791753405,100016,232,100006,132,100017,332,99992,232,100047,100,99980,400,100050,100,99972,100,100051,100,99971,100,100066,100,99947,100,100072,200,99930,100,100095,100,99929,100,100097,100,99927,100,100102,100,99924,100
2019-06-28 09:32:06.646467183,100016,232,100006,132,100017,332,99992,232,100047,100,99980,400,100051,100,99972,100,100066,100,99971,100,100072,200,99947,100,100095,100,99930,100,100097,100,99929,100,100102,100,99927,100,100107,100,99924,100
2019-06-28 09:32:10.000000000,100016,153,99992,153,100017,253,99980,453,100047,153,99972,153,100051,153,99971,153,100066,153,99947,153,100072,200,99930,100,100095,100,99929,100,100097,100,99927,100,100102,100,99924,100,100107,100,99918,200
2019-06-28 09:32:16.125902679,100016,153,99992,153,100017,253,99980,453,100047,153,99972,153,100051,153,99971,153,100066,153,99947,153,100072,200,99930,100,100095,100,99929,100,100097,100,99927,100,100102,100,99924,100,100107,100,99918,200
2019-06-28 09:32:20.000000000,100016,189,99992,189,100017,287,99980,487,100047,187,99972,187,100051,100,99971,100,100066,100,99947,100,100072,200,99930,100,100095,100,99929,100,100097,100,99927,100,100102,100,99924,100,100107,100,99918,200
2019-06-28 09:32:28.626564617,100016,189,99992,189,100017,287,99980,487,100047,187,99972,87,100051,100,99971,100,100066,100,99947,100,100072,200,99930,100,100095,100,99929,100,100097,100,99927,100,100102,100,99924,100,100107,100,99918,200
2019-06-28 09:32:30.000000000,100016,363,99992,363,100017,200,99980,400,100047,100,99971,100,100051,100,99947,100,100066,100,99930,100,100072,200,99929,100,100095,100,99927,100,100097,100,99924,100,100102,100,99918,200,100107,100,99917,100
2019-06-28 09:32:40.000000000,100016,363,99992,363,100017,200,99980,400,100047,100,99971,100,100051,100,99947,100,100066,100,99930,100,100072,200,99929,100,100095,100,99927,100,100097,100,99924,100,100102,100,99918,200,100107,100,99917,100
2019-06-28 09:32:50.000000000,100016,363,99992,363,100017,200,99980,400,100047,100,99971,100,100051,100,99947,100,100066,100,99930,100,100072,200,99929,100,100095,100,99927,100,100097,100,99924,100,100102,100,99918,200,100107,100,99917,100
2019-06-28 09:32:59.893119111,100016,363,99992,263,100017,200,99980,400,100047,100,99971,100,100051,100,99947,100,100066,100,99930,100,100072,200,99929,100,100095,100,99927,100,100097,100,99924,100,100102,100,99918,200,100107,100,99915,100
2019-06-28 09:33:00.000000000,100016,232,99980,532,100017,332,99971,232,100047,100,99947,100,100051,100,99930,100,100066,100,99929,100,100072,200,99927,100,100095,100,99924,100,100097,100,99918,200,100102,100,99915,100,100107,100,99894,100
2019-06-28 09:33:10.000000000,100016,189,99980,489,100017,287,99971,187,100047,187,99947,187,100051,100,99930,100,100066,100,99929,100,100072,200,99927,100,100095,100,99924,100,100097,100,99918,200,100102,100,99915,100,100107,100,99894,100
2019-06-28 09:33:10.747872163,100016,189,99980,489,100017,287,99971,187,100047,187,99947,187,100051,100,99930,100,100072,200,99929,100,100095,100,99927,100,100097,100,99924,100,100102,100,99918,200,100107,100,99915,100,100128,100,99894,100
2019-06-28 09:33:20.000000000,100016,153,99980,453,100017,253,99971,153,100047,153,99947,153,100051,153,99930,153,100072,253,99929,153,100095,100,99927,100,100097,100,99924,100,100102,100,99918,200,100107,100,99915,100,100128,100,99894,100
2019-06-28 09:33:27.492887985,100016,153,99980,353,100017,253,99971,153,100047,153,99947,153,100051,153,99930,153,100072,253,99929,153,100095,100,99927,100,100097,100,99924,100,100102,100,99918,200,100107,100,99915,100,100128,100,99894,100
2019-06-28 09:33:30.000000000,100016,232,99980,432,100017,332,99971,232,100047,100,99947,100,100051,100,99930,100,100072,200,99929,100,100095,100,99927,100,100097,100,99924,100,100102,100,99918,200,100107,100,99915,100,100128,100,99894,100
2019-06-28 09:33:40.000000000,100016,232,99980,432,100017,332,99971,232,100047,100,99947,100,100051,100,99930,100,100072,200,99929,100,100095,100,99927,100,100097,100,99924,100,100102,100,99918,200,100107,100,99915,100,100128,100,99894,100
2019-06-28 09:33:49.096219322,99992,100,99980,432,100016,232,99971,232,100017,332,99947,100,100047,100,99930,100,100051,100,99929,100,100072,200,99927,100,100095,100,99924,100,100097,100,99918,200,100102,100,99915,100,100107,100,99894,100
2019-06-28 09:33:50.000000000,99992,153,99980,353,100016,153,99971,153,100017,253,99947,153,100047,153,99930,153,100051,153,99929,153,100072,200,99927,100,100095,100,99924,100,100097,100,99918,200,100102,100,99915,100,100107,100,99894,100
2019-06-28 09:34:00.000000000,99992,189,99980,389,100016,187,99971,187,100017,287,99947,187,100047,100,99930,100,100051,100,99929,100,100072,200,99927,100,100095,100,99924,100,100097,100,99918,200,100102,100,99915,100,100107,100,99894,100
2019-06-28 09:34:00.686529097,99992,189,99980,289,100016,187,99971,187,100017,287,99947,187,100047,100,99930,100,100051,100,99929,100,100072,200,99927,100,100095,100,99924,100,100097,100,99918,200,100102,100,99915,100,100128,100,99894,100
2019-06-28 09:34:09.297663948,99992,189,99980,289,100016,187,99971,187,100017,287,99947,187,100047,100,99930,100,100051,100,99929,100,100072,200,99927,100,100095,100,99924,100,100097,100,99918,200,100102,100,99915,100,100128,100,99894,100
2019-06-28 09:34:10.000000000,99992,232,99980,332,100016,232,99971,232,100017,200,99947,100,100047,100,99930,100,100051,100,99929,100,100072,200,99927,100,100095,100,99924,100,100097,100,99918,200,100102,100,99915,100,100128,100,99894,100
2019-06-28 09:34:13.560428250,99992,132,99980,332,100016,232,99971,232,100017,200,99947,100,100047,100,99930,100,100051,100,99929,100,100072,200,99927,100,100095,100,99924,100,100097,100,99918,200,100102,100,99915,100,100128,100,99894,100
2019-06-28 09:34:15.408736318,99992,132,99980,232,100016,232,99971,132,100017,200,99947,100,100047,100,99930,100,100051,100,99929,100,100072,200,99927,100,100095,100,99924,100,100097,100,99918,200,100102,100,99915,100,100128,100,99894,100
2019-06-28 09:34:20.000000000,100016,363,99980,363,100017,200,99947,100,100047,100,99930,100,100051,100,99929,100,100072,200,99927,100,100095,100,99924,100,100097,100,99918,200,100102,100,99915,100,100128,100,99894,100,100135,100,99892,100
2019-06-28 09:34:22.883360269,100016,363,99980,263,100017,200,99947,100,100047,100,99930,100,100051,100,99929,100,100072,200,99927,100,100095,100,99924,100,100097,100,99918,200,100102,100,99915,100,100128,100,99894,100,100135,100,99892,100
2019-06-28 09:34:25.066599838,100016,363,99980,263,100017,200,99947,100,100047,100,99930,100,100051,100,99929,100,100072,100,99927,100,100095,100,99924,100,100097,100,99918,200,100102,100,99915,100,100128,100,99894,100,100135,100,99892,100
2019-06-28 09:34:30.000000000,100016,232,99947,232,100017,332,99930,232,100047,100,99929,100,100051,100,99927,100,100072,100,99924,100,100095,100,99918,200,100097,100,99915,100,100102,100,99894,100,100128,100,99892,100,100135,100,99886,100
2019-06-28 09:34:40.000000000,100016,189,99947,189,100017,287,99930,187,100047,187,99929,187,100051,100,99927,100,100072,100,99924,100,100095,100,99918,200,100097,100,99915,100,100102,100,99894,100,100128,100,99892,100,100135,100,99886,100
2019-06-28 09:34:50.000000000,100016,189,99947,189,100017,287,99930,187,100047,187,99929,187,100051,100,99927,100,100072,100,99924,100,100095,100,99918,200,100097,100,99915,100,100102,100,99894,100,100128,100,99892,100,100135,100,99886,100
2019-06-28 09:34:56.768523363,99980,100,99947,189,100016,189,99930,187,100017,187,99929,187,100047,187,99927,100,100051,100,99924,100,100072,100,99918,200,100095,100,99915,100,100097,100,99894,100,100102,100,99892,100,100128,100,99886,100
2019-06-28 09:35:00.000000000,99980,166,99947,166,100016,166,99930,166,100017,166,99929,166,100047,166,99927,166,100051,100,99924,100,100072,100,99918,200,100095,100,99915,100,100097,100,99894,100,100102,100,99892,100,100128,100,99886,100
2019-06-28 09:35:10.000000000,99980,166,99947,166,100016,166,99930,166,100017,166,99929,166,100047,166,99927,166,100051,100,99924,100,100072,100,99918,200,100095,100,99915,100,100097,100,99894,100,100102,100,99892,100,100128,100,99886,100
2019-06-28 09:35:20.000000000,99980,232,99947,232,100016,232,99930,232,100017,100,99929,100,100047,100,99927,100,100051,100,99924,100,100072,100,99918,200,100095,100,99915,100,100097,100,99894,100,100102,100,99892,100,100128,100,99886,100
2019-06-28 09:35:30.000000000,99980,153,99947,153,100016,153,99930,153,100017,153,99929,153,100047,153,99927,153,100051,153,99924,153,100072,100,99918,200,100095,100,99915,100,100097,100,99894,100,100102,100,99892,100,100128,100,99886,100
2019-06-28 09:35:39.223469226,99980,253,99947,153,100016,153,99930,153,100017,153,99929,153,100047,153,99927,153,100051,153,99924,153,100072,100,99918,100,100095,100,99915,100,100097,100,99894,100,100102,100,99892,100,100128,100,99886,100
2019-06-28 09:35:40.000000000,99980,253,99947,153,100016,153,99930,153,100017,153,99929,153,100047,153,99927,153,100051,153,99924,153,100072,100,99918,100,100095,100,99915,100,100097,100,99894,100,100102,100,99892,100,100128,100,99886,100
2019-06-28 09:35:50.000000000,99980,463,99947,363,100016,100,99930,100,100017,100,99929,100,100047,100,99927,100,100051,100,99924,100,100072,100,99918,100,100095,100,99915,100,100097,100,99894,100,100102,100,99892,100,100128,100,99886,100
2019-06-28 09:35:55.497315386,99980,463,99976,100,100016,100,99947,363,100017,100,99930,100,100047,100,99929,100,100051,100,99927,100,100072,100,99924,100,100095,100,99918,100,100097,100,99915,100,100102,100,99894,100,100128,100,99892,100
2019-06-28 09:36:00.000000000,99980,253,99976,153,100016,153,99947,153,100017,153,99930,153,100047,153,99929,153,100051,153,99927,153,100072,100,99924,100,100095,100,99918,100,100097,100,99915,100,100102,100,99894,100,100128,100,99892,100
2019-06-28 09:36:00.758646825,99980,253,99976,153,100016,153,99947,153,100017,153,99930,153,100047,153,99929,153,100051,153,99927,153,100072,100,99924,100,100097,100,99918,100,100102,100,99915,100,100128,100,99894,100,100135,100,99892,100
2019-06-28 09:36:06.680968038,99980,253,99976,53,100016,153,99947,153,100017,153,99930,153,100047,153,99929,153,100051,153,99927,153,100072,100,99924,100,100097,100,99918,100,100102,100,99915,100,100128,100,99894,100,100135,100,99892,100
2019-06-28 09:36:10.000000000,99980,266,99947,166,100016,166,99930,166,100017,166,99929,166,100047,166,99927,166,100051,100,99924,100,100072,100,99918,100,100097,100,99915,100,100102,100,99894,100,100128,100,99892,100,100135,100,99886,100
2019-06-28 09:36:17.065734893,99980,266,99947,166,100016,166,99930,166,100017,166,99929,166,100047,166,99927,166,100051,100,99924,100,100072,100,99918,100,100097,100,99915,100,100102,100,99892,100,100128,100,99886,100,100135,100,99883,200
2019-06-28 09:36:18.311260206,99980,266,99947,166,100016,166,99930,166,100017,166,99929,166,100047,166,99927,166,100051,100,99924,100,100072,100,99918,100,100097,100,99915,100,100128,100,99892,100,100135,100,99886,100,100160,100,99883,200
2019-06-28 09:36:20.000000000,99980,332,99947,232,100016,232,99930,232,100017,100,99929,100,100047,100,99927,100,100051,100,99924,100,100072,100,99918,100,100097,100,99915,100,100128,100,99892,100,100135,100,99886,100,100160,100,99883,200
2019-06-28 09:36:21.914354305,99980,232,99947,232,100016,232,99930,132,100017,100,99929,100,100047,100,99927,100,100051,100,99924,100,100072,100,99918,100,100097,100,99915,100,100128,100,99892,100,100135,100,99886,100,100160,100,99883,200
2019-06-28 09:36:30.000000000,99980,153,99947,153,100016,153,99929,153,100017,153,99927,153,100047,153,99924,153,100051,153,99918,153,100072,100,99915,100,100097,100,99892,100,100128,100,99886,100,100135,100,99883,200,100160,100,99874,100
2019-06-28 09:36:40.000000000,99980,189,99947,189,100016,187,99929,187,100017,187,99927,187,100047,100,99924,100,100051,100,99918,100,100072,100,99915,100,100097,100,99892,100,100128,100,99886,100,100135,100,99883,200,100160,100,99874,100
2019-06-28 09:36:50.000000000,99980,363,99947,363,100016,100,99929,100,100017,100,99927,100,100047,100,99924,100,100051,100,99918,100,100072,100,99915,100,100097,100,99892,100,100128,100,99886,100,100135,100,99883,200,100160,100,99874,100
2019-06-28 09:37:00.000000000,99980,232,99947,232,100016,232,99929,232,100017,100,99927,100,100047,100,99924,100,100051,100,99918,100,100072,100,99915,100,100097,100,99892,100,100128,100,99886,100,100135,100,99883,200,100160,100,99874,100
2019-06-28 09:37:10.000000000,99980,232,99947,232,100016,232,99929,232,100017,100,99927,100,100047,100,99924,100,100051,100,99918,100,100072,100,99915,100,100097,100,99892,100,100128,100,99886,100,100135,100,99883,200,100160,100,99874,100
2019-06-28 09:37:13.946121534,99980,232,99977,100,100016,232,99947,232,100017,100,99929,232,100047,100,99927,100,100051,100,99924,100,100072,100,99918,100,100097,100,99915,100,100128,100,99892,100,100135,100,99886,100,100160,100,99883,200
2019-06-28 09:37:20.000000000,99980,189,99977,189,100016,187,99947,187,100017,187,99929,187,100047,100,99927,100,100051,100,99924,100,100072,100,99918,100,100097,100,99915,100,100128,100,99892,100,100135,100,99886,100,100160,100,99883,200
2019-06-28 09:37:30.000000000,99980,153,99977,153,100016,153,99947,153,100017,153,99929,153,100047,153,99927,153,100051,153,99924,153,100072,100,99918,100,100097,100,99915,100,100128,100,99892,100,100135,100,99886,100,100160,100,99883,200
2019-06-28 09:37:40.000000000,99980,166,99977,166,100016,166,99947,166,100017,166,99929,166,100047,166,99927,166,100051,100,99924,100,100072,100,99918,100,100097,100,99915,100,100128,100,99892,100,100135,100,99886,100,100160,100,99883,200
2019-06-28 09:37:49.819808631,99980,166,99977,266,100016,166,99947,166,100017,166,99929,166,100047,166,99927,166,100051,100,99924,100,100072,100,99918,100,100097,100,99915,100,100128,100,99892,100,100135,100,99886,100,100160,100,99883,200
2019-06-28 09:37:50.000000000,99980,189,99977,289,100016,187,99947,187,100017,187,99929,187,100047,100,99927,100,100051,100,99924,100,100072,100,99918,100,100097,100,99915,100,100128,100,99892,100,100135,100,99886,100,100160,100,99883,200
2019-06-28 09:38:00.000000000,99980,363,99977,463,100016,100,99947,100,100017,100,99929,100,100047,100,99927,100,100051,100,99924,100,100072,100,99918,100,100097,100,99915,100,100128,100,99892,100,100135,100,99886,100,100160,100,99883,200
2019-06-28 09:38:01.583141326,99980,263,99977,463,100016,100,99947,100,100017,100,99929,100,100047,100,99927,100,100051,100,99924,100,100072,100,99918,100,100097,100,99915,100,100128,100,99892,100,100135,100,99886,100,100160,100,99883,200
2019-06-28 09:38:10.000000000,100016,232,99977,332,100017,232,99947,232,100047,100,99929,100,100051,100,99927,100,100072,100,99924,100,100097,100,99918,100,100128,100,99915,100,100135,100,99892,100,100160,100,99886,100,100174,100,99883,200
2019-06-28 09:38:10.417859287,100016,232,100002,100,100017,232,99977,332,100051,100,99947,232,100072,100,99929,100,100097,100,99927,100,100128,100,99924,100,100135,100,99918,100,100160,100,99915,100,100174,100,99892,100,100182,100,99886,100
2019-06-28 09:38:19.888179836,100016,132,100002,100,100017,232,99977,332,100051,100,99947,232,100072,100,99929,100,100097,100,99927,100,100128,100,99924,100,100135,100,99918,100,100160,100,99915,100,100174,100,99892,100,100182,100,99886,100
2019-06-28 09:38:20.000000000,100017,153,100002,153,100051,153,99977,253,100072,153,99947,153,100097,153,99929,153,100128,153,99927,153,100135,100,99924,100,100160,100,99918,100,100174,100,99915,100,100182,100,99892,100,100195,100,99886,100
2019-06-28 09:38:20.800793340,100017,53,100002,153,100051,153,99977,253,100072,153,99947,153,100097,153,99929,153,100128,153,99927,153,100135,100,99924,100,100174,100,99918,100,100182,100,99915,100,100195,100,99892,100,100205,100,99886,100
2019-06-28 09:38:30.000000000,100051,189,100002,189,100072,187,99977,287,100097,187,99947,187,100128,100,99929,100,100135,100,99927,100,100174,100,99924,100,100182,100,99918,100,100195,100,99915,100,100205,100,99892,100,100266,100,99886,100
2019-06-28 09:38:40.000000000,100051,166,100002,166,100072,166,99977,266,100097,166,99947,166,100128,166,99929,166,100135,100,99927,100,100174,100,99924,100,100182,100,99918,100,100195,100,99915,100,100205,100,99892,100,100266,100,99886,100
2019-06-28 09:38:50.000000000,100051,189,100002,189,100072,187,99977,287,100097,187,99947,187,100128,100,99929,100,100135,100,99927,100,100174,100,99924,100,100182,100,99918,100,100195,100,99915,100,100205,100,99892,100,100266,100,99886,100
2019-06-28 09:39:00.000000000,100051,232,100002,232,100072,232,99977,332,100097,100,99947,100,100128,100,99929,100,100135,100,99927,100,100174,100,99924,100,100182,100,99918,100,100195,100,99915,100,100205,100,99892,100,100266,100,99886,100
2019-06-28 09:39:10.000000000,100051,189,100002,189,100072,187,99977,287,100097,187,99947,187,100128,100,99929,100,100135,100,99927,100,100174,100,99924,100,100182,100,99918,100,100195,100,99915,100,100205,100,99892,100,100266,100,99886,100
2019-06-28 09:39:10.127823814,100051,189,100002,189,100072,187,99977,287,100097,187,99947,187,100128,100,99929,100,100135,100,99927,100,100174,100,99924,100,100182,100,99918,100,100195,100,99915,100,100205,100,99892,100,100266,100,99886,100
2019-06-28 09:39:20.000000000,100051,232,100002,232,100072,232,99977,332,100097,100,99947,100,100128,100,99929,100,100135,100,99927,100,100174,100,99924,100,100182,100,99918,100,100195,100,99915,100,100205,100,99892,100,100266,100,99886,100
2019-06-28 09:39:30.000000000,100051,232,100002,232,100072,232,99977,332,100097,100,99947,100,100128,100,99929,100,100135,100,99927,100,100174,100,99924,100,100182,100,99918,100,100195,100,99915,100,100205,100,99892,100,100266,100,99886,100
2019-06-28 09:39:37.274822368,100051,232,100002,132,100072,232,99977,332,100097,100,99947,100,100128,100,99929,100,100135,100,99927,100,100174,100,99924,100,100182,100,99918,100,100195,100,99915,100,100205,100,99892,100,100266,100,99886,100
2019-06-28 09:39:40.000000000,100051,232,99977,332,100072,232,99947,232,100097,100,99929,100,100128,100,99927,100,100135,100,99924,100,100174,100,99918,100,100182,100,99915,100,100195,100,99892,100,100205,100,99886,100,100266,100,99883,200
2019-06-28 09:39:50.000000000,100051,363,99977,463,100072,100,99947,100,100097,100,99929,100,100128,100,99927,100,100135,100,99924,100,100174,100,99918,100,100182,100,99915,100,100195,100,99892,100,100205,100,99886,100,100266,100,99883,200
2019-06-28 09:40:00.000000000,100051,232,99977,332,100072,232,99947,232,100097,100,99929,100,100128,100,99927,100,100135,100,99924,100,100174,100,99918,100,100182,100,99915,100,100195,100,99892,100,100205,100,99886,100,100266,100,99883,200
2019-06-28 09:40:04.348523233,100051,232,99977,332,100072,232,99947,232,100097,100,99929,100,100128,100,99927,100,100135,100,99924,100,100174,100,99918,100,100182,100,99915,100,100195,100,99892,100,100205,100,99886,100,100266,100,99883,200
2019-06-28 09:40:10.000000000,100051,153,99977,253,100072,153,99947,153,100097,153,99929,153,100128,153,99927,153,100135,153,99924,153,100174,100,99918,100,100182,100,99915,100,100195,100,99892,100,100205,100,99886,100,100266,100,99883,200
2019-06-28 09:40:20.000000000,100051,189,99977,289,100072,187,99947,187,100097,187,99929,187,100128,100,99927,100,100135,100,99924,100,100174,100,99918,100,100182,100,99915,100,100195,100,99892,100,100205,100,99886,100,100266,100,99883,200
2019-06-28 09:40:25.853425905,100051,189,99977,189,100072,187,99947,187,100097,187,99929,187,100135,100,99927,100,100174,100,99924,100,100182,100,99918,100,100195,100,99915,100,100205,100,99892,100,100266,100,99886,100,,,99883,200
2019-06-28 09:40:30.000000000,100051,363,99977,363,100072,100,99947,100,100097,100,99929,100,100135,100,99927,100,100174,100,99924,100,100182,100,99918,100,100195,100,99915,100,100205,100,99892,100,100266,100,99886,100,,,99883,200
2019-06-28 09:40:40.000000000,100051,189,99977,189,100072,187,99947,187,100097,187,99929,187,100135,100,99927,100,100174,100,99924,100,100182,100,99918,100,100195,100,99915,100,100205,100,99892,100,100266,100,99886,100,,,99883,200
2019-06-28 09:40:43.577944047,100051,189,99977,89,100072,187,99947,187,100097,187,99929,187,100135,100,99927,100,100174,100,99924,100,100182,100,99918,100,100195,100,99915,100,100205,100,99892,100,100266,100,99886,100,,,99883,200
2019-06-28 09:40:50.000000000,100051,153,99947,153,100072,153,99929,153,100097,153,99927,153,100135,153,99924,153,100174,153,99918,153,100182,100,99915,100,100195,100,99892,100,100205,100,99886,100,100266,100,99883,200,,,99874,100
2019-06-28 09:40:57.267697783,100051,153,99947,153,100072,153,99929,153,100097,153,99927,153,100135,153,99924,153,100174,153,99918,153,100182,100,99915,100,100195,100,99892,100,100205,100,99886,100,100266,100,99883,200,,,99874,100
2019-06-28 09:41:00.000000000,100051,232,99947,232,100072,232,99929,232,100097,100,99927,100,100135,100,99924,100,100174,100,99918,100,100182,100,99915,100,100195,100,99892,100,100205,100,99886,100,100266,100,99883,200,,,99874,100
2019-06-28 09:41:09.553342346,100051,232,99947,232,100072,232,99929,232,100097,100,99927,100,100135,100,99924,100,100174,100,99918,100,100182,100,99915,100,100195,100,99892,100,100205,100,99886,100,100266,100,99883,100,,,99874,100
2019-06-28 09:41:10.000000000,100051,363,99947,363,100072,100,99929,100,100097,100,99927,100,100135,100,99924,100,100174,100,99918,100,100182,100,99915,100,100195,100,99892,100,100205,100,99886,100,100266,100,99883,100,,,99874,100
2019-06-28 09:41:17.576329335,99977,100,99947,363,100051,363,99929,100,100072,100,99927,100,100097,100,99924,100,100135,100,99918,100,100174,100,99915,100,100182,100,99892,100,100195,100,99886,100,100266,100,99883,100,,,99874,100
2019-06-28 09:41:20.000000000,99977,153,99947,153,100051,153,99929,153,100072,153,99927,153,100097,153,99924,153,100135,153,99918,153,100174,100,99915,100,100182,100,99892,100,100195,100,99886,100,100266,100,99883,100,,,99874,100
2019-06-28 09:41:29.533328232,99977,153,99947,153,100051,153,99929,153,100072,153,99927,153,100097,153,99924,153,100135,153,99918,153,100174,100,99915,100,100182,100,99892,100,100195,100,99886,100,100266,100,99883,100,,,99874,100
2019-06-28 09:41:30.000000000,99977,189,99947,189,100051,187,99929,187,100072,187,99927,187,100097,100,99924,100,100135,100,99918,100,100174,100,99915,100,100182,100,99892,100,100195,100,99886,100,100266,100,99883,100,,,99874,100
2019-06-28 09:41:40.000000000,99977,153,99947,153,100051,153,99929,153,100072,153,99927,153,100097,153,99924,153,100135,153,99918,153,100174,100,99915,100,100182,100,99892,100,100195,100,99886,100,100266,100,99883,100,,,99874,100
2019-06-28 09:41:50.000000000,99977,232,99947,232,100051,232,99929,232,100072,100,99927,100,100097,100,99924,100,100135,100,99918,100,100174,100,99915,100,100182,100,99892,100,100195,100,99886,100,100266,100,99883,100,,,99874,100
2019-06-28 09:42:00.000000000,99977,232,99947,232,100051,232,99929,232,100072,100,99927,100,100097,100,99924,100,100135,100,99918,100,100174,100,99915,100,100182,100,99892,100,100195,100,99886,100,100266,100,99883,100,,,99874,100
2019-06-28 09:42:10.000000000,99977,363,99947,363,100051,100,99929,100,100072,100,99927,100,100097,100,99924,100,100135,100,99918,100,100174,100,99915,100,100182,100,99892,100,100195,100,99886,100,100266,100,99883,100,,,99874,100
2019-06-28 09:42:11.584151294,99977,263,99947,363,100051,100,99929,100,100072,100,99927,100,100097,100,99924,100,100135,100,99918,100,100174,100,99915,100,100195,100,99892,100,100266,100,99886,100,,,99883,100,,,99874,100
2019-06-28 09:42:20.000000000,100051,153,99947,153,100072,153,99929,153,100097,153,99927,153,100135,153,99924,153,100174,153,99918,153,100195,100,99915,100,100266,100,99892,100,,,99886,100,,,99883,100,,,99874,100
2019-06-28 09:42:30.000000000,100051,153,99947,153,100072,153,99929,153,100097,153,99927,153,100135,153,99924,153,100174,153,99918,153,100195,100,99915,100,100266,100,99892,100,,,99886,100,,,99883,100,,,99874,100
2019-06-28 09:42:40.000000000,100051,189,99947,189,100072,187,99929,187,100097,187,99927,187,100135,100,99924,100,100174,100,99918,100,100195,100,99915,100,100266,100,99892,100,,,99886,100,,,99883,100,,,99874,100
2019-06-28 09:42:46.776308675,100051,189,99947,189,100072,187,99929,187,100097,187,99927,187,100135,100,99924,100,100174,100,99918,100,100195,100,99915,100,100266,100,99892,100,100508,100,99886,100,,,99883,100,,,99874,100
2019-06-28 09:42:50.000000000,100051,232,99947,232,100072,232,99929,232,100097,100,99927,100,100135,100,99924,100,100174,100,99918,100,100195,100,99915,100,100266,100,99892,100,100508,100,99886,100,,,99883,100,,,99874,100
2019-06-28 09:42:51.835125824,100051,232,99947,232,100072,232,99929,232,100097,100,99927,100,100135,100,99924,100,100174,100,99918,100,100195,100,99915,100,100266,100,99892,100,100508,100,99886,100,100628,100,99883,100,,,99874,100
2019-06-28 09:42:52.010989424,100051,232,99978,100,100072,232,99947,232,100097,100,99929,232,100135,100,99927,100,100174,100,99924,100,100195,100,99918,100,100266,100,99915,100,100508,100,99892,100,100628,100,99886,100,,,99883,100
2019-06-28 09:42:55.783127792,100051,232,99978,100,100072,232,99947,232,100097,100,99929,232,100135,100,99927,100,100174,100,99924,100,100195,100,99918,100,100266,100,99915,100,100472,100,99892,100,100508,100,99886,100,100628,100,99883,100
2019-06-28 09:43:00.000000000,100051,166,99978,166,100072,166,99947,166,100097,166,99929,166,100135,166,99927,166,100174,100,99924,100,100195,100,99918,100,100266,100,99915,100,100472,100,99892,100,100508,100,99886,100,100628,100,99883,100
2019-06-28 09:43:06.945196331,100051,66,99978,166,100072,166,99947,166,100097,166,99929,166,100135,166,99927,166,100174,100,99924,100,100195,100,99918,100,100266,100,99915,100,100472,100,99892,100,100508,100,99886,100,100628,100,99883,100
2019-06-28 09:43:10.000000000,100072,363,99978,363,100097,100,99947,100,100135,100,99929,100,100174,100,99927,100,100195,100,99924,100,100266,100,99918,100,100472,100,99915,100,100508,100,99892,100,100628,100,99886,100,,,99883,100
2019-06-28 09:43:20.000000000,100072,232,99978,232,100097,232,99947,232,100135,100,99929,100,100174,100,99927,100,100195,100,99924,100,100266,100,99918,100,100472,100,99915,100,100508,100,99892,100,100628,100,99886,100,,,99883,100
2019-06-28 09:43:30.000000000,100072,363,99978,363,100097,100,99947,100,100135,100,99929,100,100174,100,99927,100,100195,100,99924,100,100266,100,99918,100,100472,100,99915,100,100508,100,99892,100,100628,100,99886,100,,,99883,100
2019-06-28 09:43:40.000000000,100072,189,99978,189,100097,187,99947,187,100135,187,99929,187,100174,100,99927,100,100195,100,99924,100,100266,100,99918,100,100472,100,99915,100,100508,100,99892,100,100628,100,99886,100,,,99883,100
2019-06-28 09:43:50.000000000,100072,232,99978,232,100097,232,99947,232,100135,100,99929,100,100174,100,99927,100,100195,100,99924,100,100266,100,99918,100,100472,100,99915,100,100508,100,99892,100,100628,100,99886,100,,,99883,100
2019-06-28 09:44:00.000000000,100072,189,99978,189,100097,187,99947,187,100135,187,99929,187,100174,100,99927,100,100195,100,99924,100,100266,100,99918,100,100472,100,99915,100,100508,100,99892,100,100628,100,99886,100,,,99883,100
2019-06-28 09:44:03.324686440,100072,89,99978,189,100097,187,99947,187,100135,87,99929,187,100174,100,99927,100,100195,100,99924,100,100266,100,99918,100,100472,100,99915,100,100508,100,99892,100,100628,100,99886,100,,,99883,100
2019-06-28 09:44:10.000000000,100097,153,99978,153,100174,153,99947,153,100195,153,99929,153,100266,153,99927,153,100472,153,99924,153,100508,100,99918,100,100628,100,99915,100,,,99892,100,,,99886,100,,,99883,100
2019-06-28 09:44:17.677154895,100097,153,99978,153,100174,153,99947,153,100195,153,99929,153,100266,153,99927,153,100472,153,99924,153,100508,100,99918,100,100628,100,99915,100,100779,100,99892,100,,,99886,100,,,99883,100
2019-06-28 09:44:20.000000000,100097,232,99978,232,100174,232,99947,232,100195,100,99929,100,100266,100,99927,100,100472,100,99924,100,100508,100,99918,100,100628,100,99915,100,100779,100,99892,100,,,99886,100,,,99883,100
2019-06-28 09:44:30.000000000,100097,166,99978,166,100174,166,99947,166,100195,166,99929,166,100266,166,99927,166,100472,100,99924,100,100508,100,99918,100,100628,100,99915,100,100779,100,99892,100,,,99886,100,,,99883,100
2019-06-28 09:44:40.000000000,100097,232,99978,232,100174,232,99947,232,100195,100,99929,100,100266,100,99927,100,100472,100,99924,100,100508,100,99918,100,100628,100,99915,100,100779,100,99892,100,,,99886,100,,,99883,100
2019-06-28 09:44:50.000000000,100097,153,99978,153,100174,153,99947,153,100195,153,99929,153,100266,153,99927,153,100472,153,99924,153,100508,100,99918,100,100628,100,99915,100,100779,100,99892,100,,,99886,100,,,99883,100
2019-06-28 09:45:00.000000000,100097,232,99978,232,100174,232,99947,232,100195,100,99929,100,100266,100,99927,100,100472,100,99924,100,100508,100,99918,100,100628,100,99915,100,100779,100,99892,100,,,99886,100,,,99883,100
2019-06-28 09:45:00.365068673,100097,132,99978,232,100174,232,99947,232,100195,100,99929,100,100266,100,99927,100,100472,100,99924,100,100508,100,99918,100,100628,100,99915,100,100779,100,99892,100,,,99886,100,,,99883,100
2019-06-28 09:45:05.426509044,100097,32,99978,232,100174,232,99947,232,100195,100,99929,100,100266,100,99927,100,100472,100,99924,100,100508,100,99918,100,100628,100,99915,100,100779,100,99892,100,,,99886,100,,,99883,100
2019-06-28 09:45:10.000000000,100174,232,99978,232,100195,232,99947,232,100266,100,99929,100,100472,100,99927,100,100508,100,99924,100,100628,100,99918,100,100779,100,99915,100,,,99892,100,,,99886,100,,,99883,100
2019-06-28 09:45:13.906616548,100174,132,99978,232,100195,232,99947,232,100266,100,99929,100,100472,100,99927,100,100508,100,99924,100,100628,100,99918,100,100779,100,99915,100,,,99892,100,,,99886,100,,,99883,100
2019-06-28 09:45:20.000000000,100195,363,99978,363,100266,100,99947,100,100472,100,99929,100,100508,100,99927,100,100628,100,99924,100,100779,100,99918,100,,,99915,100,,,99892,100,,,99886,100,,,99883,100
2019-06-28 09:45:30.000000000,100195,166,99978,166,100266,166,99947,166,100472,166,99929,166,100508,166,99927,166,100628,100,99924,100,100779,100,99918,100,,,99915,100,,,99892,100,,,99886,100,,,99883,100
2019-06-28 09:45:33.364945747,100195,66,99978,166,100266,166,99947,166,100472,166,99929,166,100508,166,99927,166,100628,100,99924,100,100779,100,99918,100,,,99915,100,,,99892,100,,,99886,100,,,99883,100
2019-06-28 09:45:33.832764617,100195,66,99978,66,100266,166,99947,166,100472,166,99929,166,100508,166,99927,166,100628,100,99924,100,100779,100,99918,100,,,99915,100,,,99892,100,,,99886,100,,,99883,100
2019-06-28 09:45:34.550813106,100195,66,99978,66,100266,166,99947,166,100472,166,99929,166,100508,166,99927,166,100628,100,99924,100,100779,100,99918,100,101206,100,99915,100,,,99892,100,,,99886,100,,,99883,100
2019-06-28 09:45:38.078803459,100195,66,99978,66,100266,166,99947,166,100393,100,99929,166,100472,166,99927,166,100508,166,99924,100,100628,100,99918,100,100779,100,99915,100,101206,100,99892,100,,,99886,100,,,99883,100
2019-06-28 09:45:40.000000000,100266,153,99947,153,100393,153,99929,153,100472,153,99927,153,100508,153,99924,153,100628,153,99918,153,100779,100,99915,100,101206,100,99892,100,,,99886,100,,,99883,100,,,99874,100
2019-06-28 09:45:50.000000000,100266,363,99947,363,100393,100,99929,100,100472,100,99927,100,100508,100,99924,100,100628,100,99918,100,100779,100,99915,100,101206,100,99892,100,,,99886,100,,,99883,100,,,99874,100
2019-06-28 09:46:00.000000000,100266,363,99947,363,100393,100,99929,100,100472,100,99927,100,100508,100,99924,100,100628,100,99918,100,100779,100,99915,100,101206,100,99892,100,,,99886,100,,,99883,100,,,99874,100
2019-06-28 09:46:05.556097928,100266,263,99947,363,100393,100,99929,100,100472,100,99927,100,100491,100,99924,100,100508,100,99918,100,100628,100,99915,100,100779,100,99892,100,101206,100,99886,100,,,99883,100,,,99874,100
2019-06-28 09:46:07.544829184,100266,263,100235,100,100393,100,99947,363,100472,100,99929,100,100491,100,99927,100,100508,100,99924,100,100628,100,99918,100,100779,100,99915,100,101206,100,99892,100,,,99886,100,,,99883,100
2019-06-28 09:46:10.000000000,100393,166,100235,166,100472,166,99947,166,100491,166,99929,166,100508,166,99927,166,100628,100,99924,100,100779,100,99918,100,101206,100,99915,100,,,99892,100,,,99886,100,,,99883,100
2019-06-28 09:46:20.000000000,100393,189,100235,189,100472,187,99947,187,100491,187,99929,187,100508,100,99927,100,100628,100,99924,100,100779,100,99918,100,101206,100,99915,100,,,99892,100,,,99886,100,,,99883,100
2019-06-28 09:46:27.913251011,100393,189,100235,189,100472,187,99947,187,100491,187,99929,187,100508,100,99927,100,100628,100,99924,100,100637,100,99918,100,100779,100,99915,100,101206,100,99892,100,,,99886,100,,,99883,100
2019-06-28 09:46:30.000000000,100393,363,100235,363,100472,100,99947,100,100491,100,99929,100,100508,100,99927,100,100628,100,99924,100,100637,100,99918,100,100779,100,99915,100,101206,100,99892,100,,,99886,100,,,99883,100
2019-06-28 09:46:33.084297587,100393,263,100235,363,100472,100,99947,100,100491,100,99929,100,100508,100,99927,100,100628,100,99924,100,100637,100,99918,100,100779,100,99915,100,101206,100,99892,100,,,99886,100,,,99883,100
2019-06-28 09:46:40.000000000,100472,153,100235,153,100491,153,99947,153,100508,153,99929,153,100628,153,99927,153,100637,153,99924,153,100779,100,99918,100,101206,100,99915,100,,,99892,100,,,99886,100,,,99883,100
2019-06-28 09:46:44.429140242,100491,153,100472,47,100508,153,100235,153,100628,153,99947,153,100637,153,99929,153,100779,100,99927,153,101206,100,99924,153,,,99918,100,,,99915,100,,,99892,100,,,99886,100
2019-06-28 09:46:50.000000000,100491,232,100472,179,100508,232,100235,232,100628,100,99947,100,100637,100,99929,100,100779,100,99927,100,101206,100,99924,100,,,99918,100,,,99915,100,,,99892,100,,,99886,100
2019-06-28 09:46:57.411518834,100491,132,100472,179,100508,232,100235,232,100628,100,99947,100,100637,100,99929,100,100779,100,99927,100,101206,100,99924,100,,,99918,100,,,99915,100,,,99892,100,,,99886,100
2019-06-28 09:46:59.890641105,100491,132,100472,179,100508,232,100421,100,100628,100,100235,232,100637,100,99947,100,100779,100,99929,100,101206,100,99927,100,,,99924,100,,,99918,100,,,99915,100,,,99892,100
2019-06-28 09:47:00.000000000,100508,189,100472,136,100628,187,100421,187,100637,187,100235,187,100779,100,99947,100,101206,100,99929,100,,,99927,100,,,99924,100,,,99918,100,,,99915,100,,,99892,100
2019-06-28 09:47:10.000000000,100508,153,100472,100,100628,153,100421,153,100637,153,100235,153,100779,153,99947,153,101206,153,99929,153,,,99927,100,,,99924,100,,,99918,100,,,99915,100,,,99892,100
2019-06-28 09:47:20.000000000,100508,363,100472,310,100628,100,100421,100,100637,100,100235,100,100779,100,99947,100,101206,100,99929,100,,,99927,100,,,99924,100,,,99918,100,,,99915,100,,,99892,100
2019-06-28 09:47:27.849230435,100508,363,100472,310,100628,100,100421,100,100637,100,100235,100,100779,100,99947,100,100860,100,99929,100,101206,100,99927,100,,,99924,100,,,99918,100,,,99915,100,,,99892,100
2019-06-28 09:47:30.000000000,100508,153,100472,100,100628,153,100421,153,100637,153,100235,153,100779,153,99947,153,100860,153,99929,153,101206,100,99927,100,,,99924,100,,,99918,100,,,99915,100,,,99892,100
2019-06-28 09:47:40.000000000,100508,153,100472,100,100628,153,100421,153,100637,153,100235,153,100779,153,99947,153,100860,153,99929,153,101206,100,99927,100,,,99924,100,,,99918,100,,,99915,100,,,99892,100
2019-06-28 09:47:40.361024945,100508,153,100473,100,100628,153,100472,100,100637,153,100421,153,100779,153,100235,153,100860,153,99947,153,101206,100,99929,153,,,99927,100,,,99924,100,,,99918,100,,,99915,100
2019-06-28 09:47:43.479346510,100508,153,100473,200,100628,153,100472,100,100637,153,100421,153,100779,153,100235,153,100860,153,99947,153,101206,100,99929,153,,,99927,100,,,99924,100,,,99918,100,,,99915,100
2019-06-28 09:47:50.000000000,100508,363,100473,463,100628,100,100472,47,100637,100,100421,100,100779,100,100235,100,100860,100,99947,100,101206,100,99929,100,,,99927,100,,,99924,100,,,99918,100,,,99915,100
2019-06-28 09:47:57.424244644,100508,363,100473,463,100637,100,100472,47,100779,100,100421,100,100860,100,100235,100,101206,100,99947,100,101280,100,99929,100,,,99927,100,,,99924,100,,,99918,100,,,99915,100
2019-06-28 09:48:00.000000000,100508,189,100473,289,100637,187,100472,134,100779,187,100421,187,100860,100,100235,100,101206,100,99947,100,101280,100,99929,100,,,99927,100,,,99924,100,,,99918,100,,,99915,100
2019-06-28 09:48:02.629524754,100508,189,100473,389,100637,187,100472,134,100779,187,100421,187,100860,100,100235,100,101206,100,99929,100,101280,100,99927,100,,,99924,100,,,99918,100,,,99915,100,,,99892,100
2019-06-28 09:48:10.000000000,100508,189,100473,389,100637,187,100472,134,100779,187,100421,187,100860,100,100235,100,101206,100,99929,100,101280,100,99927,100,,,99924,100,,,99918,100,,,99915,100,,,99892,100
2019-06-28 09:48:20.000000000,100508,166,100473,366,100637,166,100472,113,100779,166,100421,166,100860,166,100235,166,101206,100,99929,100,101280,100,99927,100,,,99924,100,,,99918,100,,,99915,100,,,99892,100
2019-06-28 09:48:30.000000000,100508,166,100473,366,100637,166,100472,113,100779,166,100421,166,100860,166,100235,166,101206,100,99929,100,101280,100,99927,100,,,99924,100,,,99918,100,,,99915,100,,,99892,100
2019-06-28 09:48:34.949159821,100508,66,100473,366,100637,166,100472,113,100779,166,100421,166,100860,166,100235,166,101206,100,99929,100,101280,100,99927,100,,,99924,100,,,99918,100,,,99892,100,,,99886,100
2019-06-28 09:48:40.000000000,100637,189,100473,389,100779,187,100472,134,100860,187,100421,187,101206,100,100235,100,101280,100,99929,100,,,99927,100,,,99924,100,,,99918,100,,,99892,100,,,99886,100
2019-06-28 09:48:44.734518916,100637,189,100491,100,100779,187,100473,389,100860,187,100472,134,101206,100,100421,187,101280,100,100235,100,,,99929,100,,,99927,100,,,99924,100,,,99918,100,,,99892,100
2019-06-28 09:48:45.445430352,100637,189,100491,200,100779,187,100473,389,100860,187,100472,134,101206,100,100421,187,101280,100,100235,100,,,99929,100,,,99927,100,,,99924,100,,,99918,100,,,99892,100
2019-06-28 09:48:50.000000000,100637,166,100491,266,100779,166,100473,366,100860,166,100472,113,101206,166,100421,166,101280,100,100235,100,,,99929,100,,,99927,100,,,99924,100,,,99918,100,,,99892,100
2019-06-28 09:48:50.805372930,100637,166,100491,266,100779,166,100473,366,100860,166,100472,113,101056,100,100421,166,101206,166,100235,100,101280,100,99929,100,,,99927,100,,,99924,100,,,99918,100,,,99892,100
2019-06-28 09:48:58.125169021,100637,166,100491,266,100779,166,100473,366,100860,166,100472,113,101030,100,100421,166,101056,100,100235,100,101206,166,99929,100,101280,100,99927,100,,,99924,100,,,99918,100,,,99892,100
2019-06-28 09:49:00.000000000,100637,153,100491,253,100779,153,100473,353,100860,153,100472,100,101030,153,100421,153,101056,153,100235,153,101206,100,99929,100,101280,100,99927,100,,,99924,100,,,99918,100,,,99892,100
2019-06-28 09:49:02.335460689,100637,53,100491,253,100779,153,100473,353,100860,153,100472,100,101030,153,100421,153,101056,153,100235,153,101206,100,99929,100,101280,100,99927,100,,,99924,100,,,99918,100,,,99892,100
2019-06-28 09:49:10.000000000,100779,232,100491,332,100860,232,100473,432,101030,100,100472,47,101056,100,100421,100,101206,100,100235,100,101280,100,99929,100,,,99927,100,,,99924,100,,,99918,100,,,99892,100
2019-06-28 09:49:15.856767861,100758,100,100491,332,100779,232,100473,432,100860,232,100472,47,101030,100,100421,100,101056,100,100235,100,101206,100,99929,100,101280,100,99927,100,,,99924,100,,,99918,100,,,99892,100
2019-06-28 09:49:17.775907602,100758,100,100491,332,100779,232,100473,432,100860,232,100472,47,100944,100,100421,100,101030,100,100235,100,101056,100,99929,100,101280,100,99927,100,,,99924,100,,,99918,100,,,99892,100
2019-06-28 09:49:20.000000000,100758,189,100491,289,100779,187,100473,387,100860,187,100472,134,100944,100,100421,100,101030,100,100235,100,101056,100,99929,100,101280,100,99927,100,,,99924,100,,,99918,100,,,99892,100
2019-06-28 09:49:23.488225677,100758,89,100491,289,100779,187,100473,387,100860,187,100472,134,100944,100,100421,100,101030,100,100235,100,101056,100,99929,100,101280,100,99927,100,,,99924,100,,,99918,100,,,99892,100
2019-06-28 09:49:30.000000000,100779,153,100491,253,100860,153,100473,353,100944,153,100472,100,101030,153,100421,153,101056,153,100235,153,101280,100,99929,100,,,99927,100,,,99924,100,,,99918,100,,,99892,100
2019-06-28 09:49:40.000000000,100779,166,100491,266,100860,166,100473,366,100944,166,100472,113,101030,166,100421,166,101056,100,100235,100,101280,100,99929,100,,,99927,100,,,99924,100,,,99918,100,,,99892,100
2019-06-28 09:49:42.341085282,100779,166,100637,100,100860,166,100491,166,100944,166,100473,366,101030,166,100472,113,101056,100,100421,166,101280,100,100235,100,,,99929,100,,,99927,100,,,99924,100,,,99918,100
2019-06-28 09:49:44.841565555,100779,166,100637,100,100860,166,100491,166,100897,100,100473,366,100944,166,100472,113,101030,166,100421,166,101056,100,100235,100,101280,100,99929,100,,,99927,100,,,99924,100,,,99918,100
2019-06-28 09:49:50.000000000,100779,153,100637,153,100860,153,100491,153,100897,153,100473,353,100944,153,100472,100,101030,153,100421,153,101056,100,100235,100,101280,100,99929,100,,,99927,100,,,99924,100,,,99918,100
2019-06-28 09:50:00.000000000,100779,153,100637,153,100860,153,100491,153,100897,153,100473,353,100944,153,100472,100,101030,153,100421,153,101056,100,100235,100,101280,100,99929,100,,,99927,100,,,99924,100,,,99918,100
2019-06-28 09:50:10.000000000,100779,189,100637,189,100860,187,100491,187,100897,187,100473,387,100944,100,100472,47,101030,100,100421,100,101056,100,100235,100,101280,100,99929,100,,,99927,100,,,99924,100,,,99918,100
2019-06-28 09:50:19.788683790,100779,189,100637,289,100860,187,100491,187,100897,187,100473,387,100944,100,100472,47,101030,100,100421,100,101056,100,100235,100,101280,100,99929,100,,,99927,100,,,99924,100,,,99918,100
2019-06-28 09:50:20.000000000,100779,189,100637,289,100860,187,100491,187,100897,187,100473,387,100944,100,100472,47,101030,100,100421,100,101056,100,100235,100,101280,100,99929,100,,,99927,100,,,99924,100,,,99918,100
2019-06-28 09:50:30.000000000,100779,166,100637,266,100860,166,100491,166,100897,166,100473,366,100944,166,100472,113,101030,100,100421,100,101056,100,100235,100,101280,100,99929,100,,,99927,100,,,99924,100,,,99918,100
2019-06-28 09:50:40.000000000,100779,166,100637,266,100860,166,100491,166,100897,166,100473,366,100944,166,100472,113,101030,100,100421,100,101056,100,100235,100,101280,100,99929,100,,,99927,100,,,99924,100,,,99918,100
2019-06-28 09:50:50.000000000,100779,153,100637,253,100860,153,100491,153,100897,153,100473,353,100944,153,100472,100,101030,153,100421,153,101056,100,100235,100,101280,100,99929,100,,,99927,100,,,99924,100,,,99918,100
2019-06-28 09:51:00.000000000,100779,232,100637,332,100860,232,100491,232,100897,100,100473,300,100944,100,100472,47,101030,100,100421,100,101056,100,100235,100,101280,100,99929,100,,,99927,100,,,99924,100,,,99918,100
2019-06-28 09:51:10.000000000,100779,189,100637,289,100860,187,100491,187,100897,187,100473,387,100944,100,100472,47,101030,100,100421,100,101056,100,100235,100,101280,100,99929,100,,,99927,100,,,99924,100,,,99918,100
2019-06-28 09:51:20.000000000,100779,189,100637,289,100860,187,100491,187,100897,187,100473,387,100944,100,100472,47,101030,100,100421,100,101056,100,100235,100,101280,100,99929,100,,,99927,100,,,99924,100,,,99918,100
2019-06-28 09:51:27.170472897,100779,189,100637,289,100860,187,100491,187,100897,187,100473,387,100944,100,100472,47,101030,100,100421,100,101056,100,100235,100,101141,100,99929,100,101280,100,99927,100,,,99924,100,,,99918,100
2019-06-28 09:51:30.000000000,100779,166,100637,266,100860,166,100491,166,100897,166,100473,366,100944,166,100472,113,101030,100,100421,100,101056,100,100235,100,101141,100,99929,100,101280,100,99927,100,,,99924,100,,,99918,100
2019-06-28 09:51:40.000000000,100779,189,100637,289,100860,187,100491,187,100897,187,100473,387,100944,100,100472,47,101030,100,100421,100,101056,100,100235,100,101141,100,99929,100,101280,100,99927,100,,,99924,100,,,99918,100
2019-06-28 09:51:50.000000000,100779,189,100637,289,100860,187,100491,187,100897,187,100473,387,100944,100,100472,47,101030,100,100421,100,101056,100,100235,100,101141,100,99929,100,101280,100,99927,100,,,99924,100,,,99918,100
2019-06-28 09:52:00.000000000,100779,153,100637,253,100860,153,100491,153,100897,153,100473,353,100944,153,100472,100,101030,153,100421,153,101056,100,100235,100,101141,100,99929,100,101280,100,99927,100,,,99924,100,,,99918,100
2019-06-28 09:52:01.644696107,100779,153,100637,253,100860,153,100491,153,100897,153,100473,353,100944,153,100472,100,101030,153,100421,153,101056,100,100235,100,101141,100,99929,100,101280,100,99927,100,101354,100,99924,100,,,99918,100
2019-06-28 09:52:10.000000000,100779,363,100637,463,100860,100,100491,100,100897,100,100473,300,100944,100,100472,47,101030,100,100421,100,101056,100,100235,100,101141,100,99929,100,101280,100,99927,100,101354,100,99924,100,,,99918,100
2019-06-28 09:52:19.100781937,100779,363,100637,463,100860,100,100491,100,100868,100,100473,300,100897,100,100472,47,100944,100,100421,100,101030,100,100235,100,101056,100,99929,100,101141,100,99927,100,101280,100,99924,100,101354,100,99918,100
2019-06-28 09:52:20.000000000,100779,363,100637,463,100860,100,100491,100,100868,100,100473,300,100897,100,100472,47,100944,100,100421,100,101030,100,100235,100,101056,100,99929,100,101141,100,99927,100,101280,100,99924,100,101354,100,99918,100
2019-06-28 09:52:24.830200355,100779,363,100637,463,100860,100,100491,100,100868,100,100473,300,100897,100,100472,47,100944,100,100421,100,101018,100,100235,100,101030,100,99929,100,101056,100,99927,100,101141,100,99924,100,101280,100,99918,100
2019-06-28 09:52:29.005320073,100779,363,100637,363,100860,100,100491,100,100868,100,100473,300,100897,100,100472,47,100944,100,100421,100,101018,100,100235,100,101030,100,99929,100,101056,100,99927,100,101141,100,99924,100,101280,100,99918,100
2019-06-28 09:52:30.000000000,100779,189,100637,189,100860,187,100491,187,100868,187,100473,387,100897,100,100472,47,100944,100,100421,100,101018,100,100235,100,101030,100,99929,100,101056,100,99927,100,101141,100,99924,100,101280,100,99918,100
2019-06-28 09:52:30.560521003,100779,189,100637,189,100860,187,100491,187,100868,187,100473,387,100897,100,100472,47,100944,100,100421,100,101018,100,100235,100,101030,100,99929,100,101046,100,99927,100,101056,100,99924,100,101141,100,99918,100
2019-06-28 09:52:40.000000000,100779,153,100637,153,100860,153,100491,153,100868,153,100473,353,100897,153,100472,100,100944,153,100421,153,101018,100,100235,100,101030,100,99929,100,101046,100,99927,100,101056,100,99924,100,101141,100,99918,100
2019-06-28 09:52:50.000000000,100779,153,100637,153,100860,153,100491,153,100868,153,100473,353,100897,153,100472,100,100944,153,100421,153,101018,100,100235,100,101030,100,99929,100,101046,100,99927,100,101056,100,99924,100,101141,100,99918,100
2019-06-28 09:53:00.000000000,100779,232,100637,232,100860,232,100491,232,100868,100,100473,300,100897,100,100472,47,100944,100,100421,100,101018,100,100235,100,101030,100,99929,100,101046,100,99927,100,101056,100,99924,100,101141,100,99918,100
2019-06-28 09:53:10.000000000,100779,363,100637,363,100860,100,100491,100,100868,100,100473,300,100897,100,100472,47,100944,100,100421,100,101018,100,100235,100,101030,100,99929,100,101046,100,99927,100,101056,100,99924,100,101141,100,99918,100
2019-06-28 09:53:20.000000000,100779,166,100637,166,100860,166,100491,166,100868,166,100473,366,100897,166,100472,113,100944,100,100421,100,101018,100,100235,100,101030,100,99929,100,101046,100,99927,100,101056,100,99924,100,101141,100,99918,100
2019-06-28 09:53:30.000000000,100779,189,100637,189,100860,187,100491,187,100868,187,100473,387,100897,100,100472,47,100944,100,100421,100,101018,100,100235,100,101030,100,99929,100,101046,100,99927,100,101056,100,99924,100,101141,100,99918,100
2019-06-28 09:53:37.611483311,100779,189,100637,289,100860,187,100491,187,100868,187,100473,387,100897,100,100472,47,100944,100,100421,100,101018,100,100235,100,101030,100,99929,100,101046,100,99927,100,101056,100,99924,100,101141,100,99918,100
2019-06-28 09:53:40.000000000,100779,232,100637,332,100860,232,100491,232,100868,100,100473,300,100897,100,100472,47,100944,100,100421,100,101018,100,100235,100,101030,100,99929,100,101046,100,99927,100,101056,100,99924,100,101141,100,99918,100
2019-06-28 09:53:50.000000000,100779,363,100637,463,100860,100,100491,100,100868,100,100473,300,100897,100,100472,47,100944,100,100421,100,101018,100,100235,100,101030,100,99929,100,101046,100,99927,100,101056,100,99924,100,101141,100,99918,100
2019-06-28 09:53:53.001707997,100779,363,100637,463,100860,100,100491,100,100868,100,100473,300,100897,100,100472,47,100944,100,100421,100,101018,100,100235,100,101030,100,99929,100,101046,100,99927,100,101056,100,99924,100,101141,100,99918,100
2019-06-28 09:53:57.120888669,100779,363,100637,463,100860,100,100491,100,100868,100,100473,300,100897,100,100472,47,100944,100,100421,100,101018,100,100235,100,101030,100,99929,100,101046,100,99927,100,101056,100,99924,100,101141,100,99918,100
2019-06-28 09:54:00.000000000,100779,189,100637,289,100860,187,100491,187,100868,187,100473,387,100897,100,100472,47,100944,100,100421,100,101018,100,100235,100,101030,100,99929,100,101046,100,99927,100,101056,100,99924,100,101141,100,99918,100
2019-06-28 09:54:04.184726256,100779,189,100637,289,100860,187,100491,187,100868,187,100473,387,100897,100,100472,47,100944,100,100421,100,101018,100,100235,100,101030,100,99929,100,101046,100,99927,100,101141,100,99924,100,101280,100,99918,100
2019-06-28 09:54:10.000000000,100779,363,100637,463,100860,100,100491,100,100868,100,100473,300,100897,100,100472,47,100944,100,100421,100,101018,100,100235,100,101030,100,99929,100,101046,100,99927,100,101141,100,99924,100,101280,100,99918,100
2019-06-28 09:54:20.000000000,100779,166,100637,266,100860,166,100491,166,100868,166,100473,366,100897,166,100472,113,100944,100,100421,100,101018,100,100235,100,101030,100,99929,100,101046,100,99927,100,101141,100,99924,100,101280,100,99918,100
2019-06-28 09:54:20.782243109,100779,166,100637,366,100860,166,100491,166,100868,166,100473,366,100897,166,100472,113,100944,100,100421,100,101018,100,100235,100,101030,100,99929,100,101046,100,99927,100,101141,100,99924,100,101280,100,99918,100
2019-06-28 09:54:30.000000000,100779,153,100637,353,100860,153,100491,153,100868,153,100473,353,100897,153,100472,100,100944,153,100421,153,101018,100,100235,100,101030,100,99929,100,101046,100,99927,100,101141,100,99924,100,101280,100,99918,100
2019-06-28 09:54:38.304542640,100779,153,100637,453,100860,153,100491,153,100868,153,100473,353,100897,153,100472,100,100944,153,100421,153,101018,100,100235,100,101030,100,99929,100,101046,100,99927,100,101141,100,99924,100,101280,100,99918,100
2019-06-28 09:54:40.000000000,100779,166,100637,466,100860,166,100491,166,100868,166,100473,366,100897,166,100472,113,100944,100,100421,100,101018,100,100235,100,101030,100,99929,100,101046,100,99927,100,101141,100,99924,100,101280,100,99918,100
2019-06-28 09:54:50.000000000,100779,189,100637,489,100860,187,100491,187,100868,187,100473,387,100897,100,100472,47,100944,100,100421,100,101018,100,100235,100,101030,100,99929,100,101046,100,99927,100,101141,100,99924,100,101280,100,99918,100
2019-06-28 09:54:58.656211093,100779,89,100637,489,100860,187,100491,187,100868,187,100473,387,100897,100,100472,47,100944,100,100421,100,101018,100,100235,100,101030,100,99929,100,101046,100,99927,100,101141,100,99924,100,101280,100,99918,100
2019-06-28 09:55:00.000000000,100860,232,100637,532,100868,232,100491,232,100897,100,100473,300,100944,100,100472,47,101018,100,100421,100,101030,100,100235,100,101046,100,99929,100,101141,100,99927,100,101280,100,99924,100,101354,100,99918,100
2019-06-28 09:55:10.000000000,100860,363,100637,663,100868,100,100491,100,100897,100,100473,300,100944,100,100472,47,101018,100,100421,100,101030,100,100235,100,101046,100,99929,100,101141,100,99927,100,101280,100,99924,100,101354,100,99918,100
2019-06-28 09:55:11.028150262,100860,363,100637,663,100868,100,100491,100,100897,100,100473,300,100944,100,100472,47,101018,100,100421,100,101030,100,100235,100,101046,100,99929,100,101141,100,99927,100,101280,100,99924,100,101354,100,99918,100
2019-06-28 09:55:14.952516889,100860,263,100637,663,100868,100,100491,100,100897,100,100473,300,100944,100,100472,47,101018,100,100421,100,101030,100,100235,100,101046,100,99929,100,101141,100,99927,100,101280,100,99924,100,101354,100,99918,100
2019-06-28 09:55:20.000000000,100868,153,100637,453,100897,153,100491,153,100944,153,100473,353,101018,153,100472,100,101030,153,100421,153,101046,100,100235,100,101141,100,99929,100,101280,100,99927,100,101354,100,99924,100,101683,100,99918,100
2019-06-28 09:55:30.000000000,100868,232,100637,532,100897,232,100491,232,100944,100,100473,300,101018,100,100472,47,101030,100,100421,100,101046,100,100235,100,101141,100,99929,100,101280,100,99927,100,101354,100,99924,100,101683,100,99918,100
2019-06-28 09:55:40.000000000,100868,189,100637,489,100897,187,100491,187,100944,187,100473,387,101018,100,100472,47,101030,100,100421,100,101046,100,100235,100,101141,100,99929,100,101280,100,99927,100,101354,100,99924,100,101683,100,99918,100
2019-06-28 09:55:50.000000000,100868,166,100637,466,100897,166,100491,166,100944,166,100473,366,101018,166,100472,113,101030,100,100421,100,101046,100,100235,100,101141,100,99929,100,101280,100,99927,100,101354,100,99924,100,101683,100,99918,100
2019-06-28 09:56:00.000000000,100868,363,100637,663,100897,100,100491,100,100944,100,100473,300,101018,100,100472,47,101030,100,100421,100,101046,100,100235,100,101141,100,99929,100,101280,100,99927,100,101354,100,99924,100,101683,100,99918,100
2019-06-28 09:56:10.000000000,100868,166,100637,466,100897,166,100491,166,100944,166,100473,366,101018,166,100472,113,101030,100,100421,100,101046,100,100235,100,101141,100,99929,100,101280,100,99927,100,101354,100,99924,100,101683,100,99918,100
2019-06-28 09:56:12.700007279,100868,66,100637,466,100897,166,100491,166,100944,166,100473,366,101018,166,100472,113,101030,100,100421,100,101046,100,100235,100,101141,100,99929,100,101280,100,99927,100,101354,100,99924,100,101683,100,99918,100
2019-06-28 09:56:13.929987047,100897,166,100868,34,100944,166,100637,466,101018,166,100491,166,101030,100,100473,366,101046,100,100472,113,101141,100,100421,100,101354,100,100235,100,101683,100,99929,100,101967,100,99927,100,101971,100,99924,100
2019-06-28 09:56:20.000000000,100897,363,100868,297,100944,100,100637,400,101018,100,100491,100,101030,100,100473,300,101046,100,100472,47,101141,100,100421,100,101354,100,100235,100,101683,100,99929,100,101967,100,99927,100,101971,100,99924,100
2019-06-28 09:56:30.000000000,100897,232,100868,166,100944,232,100637,532,101018,100,100491,100,101030,100,100473,300,101046,100,100472,47,101141,100,100421,100,101354,100,100235,100,101683,100,99929,100,101967,100,99927,100,101971,100,99924,100
2019-06-28 09:56:40.000000000,100897,166,100868,100,100944,166,100637,466,101018,166,100491,166,101030,166,100473,366,101046,100,100472,47,101141,100,100421,100,101354,100,100235,100,101683,100,99929,100,101967,100,99927,100,101971,100,99924,100
2019-06-28 09:56:50.000000000,100897,363,100868,297,100944,100,100637,400,101018,100,100491,100,101030,100,100473,300,101046,100,100472,47,101141,100,100421,100,101354,100,100235,100,101683,100,99929,100,101967,100,99927,100,101971,100,99924,100
2019-06-28 09:56:54.398923560,100897,363,100868,397,100944,100,100637,400,101018,100,100491,100,101030,100,100473,300,101046,100,100472,47,101141,100,100421,100,101354,100,100235,100,101683,100,99929,100,101967,100,99927,100,101971,100,99924,100
2019-06-28 09:56:57.402863158,100897,263,100868,397,100944,100,100637,400,101018,100,100491,100,101030,100,100473,300,101046,100,100472,47,101141,100,100421,100,101354,100,100235,100,101683,100,99929,100,101967,100,99927,100,101971,100,99924,100
2019-06-28 09:57:00.000000000,100944,153,100868,187,101018,153,100637,453,101030,153,100491,153,101046,153,100473,353,101141,153,100472,100,101354,100,100421,100,101683,100,100235,100,101967,100,99929,100,101971,100,99927,100,102015,100,99924,100
2019-06-28 09:57:05.481863402,100944,153,100868,187,101018,153,100637,453,101030,53,100491,153,101046,153,100473,353,101141,153,100472,100,101354,100,100421,100,101683,100,100235,100,101860,100,99929,100,101967,100,99927,100,101971,100,99924,100
2019-06-28 09:57:10.000000000,100944,189,100868,223,101018,187,100637,487,101046,187,100491,187,101141,100,100473,300,101354,100,100472,47,101683,100,100421,100,101860,100,100235,100,101967,100,99929,100,101971,100,99927,100,102015,100,99924,100
2019-06-28 09:57:20.000000000,100944,189,100868,223,101018,187,100637,487,101046,187,100491,187,101141,100,100473,300,101354,100,100472,47,101683,100,100421,100,101860,100,100235,100,101967,100,99929,100,101971,100,99927,100,102015,100,99924,100
2019-06-28 09:57:30.000000000,100944,166,100868,200,101018,166,100637,466,101046,166,100491,166,101141,166,100473,366,101354,100,100472,47,101683,100,100421,100,101860,100,100235,100,101967,100,99929,100,101971,100,99927,100,102015,100,99924,100
2019-06-28 09:57:31.475544349,100944,166,100869,100,101018,166,100868,200,101046,166,100637,466,101141,166,100491,166,101354,100,100473,366,101683,100,100472,47,101860,100,100421,100,101967,100,100235,100,101971,100,99929,100,102015,100,99927,100
2019-06-28 09:57:31.620493950,100944,166,100869,100,101018,166,100868,200,101046,166,100637,466,101141,166,100491,166,101354,100,100473,366,101683,100,100472,47,101718,100,100421,100,101860,100,100235,100,101967,100,99929,100,101971,100,99927,100
2019-06-28 09:57:34.161262750,100944,66,100869,100,101018,166,100868,200,101046,166,100637,466,101141,166,100491,166,101354,100,100473,366,101683,100,100472,47,101718,100,100421,100,101860,100,100235,100,101967,100,99929,100,101971,100,99927,100
2019-06-28 09:57:40.000000000,101018,232,100869,232,101046,232,100868,266,101141,100,100637,400,101354,100,100491,100,101683,100,100473,300,101718,100,100472,47,101860,100,100421,100,101967,100,100235,100,101971,100,99929,100,102015,100,99927,100
2019-06-28 09:57:40.184464027,101018,132,100869,232,101046,232,100868,266,101141,100,100637,400,101354,100,100491,100,101683,100,100473,300,101718,100,100472,47,101860,100,100421,100,101967,100,100235,100,101971,100,99929,100,102015,100,99927,100
2019-06-28 09:57:50.000000000,101046,153,100869,153,101141,153,100868,187,101354,153,100637,453,101683,153,100491,153,101718,153,100473,353,101860,100,100472,47,101967,100,100421,100,101971,100,100235,100,102015,100,99929,100,,,99927,100
2019-06-28 09:57:54.946035204,101046,53,100869,153,101141,153,100868,187,101354,153,100637,453,101683,153,100491,153,101718,153,100473,353,101860,100,100472,47,101967,100,100421,100,101971,100,100235,100,102015,100,99929,100,,,99927,100
2019-06-28 09:57:55.810837728,101141,153,101046,47,101354,153,100869,153,101683,153,100868,187,101718,153,100637,453,101860,100,100491,153,101967,100,100473,353,101971,100,100472,47,102015,100,100235,100,,,99929,100,,,99927,100
2019-06-28 09:58:00.000000000,101141,189,101046,136,101354,187,100869,187,101683,187,100868,221,101718,100,100637,400,101860,100,100491,100,101967,100,100473,300,101971,100,100472,47,102015,100,100235,100,,,99929,100,,,99927,100
2019-06-28 09:58:02.872359189,101141,189,101046,136,101354,187,100869,187,101657,100,100868,221,101683,187,100637,400,101718,100,100491,100,101860,100,100473,300,101967,100,100472,47,101971,100,100235,100,102015,100,99929,100,,,99927,100
2019-06-28 09:58:10.000000000,101141,153,101046,100,101354,153,100869,153,101657,153,100868,187,101683,153,100637,453,101718,153,100491,153,101860,100,100473,300,101967,100,100472,47,101971,100,100235,100,102015,100,99929,100,,,99927,100
2019-06-28 09:58:20.000000000,101141,166,101046,113,101354,166,100869,166,101657,166,100868,200,101683,166,100637,466,101718,100,100491,100,101860,100,100473,300,101967,100,100472,47,101971,100,100235,100,102015,100,99929,100,,,99927,100
2019-06-28 09:58:22.353721643,101141,166,101046,113,101354,166,100869,166,101657,166,100868,200,101683,166,100637,466,101689,100,100491,100,101718,100,100473,300,101860,100,100472,47,101967,100,100235,100,101971,100,99929,100,102015,100,99927,100
2019-06-28 09:58:24.725647370,101141,166,101046,113,101354,166,100869,166,101657,166,100868,200,101683,166,100637,466,101689,100,100491,100,101700,100,100473,300,101718,100,100472,47,101860,100,100235,100,101967,100,99929,100,101971,100,99927,100
2019-06-28 09:58:30.000000000,101141,166,101046,113,101354,166,100869,166,101657,166,100868,200,101683,166,100637,466,101689,100,100491,100,101700,100,100473,300,101718,100,100472,47,101860,100,100235,100,101967,100,99929,100,101971,100,99927,100
2019-06-28 09:58:40.000000000,101141,166,101046,113,101354,166,100869,166,101657,166,100868,200,101683,166,100637,466,101689,100,100491,100,101700,100,100473,300,101718,100,100472,47,101860,100,100235,100,101967,100,99929,100,101971,100,99927,100
2019-06-28 09:58:40.903190202,101141,166,101046,213,101354,166,100869,166,101657,166,100868,200,101683,166,100637,466,101689,100,100491,100,101700,100,100473,300,101718,100,100472,47,101860,100,100235,100,101967,100,99929,100,101971,100,99927,100
2019-06-28 09:58:44.796934156,101141,166,101046,213,101354,166,100869,166,101657,166,100868,200,101660,100,100637,466,101683,166,100491,100,101689,100,100473,300,101700,100,100472,47,101718,100,100235,100,101860,100,99929,100,101971,100,99927,100
2019-06-28 09:58:50.000000000,101141,166,101046,213,101354,166,100869,166,101657,166,100868,200,101660,166,100637,466,101683,100,100491,100,101689,100,100473,300,101700,100,100472,47,101718,100,100235,100,101860,100,99929,100,101971,100,99927,100
2019-06-28 09:58:51.972937218,101141,66,101046,213,101354,166,100869,166,101657,166,100868,200,101660,166,100637,466,101683,100,100491,100,101689,100,100473,300,101700,100,100472,47,101718,100,100235,100,101860,100,99929,100,101971,100,99927,100
2019-06-28 09:59:00.000000000,101354,232,101046,279,101657,232,100869,232,101660,100,100868,134,101683,100,100637,400,101689,100,100491,100,101700,100,100473,300,101718,100,100472,47,101860,100,100235,100,101971,100,99929,100,102015,100,99927,100
2019-06-28 09:59:10.000000000,101354,189,101046,236,101657,187,100869,187,101660,187,100868,221,101683,100,100637,400,101689,100,100491,100,101700,100,100473,300,101718,100,100472,47,101860,100,100235,100,101971,100,99929,100,102015,100,99927,100
2019-06-28 09:59:15.898942214,101354,89,101046,236,101657,187,100869,187,101660,187,100868,221,101689,100,100637,400,101700,100,100491,100,101718,100,100473,300,101860,100,100472,47,101971,100,100235,100,102015,100,99929,100,,,99927,100
2019-06-28 09:59:20.000000000,101657,189,101046,236,101660,187,100869,187,101689,187,100868,221,101700,100,100637,400,101718,100,100491,100,101860,100,100473,300,101971,100,100472,47,102015,100,100235,100,,,99929,100,,,99927,100
2019-06-28 09:59:30.000000000,101657,189,101046,236,101660,187,100869,187,101689,187,100868,221,101700,100,100637,400,101718,100,100491,100,101860,100,100473,300,101971,100,100472,47,102015,100,100235,100,,,99929,100,,,99927,100
2019-06-28 09:59:40.000000000,101657,232,101046,279,101660,232,100869,232,101689,100,100868,134,101700,100,100637,400,101718,100,100491,100,101860,100,100473,300,101971,100,100472,47,102015,100,100235,100,,,99929,100,,,99927,100
2019-06-28 09:59:40.926574555,101657,132,101046,279,101660,232,100869,232,101689,100,100868,134,101700,100,100637,400,101718,100,100491,100,101860,100,100473,300,101971,100,100472,47,102015,100,100235,100,,,99929,100,,,99927,100
2019-06-28 09:59:46.627354353,101657,32,101046,279,101660,232,100869,232,101689,100,100868,134,101700,100,100637,400,101718,100,100491,100,101860,100,100473,300,101971,100,100472,47,102015,100,100235,100,,,99929,100,,,99927,100
2019-06-28 09:59:50.000000000,101660,153,101046,200,101689,153,100869,153,101700,153,100868,187,101718,153,100637,453,101860,153,100491,153,101971,100,100473,300,102015,100,100472,47,,,100235,100,,,99929,100,,,99927,100
2019-06-28 10:00:00.000000000,101660,153,101046,200,101689,153,100869,153,101700,153,100868,187,101718,153,100637,453,101860,153,100491,153,101971,100,100473,300,102015,100,100472,47,,,100235,100,,,99929,100,,,99927,100
2019-06-28 10:00:10.000000000,101660,166,101046,213,101689,166,100869,166,101700,166,100868,200,101718,166,100637,466,101860,100,100491,100,101971,100,100473,300,102015,100,100472,47,,,100235,100,,,99929,100,,,99927,100
2019-06-28 10:00:20.000000000,101660,363,101046,410,101689,100,100869,100,101700,100,100868,134,101718,100,100637,400,101860,100,100491,100,101971,100,100473,300,102015,100,100472,47,,,100235,100,,,99929,100,,,99927,100
2019-06-28 10:00:30.000000000,101660,189,101046,236,101689,187,100869,187,101700,187,100868,221,101718,100,100637,400,101860,100,100491,100,101971,100,100473,300,102015,100,100472,47,,,100235,100,,,99929,100,,,99927,100
2019-06-28 10:00:31.953569530,101660,189,101046,236,101689,187,100869,187,101700,187,100868,221,101718,100,100637,300,101860,100,100491,100,101971,100,100473,300,102015,100,100472,47,,,100235,100,,,99929,100,,,99927,100
2019-06-28 10:00:37.947828223,101660,189,101657,100,101689,187,101046,236,101700,187,100869,187,101718,100,100868,221,101860,100,100637,300,101971,100,100491,100,102015,100,100473,300,,,100472,47,,,100235,100,,,99929,100
2019-06-28 10:00:40.000000000,101660,363,101657,363,101689,100,101046,147,101700,100,100869,100,101718,100,100868,134,101860,100,100637,300,101971,100,100491,100,102015,100,100473,300,,,100472,47,,,100235,100,,,99929,100
2019-06-28 10:00:50.000000000,101660,232,101657,232,101689,232,101046,279,101700,100,100869,100,101718,100,100868,134,101860,100,100637,300,101971,100,100491,100,102015,100,100473,300,,,100472,47,,,100235,100,,,99929,100
2019-06-28 10:00:56.051029096,101660,232,101657,232,101689,232,101172,100,101700,100,101046,279,101718,100,100869,100,101860,100,100868,134,101971,100,100637,300,102015,100,100491,100,,,100473,300,,,100472,47,,,100235,100
2019-06-28 10:01:00.000000000,101660,232,101657,232,101689,232,101172,232,101700,100,101046,147,101718,100,100869,100,101860,100,100868,134,101971,100,100637,300,102015,100,100491,100,,,100473,300,,,100472,47,,,100235,100
2019-06-28 10:01:10.000000000,101660,153,101657,153,101689,153,101172,153,101700,153,101046,200,101718,153,100869,153,101860,153,100868,187,101971,100,100637,300,102015,100,100491,100,,,100473,300,,,100472,47,,,100235,100
2019-06-28 10:01:18.082327754,101660,153,101657,153,101689,153,101284,100,101700,153,101172,153,101718,153,101046,200,101860,153,100869,153,101971,100,100868,187,102015,100,100637,300,,,100491,100,,,100473,300,,,100472,47
2019-06-28 10:01:20.000000000,101660,232,101657,232,101689,232,101284,232,101700,100,101172,100,101718,100,101046,147,101860,100,100869,100,101971,100,100868,134,102015,100,100637,300,,,100491,100,,,100473,300,,,100472,47
2019-06-28 10:01:27.776323612,101660,232,101657,132,101689,232,101284,232,101700,100,101172,100,101718,100,101046,147,101860,100,100869,100,101971,100,100868,134,102015,100,100637,300,,,100491,100,,,100473,300,,,100472,47
2019-06-28 10:01:29.306730327,101660,232,101657,132,101689,232,101284,232,101700,100,101172,100,101718,100,101046,147,101860,100,100869,100,101971,100,100868,134,102015,100,100637,300,,,100491,100,,,100473,200,,,100472,47
2019-06-28 10:01:30.000000000,101660,153,101284,153,101689,153,101172,153,101700,153,101046,200,101718,153,100869,153,101860,153,100868,187,101971,100,100637,300,102015,100,100491,100,,,100473,200,,,100472,47,,,100235,100
2019-06-28 10:01:40.000000000,101660,189,101284,189,101689,187,101172,187,101700,187,101046,234,101718,100,100869,100,101860,100,100868,134,101971,100,100637,300,102015,100,100491,100,,,100473,200,,,100472,47,,,100235,100
2019-06-28 10:01:40.131933918,101660,189,101284,189,101689,187,101172,187,101700,187,101046,234,101718,100,100869,100,101860,100,100868,134,101971,100,100637,300,102015,100,100491,100,,,100473,100,,,100472,47,,,100235,100
2019-06-28 10:01:41.246211574,101660,189,101284,189,101689,187,101216,100,101700,187,101172,187,101718,100,101046,234,101860,100,100869,100,101971,100,100868,134,102015,100,100637,300,,,100491,100,,,100473,100,,,100472,47
2019-06-28 10:01:50.000000000,101660,232,101284,232,101689,232,101216,232,101700,100,101172,100,101718,100,101046,147,101860,100,100869,100,101971,100,100868,134,102015,100,100637,300,,,100491,100,,,100473,100,,,100472,47
2019-06-28 10:02:00.000000000,101660,189,101284,189,101689,187,101216,187,101700,187,101172,187,101718,100,101046,147,101860,100,100869,100,101971,100,100868,134,102015,100,100637,300,,,100491,100,,,100473,100,,,100472,47
2019-06-28 10:02:10.000000000,101660,153,101284,153,101689,153,101216,153,101700,153,101172,153,101718,153,101046,200,101860,153,100869,153,101971,100,100868,134,102015,100,100637,300,,,100491,100,,,100473,100,,,100472,47
2019-06-28 10:02:20.000000000,101660,189,101284,189,101689,187,101216,187,101700,187,101172,187,101718,100,101046,147,101860,100,100869,100,101971,100,100868,134,102015,100,100637,300,,,100491,100,,,100473,100,,,100472,47
2019-06-28 10:02:25.083557027,101660,189,101284,189,101689,187,101216,187,101700,187,101172,187,101718,100,101046,147,101860,100,100869,100,101971,100,100868,134,102015,100,100672,100,,,100637,300,,,100491,100,,,100473,100
2019-06-28 10:02:30.000000000,101660,166,101284,166,101689,166,101216,166,101700,166,101172,166,101718,166,101046,213,101860,100,100869,100,101971,100,100868,134,102015,100,100672,100,,,100637,300,,,100491,100,,,100473,100
2019-06-28 10:02:40.000000000,101660,232,101284,232,101689,232,101216,232,101700,100,101172,100,101718,100,101046,147,101860,100,100869,100,101971,100,100868,134,102015,100,100672,100,,,100637,300,,,100491,100,,,100473,100
2019-06-28 10:02:50.000000000,101660,189,101284,189,101689,187,101216,187,101700,187,101172,187,101718,100,101046,147,101860,100,100869,100,101971,100,100868,134,102015,100,100672,100,,,100637,300,,,100491,100,,,100473,100
2019-06-28 10:02:53.081633198,101657,100,101284,189,101660,189,101216,187,101689,187,101172,187,101700,187,101046,147,101718,100,100869,100,101860,100,100868,134,101971,100,100672,100,102015,100,100637,300,,,100491,100,,,100473,100
2019-06-28 10:02:57.269872478,101657,100,101284,189,101660,189,101216,187,101689,187,101172,187,101700,187,101046,147,101718,100,100869,100,101860,100,100868,134,101971,100,100672,100,102015,100,100637,300,,,100491,100,,,100473,100
2019-06-28 10:03:00.000000000,101657,153,101284,153,101660,153,101216,153,101689,153,101172,153,101700,153,101046,200,101718,153,100869,153,101860,100,100868,134,101971,100,100672,100,102015,100,100637,300,,,100491,100,,,100473,100
2019-06-28 10:03:10.000000000,101657,153,101284,153,101660,153,101216,153,101689,153,101172,153,101700,153,101046,200,101718,153,100869,153,101860,100,100868,134,101971,100,100672,100,102015,100,100637,300,,,100491,100,,,100473,100
2019-06-28 10:03:20.000000000,101657,363,101284,363,101660,100,101216,100,101689,100,101172,100,101700,100,101046,147,101718,100,100869,100,101860,100,100868,134,101971,100,100672,100,102015,100,100637,300,,,100491,100,,,100473,100
2019-06-28 10:03:20.233703255,101657,363,101284,263,101660,100,101216,100,101689,100,101172,100,101700,100,101046,147,101718,100,100869,100,101860,100,100868,134,101971,100,100672,100,102015,100,100637,300,,,100491,100,,,100473,100
2019-06-28 10:03:30.000000000,101657,363,101216,363,101660,100,101172,100,101689,100,101046,147,101700,100,100869,100,101718,100,100868,134,101860,100,100672,100,101971,100,100637,300,102015,100,100491,100,,,100473,100,,,100472,47
2019-06-28 10:03:38.569679220,101657,363,101216,263,101660,100,101172,100,101689,100,101046,147,101700,100,100869,100,101718,100,100868,134,101860,100,100672,100,101971,100,100637,300,,,100491,100,,,100473,100,,,100472,47
2019-06-28 10:03:40.000000000,101657,232,101172,232,101660,232,101046,279,101689,100,100869,100,101700,100,100868,134,101718,100,100672,100,101860,100,100637,300,101971,100,100491,100,,,100473,100,,,100472,47,,,100235,100
2019-06-28 10:03:50.000000000,101657,232,101172,232,101660,232,101046,279,101689,100,100869,100,101700,100,100868,134,101718,100,100672,100,101860,100,100637,300,101971,100,100491,100,,,100473,100,,,100472,47,,,100235,100
2019-06-28 10:04:00.000000000,101657,232,101172,232,101660,232,101046,279,101689,100,100869,100,101700,100,100868,134,101718,100,100672,100,101860,100,100637,300,101971,100,100491,100,,,100473,100,,,100472,47,,,100235,100
2019-06-28 10:04:10.000000000,101657,166,101172,166,101660,166,101046,213,101689,166,100869,166,101700,166,100868,200,101718,100,100672,100,101860,100,100637,300,101971,100,100491,100,,,100473,100,,,100472,47,,,100235,100
2019-06-28 10:04:20.000000000,101657,189,101172,189,101660,187,101046,234,101689,187,100869,187,101700,100,100868,134,101718,100,100672,100,101860,100,100637,300,101971,100,100491,100,,,100473,100,,,100472,47,,,100235,100
2019-06-28 10:04:30.000000000,101657,153,101172,153,101660,153,101046,200,101689,153,100869,153,101700,153,100868,187,101718,153,100672,153,101860,100,100637,300,101971,100,100491,100,,,100473,100,,,100472,47,,,100235,100
2019-06-28 10:04:40.000000000,101657,153,101172,153,101660,153,101046,200,101689,153,100869,153,101700,153,100868,187,101718,153,100672,153,101860,100,100637,300,101971,100,100491,100,,,100473,100,,,100472,47,,,100235,100
2019-06-28 10:04:42.177596209,101657,153,101172,153,101660,153,101046,153,101689,153,100869,153,101700,153,100868,187,101718,153,100672,153,101860,100,100637,300,101971,100,100491,100,,,100473,100,,,100472,47,,,100235,100
2019-06-28 10:04:50.000000000,101657,153,101172,153,101660,153,101046,153,101689,153,100869,153,101700,153,100868,187,101718,153,100672,153,101860,100,100637,300,101971,100,100491,100,,,100473,100,,,100472,47,,,100235,100
2019-06-28 10:04:57.170531523,101657,153,101172,53,101660,153,101046,153,101689,153,100869,153,101700,153,100868,187,101718,153,100672,153,101860,100,100637,300,101971,100,100491,100,,,100473,100,,,100472,47,,,100235,100
2019-06-28 10:05:00.000000000,101657,232,101046,232,101660,232,100869,232,101689,100,100868,134,101700,100,100672,100,101718,100,100637,300,101860,100,100491,100,101971,100,100473,100,,,100472,47,,,100235,100,,,100132,100
2019-06-28 10:05:00.602756791,101657,232,101046,232,101660,232,100869,232,101689,100,100868,134,101700,100,100672,100,101718,100,100637,300,101860,100,100491,100,101971,100,100473,100,,,100472,47,,,100454,100,,,100235,100
2019-06-28 10:05:10.000000000,101657,189,101046,189,101660,187,100869,187,101689,187,100868,221,101700,100,100672,100,101718,100,100637,300,101860,100,100491,100,101971,100,100473,100,,,100472,47,,,100454,100,,,100235,100
2019-06-28 10:05:20.000000000,101657,166,101046,166,101660,166,100869,166,101689,166,100868,200,101700,166,100672,166,101718,100,100637,300,101860,100,100491,100,101971,100,100473,100,,,100472,47,,,100454,100,,,100235,100
2019-06-28 10:05:30.000000000,101657,363,101046,363,101660,100,100869,100,101689,100,100868,134,101700,100,100672,100,101718,100,100637,300,101860,100,100491,100,101971,100,100473,100,,,100472,47,,,100454,100,,,100235,100
2019-06-28 10:05:32.087845431,101657,363,101046,263,101660,100,100869,100,101689,100,100868,134,101700,100,100672,100,101718,100,100637,300,101860,100,100491,100,101971,100,100473,100,,,100472,47,,,100454,100,,,100235,100
2019-06-28 10:05:35.026314281,101657,363,101046,263,101660,100,100869,100,101689,100,100868,134,101700,100,100672,100,101718,100,100637,300,101860,100,100491,100,101971,100,100473,100,,,100472,47,,,100454,100,,,100235,100
2019-06-28 10:05:40.000000000,101657,153,100869,153,101660,153,100868,187,101689,153,100672,153,101700,153,100637,353,101718,153,100491,153,101860,100,100473,100,101971,100,100472,47,,,100454,100,,,100235,100,,,100228,100
2019-06-28 10:05:41.218754175,101657,153,100869,53,101660,153,100868,187,101689,153,100672,153,101700,153,100637,353,101718,153,100491,153,101860,100,100473,100,101971,100,100472,47,,,100454,100,,,100235,100,,,100228,100
2019-06-28 10:05:44.007474955,100869,47,100868,187,101657,153,100672,153,101660,153,100637,353,101689,153,100491,153,101700,153,100473,100,101718,153,100472,47,101860,100,100454,100,101971,100,100235,100,,,100228,100,,,100132,100
2019-06-28 10:05:50.000000000,100869,310,100868,397,101657,100,100672,100,101660,100,100637,300,101689,100,100491,100,101700,100,100473,100,101718,100,100472,47,101860,100,100454,100,101971,100,100235,100,,,100228,100,,,100132,100
2019-06-28 10:06:00.000000000,100869,310,100868,397,101657,100,100672,100,101660,100,100637,300,101689,100,100491,100,101700,100,100473,100,101718,100,100472,47,101860,100,100454,100,101971,100,100235,100,,,100228,100,,,100132,100
2019-06-28 10:06:10.000000000,100869,113,100868,200,101657,166,100672,166,101660,166,100637,366,101689,166,100491,166,101700,100,100473,100,101718,100,100472,47,101860,100,100454,100,101971,100,100235,100,,,100228,100,,,100132,100
2019-06-28 10:06:17.539386982,100869,113,100868,200,101657,166,100672,166,101660,166,100637,366,101689,166,100491,166,101700,100,100473,100,101718,100,100472,47,101860,100,100454,100,,,100235,100,,,100228,100,,,100200,100
2019-06-28 10:06:20.000000000,100869,136,100868,223,101657,187,100672,187,101660,187,100637,387,101689,100,100491,100,101700,100,100473,100,101718,100,100472,47,101860,100,100454,100,,,100235,100,,,100228,100,,,100200,100
2019-06-28 10:06:21.658747903,100869,136,100868,223,101657,187,100672,187,101660,187,100637,287,101689,100,100491,100,101700,100,100473,100,101718,100,100472,47,101860,100,100454,100,,,100235,100,,,100228,100,,,100200,100
2019-06-28 10:06:30.000000000,100869,179,100868,266,101657,232,100672,232,101660,100,100637,200,101689,100,100491,100,101700,100,100473,100,101718,100,100472,47,101860,100,100454,100,,,100235,100,,,100228,100,,,100200,100
2019-06-28 10:06:40.000000000,100869,113,100868,200,101657,166,100672,166,101660,166,100637,266,101689,166,100491,166,101700,100,100473,100,101718,100,100472,47,101860,100,100454,100,,,100235,100,,,100228,100,,,100200,100
2019-06-28 10:06:50.000000000,100869,100,100868,187,101657,153,100672,153,101660,153,100637,253,101689,153,100491,153,101700,153,100473,153,101718,100,100472,47,101860,100,100454,100,,,100235,100,,,100228,100,,,100200,100
2019-06-28 10:06:54.036062070,100869,100,100868,87,101657,153,100672,153,101660,153,100637,253,101689,153,100491,153,101700,153,100473,153,101718,100,100472,47,101860,100,100454,100,,,100235,100,,,100228,100,,,100200,100
2019-06-28 10:06:56.539378989,100868,13,100672,153,100869,100,100637,153,101657,153,100491,153,101660,153,100473,153,101689,153,100472,47,101700,153,100454,100,101718,100,100235,100,101860,100,100228,100,,,100200,100,,,100132,100
2019-06-28 10:07:00.000000000,100868,145,100672,232,100869,179,100637,232,101657,100,100491,100,101660,100,100473,100,101689,100,100472,47,101700,100,100454,100,101718,100,100235,100,101860,100,100228,100,,,100200,100,,,100132,100
2019-06-28 10:07:01.966392114,100868,145,100672,132,100869,179,100637,232,101657,100,100491,100,101660,100,100473,100,101689,100,100472,47,101700,100,100454,100,101718,100,100235,100,101860,100,100228,100,,,100200,100,,,100132,100
2019-06-28 10:07:10.000000000,100868,79,100637,166,100869,113,100491,166,101657,166,100473,166,101660,166,100472,113,101689,100,100454,100,101700,100,100235,100,101718,100,100228,100,101860,100,100200,100,,,100132,100,,,99927,100
2019-06-28 10:07:20.000000000,100868,276,100637,363,100869,47,100491,100,101657,100,100473,100,101660,100,100472,47,101689,100,100454,100,101700,100,100235,100,101718,100,100228,100,101860,100,100200,100,,,100132,100,,,99927,100
2019-06-28 10:07:30.000000000,100868,276,100637,363,100869,47,100491,100,101657,100,100473,100,101660,100,100472,47,101689,100,100454,100,101700,100,100235,100,101718,100,100228,100,101860,100,100200,100,,,100132,100,,,99927,100
2019-06-28 10:07:39.067491533,100868,276,100637,363,100869,47,100491,100,101657,100,100473,100,101660,100,100472,47,101689,100,100454,100,101700,100,100228,100,101718,100,100200,100,101860,100,100132,100,,,99927,100,,,99892,100
2019-06-28 10:07:40.000000000,100868,79,100637,166,100869,113,100491,166,101657,166,100473,166,101660,166,100472,113,101689,100,100454,100,101700,100,100228,100,101718,100,100200,100,101860,100,100132,100,,,99927,100,,,99892,100
2019-06-28 10:07:50.000000000,100868,79,100637,166,100869,113,100491,166,101657,166,100473,166,101660,166,100472,113,101689,100,100454,100,101700,100,100228,100,101718,100,100200,100,101860,100,100132,100,,,99927,100,,,99892,100
2019-06-28 10:08:00.000000000,100868,79,100637,166,100869,113,100491,166,101657,166,100473,166,101660,166,100472,113,101689,100,100454,100,101700,100,100228,100,101718,100,100200,100,101860,100,100132,100,,,99927,100,,,99892,100
2019-06-28 10:08:01.147794811,100868,79,100637,66,100869,113,100491,166,101657,166,100473,166,101660,166,100472,113,101689,100,100228,100,101700,100,100200,100,101718,100,100132,100,101860,100,99927,100,,,99892,100,,,99886,100
2019-06-28 10:08:10.000000000,100868,66,100491,153,100869,100,100473,153,101657,153,100472,100,101660,153,100228,153,101689,153,100200,153,101700,100,100132,100,101718,100,99927,100,101860,100,99892,100,,,99886,100,,,99872,100
2019-06-28 10:08:20.000000000,100868,79,100491,166,100869,113,100473,166,101657,166,100472,113,101660,166,100228,166,101689,100,100200,100,101700,100,100132,100,101718,100,99927,100,101860,100,99892,100,,,99886,100,,,99872,100
2019-06-28 10:08:23.156508908,100868,79,100491,166,100869,113,100473,166,101657,166,100472,113,101660,166,100228,166,101689,100,100200,100,101700,100,100132,100,101718,100,99927,100,101860,100,99892,100,,,99886,100,,,99872,100
2019-06-28 10:08:30.000000000,100868,102,100491,189,100869,134,100473,187,101657,187,100472,134,101660,100,100228,100,101689,100,100200,100,101700,100,100132,100,101718,100,99927,100,101860,100,99892,100,,,99886,100,,,99872,100
2019-06-28 10:08:39.549730491,100868,102,100491,189,100869,134,100473,187,101657,187,100472,134,101660,100,100228,100,101689,100,100200,100,101700,100,100132,100,101718,100,100006,100,101860,100,99927,100,,,99892,100,,,99886,100
2019-06-28 10:08:40.000000000,100868,145,100491,232,100869,179,100473,232,101657,100,100472,47,101660,100,100228,100,101689,100,100200,100,101700,100,100132,100,101718,100,100006,100,101860,100,99927,100,,,99892,100,,,99886,100
2019-06-28 10:08:48.713113986,100868,145,100491,132,100869,179,100473,232,101657,100,100472,47,101660,100,100228,100,101689,100,100200,100,101700,100,100006,100,101718,100,99927,100,101860,100,99892,100,,,99886,100,,,99872,100
2019-06-28 10:08:50.000000000,100868,66,100473,153,100869,100,100472,100,101657,153,100228,153,101660,153,100200,153,101689,153,100006,153,101700,100,99927,100,101718,100,99892,100,101860,100,99886,100,,,99872,100,,,99801,100
2019-06-28 10:09:00.000000000,100868,66,100473,153,100869,100,100472,100,101657,153,100228,153,101660,153,100200,153,101689,153,100006,153,101700,100,99927,100,101718,100,99892,100,101860,100,99886,100,,,99872,100,,,99801,100
2019-06-28 10:09:10.000000000,100868,66,100473,153,100869,100,100472,100,101657,153,100228,153,101660,153,100200,153,101689,153,100006,153,101700,100,99927,100,101718,100,99892,100,101860,100,99886,100,,,99872,100,,,99801,100
2019-06-28 10:09:11.191106026,100637,100,100473,153,100868,66,100472,100,100869,100,100228,153,101657,153,100200,153,101660,153,100006,153,101689,153,99927,100,101700,100,99892,100,101718,100,99886,100,101860,100,99872,100,,,99801,100
