,ask_price_1,ask_size_1,bid_price_1,bid_size_1,ask_price_2,ask_size_2,bid_price_2,bid_size_2,ask_price_3,ask_size_3,bid_price_3,bid_size_3,ask_price_4,ask_size_4,bid_price_4,bid_size_4,ask_price_5,ask_size_5,bid_price_5,bid_size_5,ask_price_6,ask_size_6,bid_price_6,bid_size_6,ask_price_7,ask_size_7,bid_price_7,bid_size_7,ask_price_8,ask_size_8,bid_price_8,bid_size_8,ask_price_9,ask_size_9,bid_price_9,bid_size_9,ask_price_10,ask_size_10,bid_price_10,bid_size_10
2019-06-28 09:30:00.000000000,,,99938,100,,,,,,,,,,,,,,,,,,,,,,,,,,,,,,,,,,,,
2019-06-28 09:30:00.000000001,,,99995,100,,,99938,100,,,,,,,,,,,,,,,,,,,,,,,,,,,,,,,,
2019-06-28 09:30:00.000000003,,,100088,100,,,99995,100,,,99938,100,,,,,,,,,,,,,,,,,,,,,,,,,,,,
2019-06-28 09:30:00.000000004,100182,100,100088,100,,,99995,100,,,99938,100,,,,,,,,,,,,,,,,,,,,,,,,,,,,
2019-06-28 09:30:00.000000005,100182,100,100088,100,,,99995,100,,,99959,100,,,99938,100,,,,,,,,,,,,,,,,,,,,,,,,
2019-06-28 09:30:00.000000008,100121,100,99995,100,100182,100,99959,100,,,99938,100,,,,,,,,,,,,,,,,,,,,,,,,,,,,
2019-06-28 09:30:00.000000009,100121,100,100023,100,100182,100,99995,100,,,99959,100,,,99938,100,,,,,,,,,,,,,,,,,,,,,,,,
2019-06-28 09:30:00.000000011,100063,100,100023,100,100091,100,99995,100,100121,100,99959,100,100122,100,99938,100,100182,100,,,,,,,,,,,,,,,,,,,,,,
2019-06-28 09:30:00.000000013,100063,100,100023,100,100091,100,99995,100,100121,100,99959,100,100122,100,99938,100,100182,100,99876,100,,,,,,,,,,,,,,,,,,,,
2019-06-28 09:30:00.000000014,100063,100,99995,100,100091,100,99959,100,100121,100,99938,100,100122,100,99876,100,100182,100,,,,,,,,,,,,,,,,,,,,,,
2019-06-28 09:30:00.000000015,100063,100,99995,100,100091,100,99959,100,100121,100,99938,100,100122,100,99915,100,100182,100,99876,100,,,,,,,,,,,,,,,,,,,,
2019-06-28 09:30:00.000000017,100063,100,99995,100,100088,100,99959,100,100091,100,99938,100,100121,100,99915,100,100122,100,99888,100,100182,100,99876,100,,,,,,,,,,,,,,,,
2019-06-28 09:30:00.000000018,100063,100,99995,100,100088,100,99959,100,100091,100,99938,100,100093,100,99915,100,100121,100,99888,100,100122,100,99876,100,100182,100,,,100205,100,,,,,,,,,,
2019-06-28 09:30:00.000000019,100062,100,99995,100,100063,100,99959,100,100088,100,99938,100,100091,100,99915,100,100093,100,99888,100,100121,100,99876,100,100122,100,,,100182,100,,,100205,100,,,,,,
2019-06-28 09:30:00.000000020,100060,100,99995,100,100062,100,99959,100,100063,100,99938,100,100088,100,99915,100,100091,100,99888,100,100093,100,99876,100,100121,100,,,100122,100,,,100182,100,,,100205,100,,
2019-06-28 09:30:00.000000022,100060,100,99995,100,100062,100,99959,100,100063,100,99954,100,100088,100,99938,100,100091,100,99915,100,100093,100,99888,100,100121,100,99876,100,100122,100,,,100182,100,,,100205,100,,
2019-06-28 09:30:00.000000024,100060,100,99995,100,100062,100,99959,100,100063,100,99954,100,100088,200,99938,100,100091,100,99915,100,100093,100,99888,100,100121,100,99876,100,100122,100,,,100182,100,,,100205,100,,
2019-06-28 09:30:00.000000026,100062,100,99995,100,100063,100,99959,100,100088,200,99954,100,100091,100,99938,100,100093,100,99915,100,100121,100,99888,100,100122,100,99876,100,100182,100,,,100205,100,,,,,,
2019-06-28 09:30:00.000000028,100062,100,100023,100,100063,100,99995,100,100088,200,99959,100,100091,100,99954,100,100093,100,99938,100,100121,100,99915,100,100122,100,99888,100,100182,100,99876,100,100205,100,,,,,,
2019-06-28 09:30:00.000000030,100060,100,100023,100,100062,100,99995,100,100063,100,99959,100,100088,200,99954,100,100091,100,99938,100,100093,100,99915,100,100121,100,99888,100,100122,100,99876,100,100182,100,,,100205,100,,
2019-06-28 09:30:00.000000031,100060,100,100023,100,100062,100,99995,100,100063,100,99959,100,100088,200,99954,100,100091,100,99938,100,100093,100,99915,100,100121,100,99888,100,100122,100,99883,100,100182,100,99876,100,100205,100,,
2019-06-28 09:30:00.000000033,100060,100,100023,100,100062,100,99995,100,100063,100,99959,100,100088,200,99954,100,100091,100,99938,100,100093,100,99915,100,100121,100,99888,100,100122,100,99883,100,100182,100,99876,100,100205,100,99874,100
2019-06-28 09:30:00.000000034,100060,100,100023,100,100062,100,99995,100,100063,100,99959,100,100088,200,99954,100,100091,100,99938,100,100093,100,99915,100,100121,100,99889,100,100122,100,99888,100,100182,100,99883,100,100205,100,99876,100
2019-06-28 09:30:00.000000039,100060,200,100023,200,100062,100,99995,100,100063,100,99959,100,100088,200,99954,100,100091,100,99938,100,100093,100,99915,100,100121,100,99889,100,100122,100,99888,100,100182,100,99883,100,100205,100,99876,100
2019-06-28 09:30:00.000000040,100060,300,100023,200,100062,100,99995,100,100063,100,99959,100,100088,200,99954,100,100091,100,99938,100,100093,100,99915,100,100121,100,99889,100,100122,100,99888,100,100182,100,99883,100,100205,100,99876,100
2019-06-28 09:30:00.000000044,100060,300,100023,100,100062,100,99995,100,100063,100,99981,100,100088,200,99959,100,100091,100,99954,100,100093,100,99938,100,100121,100,99915,100,100122,100,99889,100,100182,100,99888,100,100205,100,99883,100
2019-06-28 09:30:00.000000045,100060,300,99995,100,100062,100,99981,100,100063,100,99959,100,100088,200,99954,100,100091,100,99938,100,100093,100,99915,100,100121,100,99889,100,100122,100,99888,100,100182,100,99883,100,100205,100,99881,100
2019-06-28 09:30:00.000000046,100060,300,99995,100,100062,100,99981,100,100063,100,99959,100,100088,200,99954,100,100091,100,99938,100,100093,100,99915,100,100121,100,99889,100,100122,100,99888,100,100158,100,99883,100,100182,100,99881,100
2019-06-28 09:30:00.000000047,100023,100,99995,100,100060,300,99981,100,100062,100,99959,100,100063,100,99954,100,100088,200,99938,100,100091,100,99915,100,100093,100,99889,100,100121,100,99888,100,100122,100,99883,100,100158,100,99881,100
2019-06-28 09:30:00.000000049,100023,100,99995,100,100060,300,99981,100,100062,100,99980,100,100063,100,99959,100,100088,200,99954,100,100091,100,99938,100,100093,100,99915,100,100121,100,99889,100,100122,100,99888,100,100158,100,99883,100
2019-06-28 09:30:00.000000051,100023,100,99981,100,100060,300,99980,100,100062,100,99959,100,100063,100,99954,100,100088,200,99938,100,100091,100,99915,100,100093,100,99892,100,100121,100,99889,100,100122,100,99888,100,100158,100,99883,100
2019-06-28 09:30:00.000000052,100023,100,99981,100,100060,300,99980,100,100062,100,99959,100,100063,100,99954,100,100065,100,99938,100,100088,200,99915,100,100091,100,99892,100,100093,100,99889,100,100121,100,99888,100,100122,100,99883,100
2019-06-28 09:30:00.000000053,100023,100,99981,100,100045,100,99980,100,100060,300,99959,100,100062,100,99954,100,100063,100,99938,100,100065,100,99915,100,100088,200,99892,100,100091,100,99889,100,100093,100,99888,100,100121,100,99883,100
2019-06-28 09:30:00.000000054,100023,100,100007,100,100045,100,99996,100,100060,300,99981,100,100062,100,99980,100,100063,100,99959,100,100065,100,99954,100,100088,200,99938,100,100091,100,99915,100,100093,100,99892,100,100121,100,99889,100
2019-06-28 09:30:00.000000055,100023,100,100007,100,100045,100,99996,100,100060,300,99981,100,100062,100,99980,100,100063,100,99959,100,100065,100,99954,100,100088,200,99938,100,100091,100,99915,100,100093,100,99892,100,100121,100,99889,100
2019-06-28 09:30:00.000000056,100023,100,100007,100,100045,100,99996,100,100060,300,99981,100,100062,100,99980,100,100063,100,99959,100,100065,100,99954,100,100088,200,99938,100,100091,100,99933,100,100093,100,99915,100,100121,100,99892,100
2019-06-28 09:30:00.000000061,100023,100,100007,100,100045,100,99996,100,100060,300,99981,100,100062,100,99980,100,100063,100,99959,100,100065,100,99954,100,100088,200,99938,100,100091,100,99933,100,100093,100,99915,100,100121,100,99899,100
2019-06-28 09:30:00.000000062,100023,100,100007,100,100045,100,99996,100,100060,300,99981,100,100062,100,99980,100,100063,100,99959,100,100065,100,99954,100,100088,200,99938,100,100091,100,99933,100,100093,100,99915,100,100121,100,99899,100
2019-06-28 09:30:00.000000065,100023,100,99996,100,100045,100,99981,100,100060,300,99980,100,100062,100,99959,100,100063,100,99954,100,100065,100,99938,100,100088,200,99933,100,100091,100,99915,100,100093,100,99899,100,100121,100,99892,100
2019-06-28 09:30:00.000000067,100014,100,99996,100,100023,100,99981,100,100045,100,99980,100,100060,300,99959,100,100062,100,99954,100,100063,100,99938,100,100065,100,99933,100,100088,200,99915,100,100091,100,99899,100,100093,100,99892,100
2019-06-28 09:30:00.000000068,100014,100,99996,100,100023,100,99981,100,100045,100,99980,100,100060,300,99959,100,100062,100,99954,100,100063,100,99938,100,100065,100,99933,100,100088,200,99915,100,100091,100,99899,100,100093,100,99892,100
2019-06-28 09:30:00.000000072,100023,100,99996,100,100045,100,99981,100,100060,300,99980,100,100062,100,99959,100,100063,100,99954,100,100065,100,99938,100,100088,200,99933,100,100091,100,99915,100,100093,100,99899,100,100121,100,99892,100
2019-06-28 09:30:00.000000075,100023,100,99996,100,100026,100,99981,100,100045,100,99980,100,100060,300,99959,100,100062,100,99954,100,100063,100,99938,100,100065,100,99933,100,100088,200,99915,100,100091,100,99899,100,100093,100,99892,100
2019-06-28 09:30:00.000000077,100023,100,99996,100,100026,100,99981,100,100045,100,99980,100,100060,300,99972,100,100062,100,99959,100,100063,100,99954,100,100065,100,99938,100,100088,200,99933,100,100091,100,99915,100,100093,100,99899,100
2019-06-28 09:30:00.000000078,100026,100,99996,100,100045,100,99981,100,100060,300,99980,100,100062,100,99972,100,100063,100,99959,100,100065,100,99954,100,100088,200,99938,100,100091,100,99933,100,100093,100,99915,100,100121,100,99899,100
2019-06-28 09:30:00.000000081,100026,100,99996,100,100045,100,99981,100,100060,300,99980,100,100062,100,99972,100,100063,100,99959,100,100065,100,99954,100,100088,200,99938,100,100091,100,99933,100,100093,100,99915,100,100121,100,99899,100
2019-06-28 09:30:00.000000082,100026,100,99996,100,100045,100,99981,100,100060,300,99980,100,100062,100,99972,100,100063,100,99959,100,100065,100,99955,100,100088,200,99954,100,100091,100,99938,100,100093,100,99933,100,100121,100,99915,100
2019-06-28 09:30:00.000000087,100026,100,100014,100,100045,100,99996,100,100060,300,99981,100,100062,100,99980,100,100063,100,99972,100,100065,100,99959,100,100088,200,99955,100,100091,100,99954,100,100093,100,99938,100,100121,100,99933,100
2019-06-28 09:30:00.000000090,100026,100,100014,100,100045,100,99996,100,100060,300,99981,100,100062,100,99980,100,100063,100,99972,100,100065,100,99959,100,100088,200,99955,100,100091,100,99954,100,100093,100,99938,100,100121,100,99933,100
2019-06-28 09:30:00.000000093,100026,100,100014,100,100045,100,99996,100,100060,300,99981,100,100062,100,99980,100,100063,100,99972,100,100065,100,99959,100,100088,200,99955,100,100091,100,99954,100,100093,100,99938,100,100121,100,99933,100
2019-06-28 09:30:00.000000094,100026,100,100014,100,100029,100,99996,100,100045,100,99981,100,100060,300,99980,100,100062,100,99972,100,100063,100,99959,100,100065,100,99955,100,100088,200,99954,100,100091,100,99938,100,100093,100,99933,100
2019-06-28 09:30:00.000000096,100026,100,100014,100,100029,100,99996,100,100045,100,99981,100,100060,300,99980,100,100062,100,99972,100,100063,100,99959,100,100065,100,99955,100,100076,100,99954,100,100088,200,99938,100,100091,100,99933,100
2019-06-28 09:30:00.000000099,100026,100,100014,200,100029,100,99996,100,100045,100,99981,100,100060,300,99980,100,100062,100,99972,100,100063,100,99959,100,100065,100,99955,100,100076,100,99954,100,100088,200,99938,100,100091,100,99933,100
2019-06-28 09:30:10.000000000,100026,532,100014,632,100029,100,99996,100,100045,100,99981,100,100060,300,99980,100,100062,100,99972,100,100063,100,99959,100,100065,100,99955,100,100076,100,99954,100,100088,200,99938,100,100091,100,99933,100
2019-06-28 09:30:20.000000000,100026,532,100014,632,100029,100,99996,100,100045,100,99981,100,100060,300,99980,100,100062,100,99972,100,100063,100,99959,100,100065,100,99955,100,100076,100,99954,100,100088,200,99938,100,100091,100,99933,100
2019-06-28 09:30:30.000000000,100026,208,100014,308,100029,208,99996,208,100045,208,99981,208,100060,408,99980,208,100062,100,99972,100,100063,100,99959,100,100065,100,99955,100,100076,100,99954,100,100088,200,99938,100,100091,100,99933,100
2019-06-28 09:30:38.945911813,100026,108,100014,308,100029,208,99996,208,100045,208,99981,208,100060,408,99980,208,100062,100,99972,100,100063,100,99959,100,100065,100,99955,100,100076,100,99954,100,100088,200,99938,100,100091,100,99933,100
2019-06-28 09:30:40.000000000,100029,532,100014,632,100045,100,99996,100,100060,300,99981,100,100062,100,99980,100,100063,100,99972,100,100065,100,99959,100,100076,100,99955,100,100088,200,99954,100,100091,100,99938,100,100093,100,99933,100
2019-06-28 09:30:49.438139571,100029,532,100014,632,100045,100,99996,100,100060,300,99981,100,100062,100,99980,100,100063,100,99972,100,100065,100,99959,100,100076,100,99955,100,100088,200,99954,100,100091,100,99938,100,100093,100,99933,100
2019-06-28 09:30:50.000000000,100029,316,100014,416,100045,316,99996,316,100060,300,99981,100,100062,100,99980,100,100063,100,99972,100,100065,100,99959,100,100076,100,99955,100,100088,200,99954,100,100091,100,99938,100,100093,100,99933,100
2019-06-28 09:30:51.736129971,100029,316,100015,100,100045,316,100014,416,100060,300,99996,316,100062,100,99981,100,100063,100,99980,100,100065,100,99972,100,100076,100,99959,100,100088,200,99955,100,100091,100,99954,100,100093,100,99938,100
2019-06-28 09:30:55.034449041,100029,216,100015,100,100045,316,100014,416,100060,300,99996,316,100062,100,99981,100,100063,100,99980,100,100065,100,99972,100,100076,100,99959,100,100088,200,99955,100,100091,100,99954,100,100093,100,99938,100
2019-06-28 09:30:55.815466233,100029,116,100015,100,100045,316,100014,416,100060,300,99996,316,100062,100,99981,100,100063,100,99980,100,100065,100,99972,100,100076,100,99959,100,100088,200,99955,100,100091,100,99954,100,100093,100,99938,100
2019-06-28 09:31:00.000000000,100045,532,100015,532,100060,300,100014,200,100062,100,99996,100,100063,100,99981,100,100065,100,99980,100,100076,100,99972,100,100088,200,99959,100,100091,100,99955,100,100093,100,99954,100,100121,100,99938,100
2019-06-28 09:31:10.000000000,100045,186,100015,186,100060,386,100014,286,100062,186,99996,186,100063,186,99981,186,100065,186,99980,186,100076,100,99972,100,100088,200,99959,100,100091,100,99955,100,100093,100,99954,100,100121,100,99938,100
2019-06-28 09:31:20.000000000,100045,316,100015,316,100060,516,100014,416,100062,100,99996,100,100063,100,99981,100,100065,100,99980,100,100076,100,99972,100,100088,200,99959,100,100091,100,99955,100,100093,100,99954,100,100121,100,99938,100
2019-06-28 09:31:30.000000000,100045,247,100015,247,100060,443,100014,343,100062,243,99996,243,100063,100,99981,100,100065,100,99980,100,100076,100,99972,100,100088,200,99959,100,100091,100,99955,100,100093,100,99954,100,100121,100,99938,100
2019-06-28 09:31:40.000000000,100045,247,100015,247,100060,443,100014,343,100062,243,99996,243,100063,100,99981,100,100065,100,99980,100,100076,100,99972,100,100088,200,99959,100,100091,100,99955,100,100093,100,99954,100,100121,100,99938,100
2019-06-28 09:31:44.030013712,100045,247,100015,247,100060,443,100014,343,100062,243,99996,243,100063,100,99981,100,100065,100,99980,100,100076,100,99972,100,100088,200,99959,100,100091,100,99955,100,100093,100,99954,100,100121,100,99938,100
2019-06-28 09:31:46.203913503,100045,247,100015,247,100060,443,100014,343,100062,243,99996,243,100063,100,99981,100,100065,100,99980,100,100076,100,99972,100,100088,200,99959,100,100091,100,99955,100,100093,100,99954,100,100121,100,99938,100
2019-06-28 09:31:50.000000000,100045,208,100015,208,100060,408,100014,308,100062,208,99996,208,100063,208,99981,208,100065,100,99980,100,100076,100,99972,100,100088,200,99959,100,100091,100,99955,100,100093,100,99954,100,100121,100,99938,100
2019-06-28 09:31:58.238157405,100045,208,100015,208,100060,408,100014,308,100062,208,99996,208,100063,208,99981,208,100065,100,99980,100,100076,100,99972,100,100088,200,99959,100,100091,100,99955,100,100093,100,99954,100,100121,100,99938,100
2019-06-28 09:32:00.000000000,100045,247,100015,247,100060,443,100014,343,100062,243,99996,243,100063,100,99981,100,100065,100,99980,100,100076,100,99972,100,100088,200,99959,100,100091,100,99955,100,100093,100,99954,100,100121,100,99938,100
2019-06-28 09:32:10.000000000,100045,208,100015,208,100060,408,100014,308,100062,208,99996,208,100063,208,99981,208,100065,100,99980,100,100076,100,99972,100,100088,200,99959,100,100091,100,99955,100,100093,100,99954,100,100121,100,99938,100
2019-06-28 09:32:14.035755158,100045,208,100015,108,100060,408,100014,308,100062,208,99996,108,100063,208,99981,208,100065,100,99980,100,100076,100,99972,100,100088,200,99959,100,100091,100,99955,100,100093,100,99954,100,100121,100,99938,100
2019-06-28 09:32:20.000000000,100045,316,100014,416,100060,516,99981,316,100062,100,99980,100,100063,100,99972,100,100065,100,99959,100,100076,100,99955,100,100088,200,99954,100,100091,100,99938,100,100093,100,99933,100,100121,100,99915,100
2019-06-28 09:32:30.000000000,100045,186,100014,286,100060,386,99981,186,100062,186,99980,186,100063,186,99972,186,100065,186,99959,186,100076,100,99955,100,100088,200,99954,100,100091,100,99938,100,100093,100,99933,100,100121,100,99915,100
2019-06-28 09:32:33.535886907,100028,100,100014,286,100045,186,99981,186,100060,386,99980,186,100062,86,99972,186,100063,186,99959,186,100065,186,99955,100,100076,100,99954,100,100088,200,99938,100,100091,100,99933,100,100093,100,99915,100
2019-06-28 09:32:40.000000000,100028,186,100014,286,100045,186,99981,186,100060,386,99980,186,100063,186,99972,186,100065,186,99959,186,100076,100,99955,100,100088,200,99954,100,100091,100,99938,100,100093,100,99933,100,100121,100,99915,100
2019-06-28 09:32:40.498183662,100028,186,100014,186,100045,186,99981,186,100060,386,99980,186,100063,186,99972,186,100065,186,99959,186,100076,100,99955,100,100088,200,99954,100,100091,100,99938,100,100093,100,99933,100,100121,100,99915,100
2019-06-28 09:32:46.211227810,100015,100,100014,186,100028,186,99981,186,100045,186,99980,186,100060,386,99972,186,100063,186,99959,186,100065,186,99955,100,100076,100,99954,100,100088,200,99938,100,100093,100,99933,100,100121,100,99915,100
2019-06-28 09:32:46.598577757,100015,100,100014,86,100028,186,99981,186,100045,186,99980,186,100060,386,99972,186,100063,186,99959,186,100065,186,99955,100,100076,100,99954,100,100088,200,99938,100,100093,100,99933,100,100121,100,99915,100
2019-06-28 09:32:50.000000000,100015,247,99981,247,100028,243,99980,243,100045,243,99972,243,100060,300,99959,100,100063,100,99955,100,100065,100,99954,100,100076,100,99938,100,100088,200,99933,100,100093,100,99915,100,100121,100,99899,100
2019-06-28 09:33:00.000000000,100015,316,99981,316,100028,316,99980,316,100045,100,99972,100,100060,300,99959,100,100063,100,99955,100,100065,100,99954,100,100076,100,99938,100,100088,200,99933,100,100093,100,99915,100,100121,100,99899,100
2019-06-28 09:33:10.000000000,100015,208,99981,208,100028,208,99980,208,100045,208,99972,208,100060,408,99959,208,100063,100,99955,100,100065,100,99954,100,100076,100,99938,100,100088,200,99933,100,100093,100,99915,100,100121,100,99899,100
2019-06-28 09:33:15.689603320,100015,208,99981,108,100028,208,99980,208,100045,208,99972,208,100060,408,99959,208,100063,100,99955,100,100065,100,99954,100,100076,100,99938,100,100088,200,99933,100,100093,100,99915,100,100121,100,99899,100
2019-06-28 09:33:20.000000000,100015,316,99980,316,100028,316,99972,316,100045,100,99959,100,100060,300,99955,100,100063,100,99954,100,100065,100,99938,100,100076,100,99933,100,100088,200,99915,100,100093,100,99899,100,100121,100,99892,100
2019-06-28 09:33:30.000000000,100015,316,99980,316,100028,316,99972,316,100045,100,99959,100,100060,300,99955,100,100063,100,99954,100,100065,100,99938,100,100076,100,99933,100,100088,200,99915,100,100093,100,99899,100,100121,100,99892,100
2019-06-28 09:33:40.000000000,100015,247,99980,247,100028,243,99972,243,100045,243,99959,243,100060,300,99955,100,100063,100,99954,100,100065,100,99938,100,100076,100,99933,100,100088,200,99915,100,100093,100,99899,100,100121,100,99892,100
2019-06-28 09:33:50.000000000,100015,208,99980,208,100028,208,99972,208,100045,208,99959,208,100060,408,99955,208,100063,100,99954,100,100065,100,99938,100,100076,100,99933,100,100088,200,99915,100,100093,100,99899,100,100121,100,99892,100
2019-06-28 09:34:00.000000000,100015,532,99980,532,100028,100,99972,100,100045,100,99959,100,100060,300,99955,100,100063,100,99954,100,100065,100,99938,100,100076,100,99933,100,100088,200,99915,100,100093,100,99899,100,100121,100,99892,100
2019-06-28 09:34:10.000000000,100015,208,99980,208,100028,208,99972,208,100045,208,99959,208,100060,408,99955,208,100063,100,99954,100,100065,100,99938,100,100076,100,99933,100,100088,200,99915,100,100093,100,99899,100,100121,100,99892,100
2019-06-28 09:34:20.000000000,100015,247,99980,247,100028,243,99972,243,100045,243,99959,243,100060,300,99955,100,100063,100,99954,100,100065,100,99938,100,100076,100,99933,100,100088,200,99915,100,100093,100,99899,100,100121,100,99892,100
2019-06-28 09:34:30.000000000,100015,208,99980,208,100028,208,99972,208,100045,208,99959,208,100060,408,99955,208,100063,100,99954,100,100065,100,99938,100,100076,100,99933,100,100088,200,99915,100,100093,100,99899,100,100121,100,99892,100
2019-06-28 09:34:35.137273812,100015,208,99980,208,100028,208,99972,208,100045,208,99959,208,100060,408,99955,208,100063,100,99954,100,100065,100,99938,100,100076,100,99933,100,100088,200,99915,100,100093,100,99899,100,100121,100,99892,100
2019-06-28 09:34:40.000000000,100015,186,99980,186,100028,186,99972,186,100045,186,99959,186,100060,386,99955,186,100063,186,99954,186,100065,100,99938,100,100076,100,99933,100,100088,200,99915,100,100093,100,99899,100,100121,100,99892,100
2019-06-28 09:34:50.000000000,100015,316,99980,316,100028,316,99972,316,100045,100,99959,100,100060,300,99955,100,100063,100,99954,100,100065,100,99938,100,100076,100,99933,100,100088,200,99915,100,100093,100,99899,100,100121,100,99892,100
2019-06-28 09:35:00.000000000,100015,247,99980,247,100028,243,99972,243,100045,243,99959,243,100060,300,99955,100,100063,100,99954,100,100065,100,99938,100,100076,100,99933,100,100088,200,99915,100,100093,100,99899,100,100121,100,99892,100
2019-06-28 09:35:10.000000000,100015,208,99980,208,100028,208,99972,208,100045,208,99959,208,100060,408,99955,208,100063,100,99954,100,100065,100,99938,100,100076,100,99933,100,100088,200,99915,100,100093,100,99899,100,100121,100,99892,100
2019-06-28 09:35:10.011083814,100014,100,99980,208,100015,208,99972,208,100028,208,99959,208,100045,208,99955,208,100060,408,99954,100,100063,100,99938,100,100065,100,99933,100,100076,100,99915,100,100088,200,99899,100,100093,100,99892,100
2019-06-28 09:35:11.524897033,100014,200,99980,208,100015,208,99972,208,100028,208,99959,208,100045,208,99955,208,100060,408,99954,100,100063,100,99938,100,100065,100,99933,100,100076,100,99915,100,100088,100,99899,100,100093,100,99892,100
2019-06-28 09:35:20.000000000,100014,632,99980,532,100015,100,99972,100,100028,100,99959,100,100045,100,99955,100,100060,300,99954,100,100063,100,99938,100,100065,100,99933,100,100076,100,99915,100,100088,100,99899,100,100093,100,99892,100
2019-06-28 09:35:30.000000000,100014,347,99980,247,100015,243,99972,243,100028,243,99959,243,100045,100,99955,100,100060,300,99954,100,100063,100,99938,100,100065,100,99933,100,100076,100,99915,100,100088,100,99899,100,100093,100,99892,100
2019-06-28 09:35:34.005646548,100014,347,99980,147,100015,243,99972,243,100028,243,99959,243,100045,100,99955,100,100060,300,99954,100,100063,100,99938,100,100065,100,99933,100,100076,100,99915,100,100088,100,99899,100,100093,100,99892,100
2019-06-28 09:35:40.000000000,100014,308,99972,208,100015,208,99959,208,100028,208,99955,208,100045,208,99954,208,100060,300,99938,100,100063,100,99933,100,100065,100,99915,100,100076,100,99899,100,100088,100,99892,100,100093,100,99889,100
2019-06-28 09:35:41.684563308,100014,308,99972,108,100015,208,99959,208,100028,208,99955,208,100045,208,99954,208,100060,300,99938,100,100063,100,99933,100,100065,100,99899,100,100076,100,99892,100,100088,100,99889,100,100093,100,99888,100
2019-06-28 09:35:50.000000000,100014,416,99959,316,100015,316,99955,316,100028,100,99954,100,100045,100,99938,100,100060,300,99933,100,100063,100,99899,100,100065,100,99892,100,100076,100,99889,100,100088,100,99888,100,100093,100,99883,100
2019-06-28 09:36:00.000000000,100014,632,99959,532,100015,100,99955,100,100028,100,99954,100,100045,100,99938,100,100060,300,99933,100,100063,100,99899,100,100065,100,99892,100,100076,100,99889,100,100088,100,99888,100,100093,100,99883,100
2019-06-28 09:36:10.000000000,100014,347,99959,247,100015,243,99955,243,100028,243,99954,243,100045,100,99938,100,100060,300,99933,100,100063,100,99899,100,100065,100,99892,100,100076,100,99889,100,100088,100,99888,100,100093,100,99883,100
2019-06-28 09:36:18.160722220,100014,347,99959,147,100015,243,99955,243,100028,243,99954,243,100045,100,99938,100,100060,300,99933,100,100063,100,99899,100,100065,100,99892,100,100076,100,99889,100,100088,100,99888,100,100093,100,99883,100
2019-06-28 09:36:20.000000000,100014,286,99955,186,100015,186,99954,186,100028,186,99938,186,100045,186,99933,186,100060,386,99899,186,100063,100,99892,100,100065,100,99889,100,100076,100,99888,100,100088,100,99883,100,100093,100,99879,100
2019-06-28 09:36:30.000000000,100014,286,99955,186,100015,186,99954,186,100028,186,99938,186,100045,186,99933,186,100060,386,99899,186,100063,100,99892,100,100065,100,99889,100,100076,100,99888,100,100088,100,99883,100,100093,100,99879,100
2019-06-28 09:36:31.382146757,100014,286,99955,86,100015,186,99954,186,100028,186,99938,186,100045,186,99933,186,100060,386,99899,186,100063,100,99892,100,100065,100,99889,100,100076,100,99888,100,100088,100,99883,100,100093,100,99879,100
2019-06-28 09:36:33.966938791,99955,14,99954,186,100014,286,99938,186,100015,186,99933,186,100028,186,99899,186,100045,186,99892,100,100060,386,99889,100,100063,100,99888,100,100065,100,99883,100,100076,100,99879,100,100088,100,99876,100
2019-06-28 09:36:40.000000000,99955,100,99954,186,100014,286,99938,186,100015,186,99933,186,100028,186,99899,186,100045,186,99892,186,100060,300,99889,100,100063,100,99888,100,100065,100,99883,100,100076,100,99879,100,100088,100,99876,100
2019-06-28 09:36:47.591587871,99955,100,99954,186,100014,286,99938,186,100015,186,99933,186,100028,186,99899,186,100045,186,99892,186,100060,300,99889,100,100063,100,99888,100,100065,100,99883,100,100076,100,99879,100,100093,100,99876,100
2019-06-28 09:36:49.582175785,99955,100,99954,86,100014,286,99938,186,100015,186,99933,186,100028,186,99899,186,100045,186,99892,186,100060,300,99889,100,100063,100,99888,100,100065,100,99883,100,100076,100,99879,100,100093,100,99876,100
2019-06-28 09:36:50.000000000,99955,446,99938,532,100014,200,99933,100,100015,100,99899,100,100028,100,99892,100,100045,100,99889,100,100060,300,99888,100,100063,100,99883,100,100065,100,99879,100,100076,100,99876,100,100093,100,99874,100
2019-06-28 09:36:52.021296428,99955,446,99938,532,100014,200,99933,100,100015,100,99899,100,100028,100,99892,100,100045,100,99889,100,100060,300,99888,100,100063,100,99883,100,100065,100,99879,100,100076,100,99876,100,100093,100,99874,100
2019-06-28 09:37:00.000000000,99955,230,99938,316,100014,416,99933,316,100015,100,99899,100,100028,100,99892,100,100045,100,99889,100,100060,300,99888,100,100063,100,99883,100,100065,100,99879,100,100076,100,99876,100,100093,100,99874,100
2019-06-28 09:37:10.000000000,99955,122,99938,208,100014,308,99933,208,100015,208,99899,208,100028,208,99892,208,100045,100,99889,100,100060,300,99888,100,100063,100,99883,100,100065,100,99879,100,100076,100,99876,100,100093,100,99874,100
2019-06-28 09:37:20.000000000,99955,161,99938,247,100014,343,99933,243,100015,243,99899,243,100028,100,99892,100,100045,100,99889,100,100060,300,99888,100,100063,100,99883,100,100065,100,99879,100,100076,100,99876,100,100093,100,99874,100
2019-06-28 09:37:25.285706905,99955,161,99938,247,100014,343,99933,243,100015,243,99899,243,100028,100,99892,100,100045,100,99889,100,100060,300,99888,100,100063,100,99883,100,100065,100,99879,100,100076,100,99876,100,100093,100,99874,100
2019-06-28 09:37:29.259667149,99955,161,99938,147,100014,343,99933,243,100015,243,99899,243,100028,100,99892,100,100045,100,99889,100,100060,300,99888,100,100063,100,99883,100,100065,100,99879,100,100076,100,99876,100,100093,100,99874,100
2019-06-28 09:37:30.000000000,99955,161,99933,247,100014,343,99899,243,100015,243,99892,243,100028,100,99889,100,100045,100,99888,100,100060,300,99883,100,100063,100,99879,100,100065,100,99876,100,100076,100,99874,100,100093,100,99822,100
2019-06-28 09:37:35.344592488,99955,161,99933,247,100014,343,99899,243,100015,243,99892,243,100028,100,99889,100,100045,100,99888,100,100060,300,99883,100,100063,100,99879,100,100065,100,99876,100,100076,100,99874,100,100093,100,99822,100
2019-06-28 09:37:39.992615672,99954,100,99933,247,99955,161,99899,243,100014,343,99892,243,100015,243,99889,100,100028,100,99888,100,100045,100,99883,100,100060,300,99879,100,100063,100,99876,100,100065,100,99874,100,100076,100,99822,100
2019-06-28 09:37:40.000000000,99954,532,99933,532,99955,14,99899,100,100014,200,99892,100,100015,100,99889,100,100028,100,99888,100,100045,100,99883,100,100060,300,99879,100,100063,100,99876,100,100065,100,99874,100,100076,100,99822,100
2019-06-28 09:37:49.088507372,99954,532,99933,532,99955,14,99899,100,100014,200,99892,100,100015,100,99889,100,100028,100,99888,100,100045,100,99883,100,100060,300,99879,100,100063,100,99876,100,100065,100,99874,100,100076,100,99822,100
2019-06-28 09:37:50.000000000,99954,316,99933,316,99955,230,99899,316,100014,200,99892,100,100015,100,99889,100,100028,100,99888,100,100045,100,99883,100,100060,300,99879,100,100063,100,99876,100,100065,100,99874,100,100076,100,99822,100
2019-06-28 09:37:54.237073973,99954,416,99933,316,99955,230,99899,316,100014,200,99892,100,100015,100,99889,100,100028,100,99888,100,100045,100,99883,100,100060,300,99879,100,100063,100,99876,100,100065,100,99874,100,100076,100,99822,100
2019-06-28 09:38:00.000000000,99954,286,99933,186,99955,100,99899,186,100014,286,99892,186,100015,186,99889,186,100028,186,99888,186,100045,100,99883,100,100060,300,99879,100,100063,100,99876,100,100065,100,99874,100,100076,100,99822,100
2019-06-28 09:38:10.000000000,99954,347,99933,247,99955,157,99899,243,100014,343,99892,243,100015,100,99889,100,100028,100,99888,100,100045,100,99883,100,100060,300,99879,100,100063,100,99876,100,100065,100,99874,100,100076,100,99822,100
2019-06-28 09:38:13.153074686,99954,347,99933,247,99955,157,99899,243,100014,343,99892,243,100015,100,99889,100,100028,100,99888,100,100045,100,99883,100,100060,300,99879,100,100063,100,99876,100,100065,100,99874,100,100076,100,99822,100
2019-06-28 09:38:20.000000000,99954,416,99933,316,99955,230,99899,316,100014,200,99892,100,100015,100,99889,100,100028,100,99888,100,100045,100,99883,100,100060,300,99879,100,100063,100,99876,100,100065,100,99874,100,100076,100,99822,100
2019-06-28 09:38:23.827555193,99954,416,99933,216,99955,230,99899,316,100014,200,99892,100,100015,100,99889,100,100028,100,99888,100,100045,100,99883,100,100060,300,99879,100,100063,100,99876,100,100065,100,99874,100,100076,100,99822,100
2019-06-28 09:38:30.000000000,99954,308,99899,208,99955,122,99892,208,100014,308,99889,208,100015,208,99888,208,100028,100,99883,100,100045,100,99879,100,100060,300,99876,100,100063,100,99874,100,100065,100,99822,100,100076,100,99783,100
2019-06-28 09:38:40.000000000,99954,308,99899,208,99955,122,99892,208,100014,308,99889,208,100015,208,99888,208,100028,100,99883,100,100045,100,99879,100,100060,300,99876,100,100063,100,99874,100,100065,100,99822,100,100076,100,99783,100
2019-06-28 09:38:44.999065826,99954,308,99899,208,99955,122,99892,208,100014,308,99889,208,100015,208,99888,208,100028,100,99883,100,100045,100,99879,100,100060,300,99876,100,100063,100,99874,100,100065,100,99822,100,100076,100,99783,100
2019-06-28 09:38:50.000000000,99954,347,99899,247,99955,157,99892,243,100014,343,99889,243,100015,100,99888,100,100028,100,99883,100,100045,100,99879,100,100060,300,99876,100,100063,100,99874,100,100065,100,99822,100,100076,100,99783,100
2019-06-28 09:38:55.990973051,99938,100,99899,247,99954,347,99892,243,99955,157,99889,243,100014,343,99888,100,100028,100,99883,100,100045,100,99879,100,100060,300,99876,100,100063,100,99874,100,100065,100,99822,100,100076,100,99783,100
2019-06-28 09:38:58.066338573,99938,100,99899,247,99954,247,99892,243,99955,157,99889,243,100014,343,99888,100,100028,100,99883,100,100045,100,99879,100,100060,300,99876,100,100063,100,99874,100,100065,100,99822,100,100076,100,99783,100
2019-06-28 09:38:59.413733949,99938,100,99899,247,99954,147,99892,243,99955,157,99889,243,100014,343,99888,100,100028,100,99883,100,100045,100,99879,100,100060,300,99876,100,100063,100,99874,100,100065,100,99822,100,100076,100,99783,100
2019-06-28 09:39:00.000000000,99938,247,99899,247,99955,157,99892,243,100014,343,99889,243,100028,100,99888,100,100045,100,99883,100,100060,300,99879,100,100063,100,99876,100,100065,100,99874,100,100076,100,99822,100,100093,100,99783,100
2019-06-28 09:39:10.000000000,99938,316,99899,316,99955,230,99892,316,100014,200,99889,100,100028,100,99888,100,100045,100,99883,100,100060,300,99879,100,100063,100,99876,100,100065,100,99874,100,100076,100,99822,100,100093,100,99783,100
2019-06-28 09:39:16.764276458,99938,316,99899,316,99955,230,99892,316,100014,200,99889,100,100028,100,99888,100,100045,100,99883,100,100060,300,99879,100,100063,100,99876,100,100065,100,99874,100,100076,100,99822,100,100093,100,99783,100
2019-06-28 09:39:20.000000000,99938,316,99899,316,99955,230,99892,316,100014,200,99889,100,100028,100,99888,100,100045,100,99883,100,100060,300,99879,100,100063,100,99876,100,100065,100,99874,100,100076,100,99822,100,100093,100,99783,100
2019-06-28 09:39:22.381089951,99938,416,99899,316,99955,230,99892,316,100014,200,99889,100,100028,100,99888,100,100045,100,99883,100,100060,300,99879,100,100063,100,99876,100,100065,100,99874,100,100076,100,99822,100,100093,100,99783,100
2019-06-28 09:39:30.000000000,99938,347,99899,247,99955,157,99892,243,100014,343,99889,243,100028,100,99888,100,100045,100,99883,100,100060,300,99879,100,100063,100,99876,100,100065,100,99874,100,100076,100,99822,100,100093,100,99783,100
2019-06-28 09:39:40.000000000,99938,347,99899,247,99955,157,99892,243,100014,343,99889,243,100028,100,99888,100,100045,100,99883,100,100060,300,99879,100,100063,100,99876,100,100065,100,99874,100,100076,100,99822,100,100093,100,99783,100
2019-06-28 09:39:50.000000000,99938,416,99899,316,99955,230,99892,316,100014,200,99889,100,100028,100,99888,100,100045,100,99883,100,100060,300,99879,100,100063,100,99876,100,100065,100,99874,100,100076,100,99822,100,100093,100,99783,100
2019-06-28 09:39:52.938655080,99938,416,99899,316,99955,230,99892,316,99973,100,99889,100,100014,200,99888,100,100028,100,99883,100,100045,100,99879,100,100060,300,99876,100,100063,100,99874,100,100065,100,99822,100,100076,100,99783,100
2019-06-28 09:39:58.338772980,99938,516,99899,316,99955,230,99892,316,99973,100,99889,100,100014,200,99888,100,100028,100,99883,100,100045,100,99879,100,100060,300,99876,100,100063,100,99874,100,100065,100,99822,100,100076,100,99783,100
2019-06-28 09:40:00.000000000,99938,447,99899,247,99955,157,99892,243,99973,243,99889,243,100014,200,99888,100,100028,100,99883,100,100045,100,99879,100,100060,300,99876,100,100063,100,99874,100,100065,100,99822,100,100076,100,99783,100
2019-06-28 09:40:03.049968792,99938,447,99899,247,99955,157,99892,243,99973,243,99889,243,100014,200,99888,100,100028,100,99883,100,100045,100,99879,100,100060,300,99876,100,100063,100,99874,100,100065,100,99822,100,100076,100,99739,100
2019-06-28 09:40:04.981792605,99938,547,99899,247,99955,157,99892,243,99973,243,99889,243,100014,200,99888,100,100028,100,99883,100,100045,100,99879,100,100060,300,99876,100,100063,100,99874,100,100065,100,99822,100,100076,100,99739,100
2019-06-28 09:40:10.000000000,99938,547,99899,247,99955,157,99892,243,99973,243,99889,243,100014,200,99888,100,100028,100,99883,100,100045,100,99879,100,100060,300,99876,100,100063,100,99874,100,100065,100,99822,100,100076,100,99739,100
2019-06-28 09:40:20.000000000,99938,508,99899,208,99955,122,99892,208,99973,208,99889,208,100014,308,99888,208,100028,100,99883,100,100045,100,99879,100,100060,300,99876,100,100063,100,99874,100,100065,100,99822,100,100076,100,99739,100
2019-06-28 09:40:30.000000000,99938,832,99899,532,99955,14,99892,100,99973,100,99889,100,100014,200,99888,100,100028,100,99883,100,100045,100,99879,100,100060,300,99876,100,100063,100,99874,100,100065,100,99822,100,100076,100,99739,100
2019-06-28 09:40:36.011048629,99938,832,99899,432,99955,14,99892,100,99973,100,99889,100,100014,200,99888,100,100028,100,99883,100,100045,100,99879,100,100060,300,99876,100,100063,100,99874,100,100065,100,99822,100,100076,100,99739,100
2019-06-28 09:40:40.000000000,99938,486,99892,186,99955,100,99889,186,99973,186,99888,186,100014,286,99883,186,100028,186,99879,186,100045,100,99876,100,100060,300,99874,100,100063,100,99822,100,100065,100,99739,100,100076,100,99645,100
2019-06-28 09:40:50.000000000,99938,832,99892,532,99955,14,99889,100,99973,100,99888,100,100014,200,99883,100,100028,100,99879,100,100045,100,99876,100,100060,300,99874,100,100063,100,99822,100,100065,100,99739,100,100076,100,99645,100
2019-06-28 09:40:51.674208398,99938,732,99892,532,99955,14,99889,100,99973,100,99888,100,100014,200,99883,100,100028,100,99879,100,100045,100,99876,100,100060,300,99874,100,100063,100,99822,100,100065,100,99739,100,100076,100,99645,100
2019-06-28 09:40:56.596586580,99938,732,99892,532,99955,14,99889,100,99973,100,99888,100,100014,200,99883,100,100028,100,99879,100,100045,100,99876,100,100060,300,99874,100,100063,100,99822,100,100065,100,99739,100,100076,100,99645,100
2019-06-28 09:41:00.000000000,99938,447,99892,247,99955,157,99889,243,99973,243,99888,243,100014,200,99883,100,100028,100,99879,100,100045,100,99876,100,100060,300,99874,100,100063,100,99822,100,100065,100,99739,100,100076,100,99645,100
2019-06-28 09:41:10.000000000,99938,386,99892,186,99955,100,99889,186,99973,186,99888,186,100014,286,99883,186,100028,186,99879,186,100045,100,99876,100,100060,300,99874,100,100063,100,99822,100,100065,100,99739,100,100076,100,99645,100
2019-06-28 09:41:14.769419147,99924,100,99892,186,99938,386,99889,186,99955,100,99888,186,99973,186,99883,186,100014,286,99879,186,100028,186,99876,100,100045,100,99874,100,100060,300,99822,100,100063,100,99739,100,100065,100,99645,100
2019-06-28 09:41:17.035607782,99924,100,99892,186,99938,286,99889,186,99955,100,99888,186,99973,186,99883,186,100014,286,99879,186,100028,186,99876,100,100045,100,99874,100,100060,300,99822,100,100063,100,99739,100,100065,100,99645,100
2019-06-28 09:41:20.000000000,99924,208,99892,208,99938,308,99889,208,99955,122,99888,208,99973,208,99883,208,100014,200,99879,100,100028,100,99876,100,100045,100,99874,100,100060,300,99822,100,100063,100,99739,100,100065,100,99645,100
2019-06-28 09:41:29.794075922,99924,208,99892,208,99938,308,99889,208,99955,122,99888,208,99973,208,99883,208,100014,200,99879,100,100028,100,99876,100,100045,100,99874,100,100060,300,99870,100,100063,100,99822,100,100065,100,99739,100
2019-06-28 09:41:30.000000000,99924,316,99892,316,99938,416,99889,316,99955,14,99888,100,99973,100,99883,100,100014,200,99879,100,100028,100,99876,100,100045,100,99874,100,100060,300,99870,100,100063,100,99822,100,100065,100,99739,100
2019-06-28 09:41:40.000000000,99924,532,99892,532,99938,200,99889,100,99955,14,99888,100,99973,100,99883,100,100014,200,99879,100,100028,100,99876,100,100045,100,99874,100,100060,300,99870,100,100063,100,99822,100,100065,100,99739,100
2019-06-28 09:41:44.154540954,99924,532,99900,100,99938,200,99892,532,99955,14,99889,100,99973,100,99888,100,100014,200,99883,100,100028,100,99879,100,100045,100,99876,100,100060,200,99874,100,100063,100,99870,100,100065,100,99822,100
2019-06-28 09:41:50.000000000,99924,316,99900,316,99938,416,99892,316,99955,14,99889,100,99973,100,99888,100,100014,200,99883,100,100028,100,99879,100,100045,100,99876,100,100060,200,99874,100,100063,100,99870,100,100065,100,99822,100
2019-06-28 09:42:00.000000000,99924,316,99900,316,99938,416,99892,316,99955,14,99889,100,99973,100,99888,100,100014,200,99883,100,100028,100,99879,100,100045,100,99876,100,100060,200,99874,100,100063,100,99870,100,100065,100,99822,100
2019-06-28 09:42:10.000000000,99924,532,99900,532,99938,200,99892,100,99955,14,99889,100,99973,100,99888,100,100014,200,99883,100,100028,100,99879,100,100045,100,99876,100,100060,200,99874,100,100063,100,99870,100,100065,100,99822,100
2019-06-28 09:42:15.935044118,99911,100,99900,532,99924,532,99892,100,99938,200,99889,100,99955,14,99888,100,99973,100,99883,100,100014,200,99879,100,100028,100,99876,100,100045,100,99874,100,100060,200,99870,100,100063,100,99822,100
2019-06-28 09:42:20.000000000,99911,208,99900,208,99924,208,99892,208,99938,308,99889,208,99955,122,99888,208,99973,100,99883,100,100014,200,99879,100,100028,100,99876,100,100045,100,99874,100,100060,200,99870,100,100063,100,99822,100
2019-06-28 09:42:26.711567518,99911,208,99900,208,99924,208,99892,208,99938,308,99889,208,99955,122,99888,208,99973,100,99883,100,100014,200,99879,100,100028,100,99876,100,100045,100,99874,100,100060,200,99870,100,100063,100,99822,100
2019-06-28 09:42:30.000000000,99911,247,99900,247,99924,243,99892,243,99938,343,99889,243,99955,14,99888,100,99973,100,99883,100,100014,200,99879,100,100028,100,99876,100,100045,100,99874,100,100060,200,99870,100,100063,100,99822,100
2019-06-28 09:42:40.000000000,99911,186,99900,186,99924,186,99892,186,99938,286,99889,186,99955,100,99888,186,99973,186,99883,186,100014,200,99879,100,100028,100,99876,100,100045,100,99874,100,100060,200,99870,100,100063,100,99822,100
2019-06-28 09:42:40.101850664,99911,186,99900,186,99924,186,99892,186,99938,286,99889,186,99955,100,99888,186,99973,186,99883,186,99989,100,99879,100,100014,200,99876,100,100028,100,99874,100,100045,100,99870,100,100060,200,99822,100
2019-06-28 09:42:46.169846687,99911,186,99900,286,99924,186,99892,186,99938,286,99889,186,99955,100,99888,186,99973,186,99883,186,99989,100,99879,100,100014,200,99876,100,100028,100,99874,100,100045,100,99870,100,100060,200,99822,100
2019-06-28 09:42:50.000000000,99911,208,99900,308,99924,208,99892,208,99938,308,99889,208,99955,122,99888,208,99973,100,99883,100,99989,100,99879,100,100014,200,99876,100,100028,100,99874,100,100045,100,99870,100,100060,200,99822,100
2019-06-28 09:43:00.000000000,99911,247,99900,347,99924,243,99892,243,99938,343,99889,243,99955,14,99888,100,99973,100,99883,100,99989,100,99879,100,100014,200,99876,100,100028,100,99874,100,100045,100,99870,100,100060,200,99822,100
2019-06-28 09:43:07.757282503,99911,247,99900,347,99924,243,99892,243,99938,343,99889,243,99955,14,99883,100,99973,100,99879,100,99989,100,99876,100,100014,200,99874,100,100028,100,99870,100,100045,100,99822,100,100060,200,99767,100
2019-06-28 09:43:10.000000000,99911,186,99900,286,99924,186,99892,186,99938,286,99889,186,99955,100,99883,186,99973,186,99879,186,99989,100,99876,100,100014,200,99874,100,100028,100,99870,100,100045,100,99822,100,100060,200,99767,100
2019-06-28 09:43:12.135819774,99911,186,99900,286,99924,186,99892,186,99938,286,99889,186,99955,100,99883,186,99973,186,99879,186,99989,100,99876,100,100014,200,99874,100,100028,100,99870,100,100045,100,99767,100,100060,200,99645,100
2019-06-28 09:43:20.000000000,99911,532,99900,632,99924,100,99892,100,99938,200,99889,100,99955,14,99883,100,99973,100,99879,100,99989,100,99876,100,100014,200,99874,100,100028,100,99870,100,100045,100,99767,100,100060,200,99645,100
2019-06-28 09:43:24.798842085,99911,432,99900,632,99924,100,99892,100,99938,200,99889,100,99955,14,99883,100,99973,100,99879,100,99989,100,99876,100,100014,200,99874,100,100028,100,99870,100,100045,100,99767,100,100060,200,99645,100
2019-06-28 09:43:30.000000000,99924,247,99900,347,99938,343,99892,243,99955,157,99889,243,99973,100,99883,100,99989,100,99879,100,100014,200,99876,100,100028,100,99874,100,100045,100,99870,100,100060,200,99767,100,100063,100,99645,100
2019-06-28 09:43:40.000000000,99924,316,99900,416,99938,416,99892,316,99955,14,99889,100,99973,100,99883,100,99989,100,99879,100,100014,200,99876,100,100028,100,99874,100,100045,100,99870,100,100060,200,99767,100,100063,100,99645,100
2019-06-28 09:43:44.196421581,99924,216,99900,416,99938,416,99892,316,99955,14,99889,100,99973,100,99883,100,99989,100,99879,100,100014,200,99876,100,100028,100,99874,100,100045,100,99870,100,100060,200,99767,100,100063,100,99645,100
2019-06-28 09:43:50.000000000,99938,416,99900,416,99955,230,99892,316,99973,100,99889,100,99989,100,99883,100,100014,200,99879,100,100028,100,99876,100,100045,100,99874,100,100060,200,99870,100,100063,100,99767,100,100065,100,99645,100
2019-06-28 09:44:00.000000000,99938,308,99900,308,99955,122,99892,208,99973,208,99889,208,99989,208,99883,208,100014,200,99879,100,100028,100,99876,100,100045,100,99874,100,100060,200,99870,100,100063,100,99767,100,100065,100,99645,100
2019-06-28 09:44:04.717362668,99938,308,99900,308,99955,122,99892,208,99973,208,99889,208,99989,208,99883,208,100014,200,99879,100,100028,100,99876,100,100045,100,99874,100,100060,200,99870,100,100063,100,99767,100,100065,100,99645,100
2019-06-28 09:44:10.000000000,99938,308,99900,308,99955,122,99892,208,99973,208,99889,208,99989,208,99883,208,100014,200,99879,100,100028,100,99876,100,100045,100,99874,100,100060,200,99870,100,100063,100,99767,100,100065,100,99645,100
2019-06-28 09:44:16.262101080,99938,308,99900,308,99955,122,99892,208,99973,208,99889,208,99989,208,99883,208,100014,200,99879,100,100028,100,99876,100,100045,100,99874,100,100060,200,99870,100,100063,100,99767,100,100065,100,99645,100
2019-06-28 09:44:19.258643535,99938,308,99911,100,99955,122,99900,308,99973,208,99892,208,99989,208,99889,208,100014,200,99883,208,100028,100,99879,100,100045,100,99876,100,100060,200,99874,100,100063,100,99870,100,100065,100,99767,100
2019-06-28 09:44:20.000000000,99938,286,99911,186,99955,100,99900,286,99973,186,99892,186,99989,186,99889,186,100014,286,99883,186,100028,100,99879,100,100045,100,99876,100,100060,200,99874,100,100063,100,99870,100,100065,100,99767,100
2019-06-28 09:44:30.000000000,99938,347,99911,247,99955,157,99900,343,99973,243,99892,243,99989,100,99889,100,100014,200,99883,100,100028,100,99879,100,100045,100,99876,100,100060,200,99874,100,100063,100,99870,100,100065,100,99767,100
2019-06-28 09:44:40.000000000,99938,286,99911,186,99955,100,99900,286,99973,186,99892,186,99989,186,99889,186,100014,286,99883,186,100028,100,99879,100,100045,100,99876,100,100060,200,99874,100,100063,100,99870,100,100065,100,99767,100
2019-06-28 09:44:42.692066931,99938,286,99911,286,99955,100,99900,286,99973,186,99892,186,99989,186,99889,186,100014,286,99883,186,100028,100,99879,100,100045,100,99876,100,100060,200,99874,100,100063,100,99870,100,100065,100,99767,100
2019-06-28 09:44:42.906085006,99938,286,99911,286,99955,100,99900,286,99973,186,99892,186,99989,186,99889,186,100014,286,99883,186,100028,100,99879,100,100045,100,99874,100,100060,200,99870,100,100063,100,99767,100,100065,100,99645,100
2019-06-28 09:44:50.000000000,99938,308,99911,308,99955,122,99900,308,99973,208,99892,208,99989,208,99889,208,100014,200,99883,100,100028,100,99879,100,100045,100,99874,100,100060,200,99870,100,100063,100,99767,100,100065,100,99645,100
2019-06-28 09:45:00.000000000,99938,632,99911,632,99955,14,99900,200,99973,100,99892,100,99989,100,99889,100,100014,200,99883,100,100028,100,99879,100,100045,100,99874,100,100060,200,99870,100,100063,100,99767,100,100065,100,99645,100
2019-06-28 09:45:10.000000000,99938,347,99911,347,99955,157,99900,343,99973,243,99892,243,99989,100,99889,100,100014,200,99883,100,100028,100,99879,100,100045,100,99874,100,100060,200,99870,100,100063,100,99767,100,100065,100,99645,100
2019-06-28 09:45:20.000000000,99938,308,99911,308,99955,122,99900,308,99973,208,99892,208,99989,208,99889,208,100014,200,99883,100,100028,100,99879,100,100045,100,99874,100,100060,200,99870,100,100063,100,99767,100,100065,100,99645,100
2019-06-28 09:45:27.003646277,99938,208,99911,308,99955,122,99900,308,99973,208,99892,208,99989,208,99889,208,100014,200,99883,100,100028,100,99879,100,100045,100,99874,100,100060,200,99870,100,100063,100,99767,100,100065,100,99645,100
2019-06-28 09:45:30.000000000,99938,186,99911,286,99955,100,99900,286,99973,186,99892,186,99989,186,99889,186,100014,286,99883,186,100028,100,99879,100,100045,100,99874,100,100060,200,99870,100,100063,100,99767,100,100065,100,99645,100
2019-06-28 09:45:38.244985515,99938,186,99911,286,99955,100,99900,286,99973,186,99892,186,99989,186,99889,186,100014,286,99883,186,100028,100,99879,100,100045,100,99874,100,100060,200,99870,100,100063,100,99767,100,100065,100,99645,100
2019-06-28 09:45:39.188184081,99938,186,99925,100,99955,100,99911,286,99973,186,99900,286,99989,186,99892,186,100014,286,99889,186,100028,100,99883,186,100045,100,99879,100,100060,200,99874,100,100063,100,99870,100,100065,100,99767,100
2019-06-28 09:45:40.000000000,99938,186,99925,186,99955,100,99911,286,99973,186,99900,286,99989,186,99892,186,100014,286,99889,186,100028,100,99883,100,100045,100,99879,100,100060,200,99874,100,100063,100,99870,100,100065,100,99767,100
2019-06-28 09:45:47.509224759,99931,100,99925,186,99938,186,99911,286,99955,86,99900,286,99973,186,99892,186,99989,186,99889,186,100014,286,99883,100,100028,100,99879,100,100045,100,99874,100,100060,200,99870,100,100063,100,99767,100
2019-06-28 09:45:50.000000000,99931,316,99925,316,99938,316,99911,416,99973,100,99900,200,99989,100,99892,100,100014,200,99889,100,100028,100,99883,100,100045,100,99879,100,100060,200,99874,100,100063,100,99870,100,100065,100,99767,100
2019-06-28 09:45:51.550223413,99931,316,99925,316,99938,316,99911,416,99973,100,99900,200,99989,100,99892,100,100014,200,99889,100,100028,100,99879,100,100045,100,99874,100,100060,200,99870,100,100063,100,99767,100,100065,100,99645,100
2019-06-28 09:46:00.000000000,99931,208,99925,208,99938,208,99911,308,99973,208,99900,308,99989,208,99892,208,100014,200,99889,100,100028,100,99879,100,100045,100,99874,100,100060,200,99870,100,100063,100,99767,100,100065,100,99645,100
2019-06-28 09:46:06.480440512,99931,208,99925,208,99938,208,99911,308,99973,208,99900,308,99989,208,99892,208,100014,200,99889,100,100028,100,99879,100,100045,100,99874,100,100060,200,99870,100,100063,100,99767,100,100065,100,99645,100
2019-06-28 09:46:10.000000000,99931,247,99925,247,99938,243,99911,343,99973,243,99900,343,99989,100,99892,100,100014,200,99889,100,100028,100,99879,100,100045,100,99874,100,100060,200,99870,100,100063,100,99767,100,100065,100,99645,100
2019-06-28 09:46:15.461385910,99931,247,99925,247,99938,243,99924,100,99973,243,99911,343,99989,100,99900,343,100014,100,99892,100,100028,100,99889,100,100045,100,99879,100,100060,200,99874,100,100063,100,99870,100,100065,100,99767,100
2019-06-28 09:46:20.000000000,99931,316,99925,316,99938,316,99924,316,99973,100,99911,200,99989,100,99900,200,100014,100,99892,100,100028,100,99889,100,100045,100,99879,100,100060,200,99874,100,100063,100,99870,100,100065,100,99767,100
2019-06-28 09:46:28.745487463,99931,316,99925,316,99938,316,99924,316,99973,100,99911,200,99989,100,99900,200,100014,100,99892,100,100028,100,99889,100,100045,100,99879,100,100060,200,99874,100,100063,100,99870,100,100065,100,99767,100
2019-06-28 09:46:30.000000000,99931,186,99925,186,99938,186,99924,186,99973,186,99911,286,99989,186,99900,286,100014,186,99892,186,100028,100,99889,100,100045,100,99879,100,100060,200,99874,100,100063,100,99870,100,100065,100,99767,100
2019-06-28 09:46:40.000000000,99931,186,99925,186,99938,186,99924,186,99973,186,99911,286,99989,186,99900,286,100014,186,99892,186,100028,100,99889,100,100045,100,99879,100,100060,200,99874,100,100063,100,99870,100,100065,100,99767,100
2019-06-28 09:46:45.448191907,99931,186,99925,186,99938,186,99924,186,99973,186,99911,286,99989,186,99900,286,100014,186,99892,186,100028,100,99889,100,100045,100,99879,100,100060,200,99874,100,100063,100,99870,100,100065,100,99767,100
2019-06-28 09:46:50.000000000,99931,247,99925,247,99938,243,99924,243,99973,243,99911,343,99989,100,99900,200,100014,100,99892,100,100028,100,99889,100,100045,100,99879,100,100060,200,99874,100,100063,100,99870,100,100065,100,99767,100
2019-06-28 09:46:55.517765313,99931,247,99925,247,99938,243,99924,243,99973,243,99911,343,99989,100,99900,200,100014,100,99892,100,100028,100,99889,100,100045,100,99879,100,100060,200,99874,100,100063,100,99870,100,100065,100,99767,100
2019-06-28 09:47:00.000000000,99931,247,99925,247,99938,243,99924,243,99973,243,99911,343,99989,100,99900,200,100014,100,99892,100,100028,100,99889,100,100045,100,99879,100,100060,200,99874,100,100063,100,99870,100,100065,100,99767,100
2019-06-28 09:47:09.145919732,99931,147,99925,247,99938,243,99924,243,99973,243,99911,343,99989,100,99900,200,100014,100,99892,100,100028,100,99889,100,100045,100,99879,100,100060,200,99874,100,100063,100,99870,100,100065,100,99767,100
2019-06-28 09:47:10.000000000,99938,247,99925,247,99973,243,99924,243,99989,243,99911,343,100014,100,99900,200,100028,100,99892,100,100045,100,99889,100,100060,200,99879,100,100063,100,99874,100,100065,100,99870,100,100076,100,99767,100
2019-06-28 09:47:14.527880697,99938,147,99925,247,99973,243,99924,243,99989,243,99911,343,100014,100,99900,200,100028,100,99892,100,100045,100,99889,100,100060,200,99879,100,100063,100,99874,100,100065,100,99870,100,100076,100,99767,100
2019-06-28 09:47:20.000000000,99973,247,99925,247,99989,243,99924,243,100014,243,99911,343,100028,100,99900,200,100045,100,99892,100,100060,200,99889,100,100063,100,99879,100,100065,100,99874,100,100076,100,99870,100,100098,100,99767,100
2019-06-28 09:47:30.000000000,99973,208,99925,208,99989,208,99924,208,100014,208,99911,308,100028,208,99900,308,100045,100,99892,100,100060,200,99889,100,100063,100,99879,100,100065,100,99874,100,100076,100,99870,100,100098,100,99767,100
2019-06-28 09:47:35.615948881,99973,108,99925,208,99989,208,99924,208,100014,208,99911,308,100028,208,99900,308,100045,100,99892,100,100060,200,99889,100,100063,100,99879,100,100065,100,99874,100,100076,100,99870,100,100098,100,99767,100
2019-06-28 09:47:37.139654517,99973,108,99925,208,99989,208,99924,208,100014,208,99911,308,100028,208,99900,308,100045,100,99892,100,100060,200,99889,100,100063,100,99879,100,100076,100,99874,100,100098,100,99870,100,100100,100,99767,100
2019-06-28 09:47:40.000000000,99989,186,99925,186,100014,186,99924,186,100028,186,99911,286,100045,186,99900,286,100060,286,99892,186,100063,100,99889,100,100076,100,99879,100,100098,100,99874,100,100100,100,99870,100,100121,100,99767,100
2019-06-28 09:47:50.000000000,99989,186,99925,186,100014,186,99924,186,100028,186,99911,286,100045,186,99900,286,100060,286,99892,186,100063,100,99889,100,100076,100,99879,100,100098,100,99874,100,100100,100,99870,100,100121,100,99767,100
2019-06-28 09:48:00.000000000,99989,186,99925,186,100014,186,99924,186,100028,186,99911,286,100045,186,99900,286,100060,286,99892,186,100063,100,99889,100,100076,100,99879,100,100098,100,99874,100,100100,100,99870,100,100121,100,99767,100
2019-06-28 09:48:00.011716795,99989,186,99925,186,100014,186,99924,186,100028,186,99911,286,100045,186,99900,286,100060,286,99892,186,100063,100,99889,100,100076,100,99879,100,100098,100,99874,100,100100,100,99870,100,100121,100,99767,100
2019-06-28 09:48:10.000000000,99989,316,99925,316,100014,316,99924,316,100028,100,99911,200,100045,100,99900,200,100060,200,99892,100,100063,100,99889,100,100076,100,99879,100,100098,100,99874,100,100100,100,99870,100,100121,100,99767,100
2019-06-28 09:48:17.599321520,99989,316,99925,316,100014,316,99924,316,100028,100,99911,200,100045,100,99900,200,100060,100,99892,100,100063,100,99889,100,100076,100,99879,100,100098,100,99874,100,100100,100,99870,100,100121,100,99767,100
2019-06-28 09:48:20.000000000,99989,186,99925,186,100014,186,99924,186,100028,186,99911,286,100045,186,99900,286,100060,186,99892,186,100063,100,99889,100,100076,100,99879,100,100098,100,99874,100,100100,100,99870,100,100121,100,99767,100
2019-06-28 09:48:22.900889728,99989,186,99925,186,100014,186,99924,186,100028,186,99911,286,100045,186,99900,286,100060,186,99892,186,100063,100,99889,100,100076,100,99879,100,100098,100,99874,100,100100,100,99870,100,100121,100,99767,100
2019-06-28 09:48:30.000000000,99989,186,99925,186,100014,186,99924,186,100028,186,99911,286,100045,186,99900,286,100060,186,99892,186,100063,100,99889,100,100076,100,99879,100,100098,100,99874,100,100100,100,99870,100,100121,100,99767,100
2019-06-28 09:48:40.000000000,99989,208,99925,208,100014,208,99924,208,100028,208,99911,308,100045,208,99900,308,100060,100,99892,100,100063,100,99889,100,100076,100,99879,100,100098,100,99874,100,100100,100,99870,100,100121,100,99767,100
2019-06-28 09:48:43.555039235,99989,208,99925,208,100014,208,99924,208,100028,208,99911,208,100045,208,99900,308,100060,100,99892,100,100063,100,99889,100,100076,100,99879,100,100098,100,99874,100,100100,100,99870,100,100121,100,99767,100
2019-06-28 09:48:50.000000000,99989,532,99925,532,100014,100,99924,100,100028,100,99911,100,100045,100,99900,200,100060,100,99892,100,100063,100,99889,100,100076,100,99879,100,100098,100,99874,100,100100,100,99870,100,100121,100,99767,100
2019-06-28 09:48:50.665268519,99989,532,99938,100,100014,100,99925,532,100028,100,99924,100,100045,100,99911,100,100060,100,99900,200,100063,100,99892,100,100076,100,99889,100,100098,100,99879,100,100100,100,99874,100,100121,100,99870,100
2019-06-28 09:49:00.000000000,99989,247,99938,247,100014,243,99925,243,100028,243,99924,243,100045,100,99911,100,100060,100,99900,200,100063,100,99892,100,100076,100,99889,100,100098,100,99879,100,100100,100,99874,100,100121,100,99870,100
2019-06-28 09:49:01.625912327,99989,147,99938,247,100014,243,99925,243,100028,243,99924,243,100045,100,99911,100,100060,100,99900,200,100063,100,99892,100,100076,100,99889,100,100098,100,99874,100,100100,100,99870,100,100121,100,99767,100
2019-06-28 09:49:10.000000000,100014,532,99938,532,100028,100,99925,100,100045,100,99924,100,100060,100,99911,100,100063,100,99900,200,100076,100,99892,100,100098,100,99889,100,100100,100,99874,100,100121,100,99870,100,100122,100,99767,100
2019-06-28 09:49:18.606900575,100014,532,99938,532,100028,100,99925,100,100045,100,99924,100,100060,100,99911,100,100063,100,99900,200,100076,100,99892,100,100098,100,99889,100,100100,100,99874,100,100121,100,99870,100,100122,100,99767,100
2019-06-28 09:49:20.000000000,100014,316,99938,316,100028,316,99925,316,100045,100,99924,100,100060,100,99911,100,100063,100,99900,200,100076,100,99892,100,100098,100,99889,100,100100,100,99874,100,100121,100,99870,100,100122,100,99767,100
2019-06-28 09:49:24.613135811,100014,216,99938,316,100028,316,99925,316,100045,100,99924,100,100060,100,99911,100,100063,100,99900,200,100076,100,99892,100,100098,100,99889,100,100100,100,99874,100,100121,100,99870,100,100122,100,99767,100
2019-06-28 09:49:30.000000000,100028,247,99938,247,100045,243,99925,243,100060,243,99924,243,100063,100,99911,100,100076,100,99900,200,100098,100,99892,100,100100,100,99889,100,100121,100,99874,100,100122,100,99870,100,100175,100,99767,100
2019-06-28 09:49:40.000000000,100028,208,99938,208,100045,208,99925,208,100060,208,99924,208,100063,208,99911,208,100076,100,99900,200,100098,100,99892,100,100100,100,99889,100,100121,100,99874,100,100122,100,99870,100,100175,100,99767,100
2019-06-28 09:49:50.000000000,100028,247,99938,247,100045,243,99925,243,100060,243,99924,243,100063,100,99911,100,100076,100,99900,200,100098,100,99892,100,100100,100,99889,100,100121,100,99874,100,100122,100,99870,100,100175,100,99767,100
2019-06-28 09:50:00.000000000,100028,208,99938,208,100045,208,99925,208,100060,208,99924,208,100063,208,99911,208,100076,100,99900,200,100098,100,99892,100,100100,100,99889,100,100121,100,99874,100,100122,100,99870,100,100175,100,99767,100
2019-06-28 09:50:10.000000000,100028,532,99938,532,100045,100,99925,100,100060,100,99924,100,100063,100,99911,100,100076,100,99900,200,100098,100,99892,100,100100,100,99889,100,100121,100,99874,100,100122,100,99870,100,100175,100,99767,100
2019-06-28 09:50:20.000000000,100028,186,99938,186,100045,186,99925,186,100060,186,99924,186,100063,186,99911,186,100076,186,99900,286,100098,100,99892,100,100100,100,99889,100,100121,100,99874,100,100122,100,99870,100,100175,100,99767,100
2019-06-28 09:50:20.364725033,100028,86,99938,186,100045,186,99925,186,100060,186,99924,186,100063,186,99911,186,100076,186,99900,286,100098,100,99892,100,100100,100,99889,100,100121,100,99874,100,100122,100,99870,100,100175,100,99767,100
2019-06-28 09:50:30.000000000,100045,532,99938,532,100060,100,99925,100,100063,100,99924,100,100076,100,99911,100,100098,100,99900,200,100100,100,99892,100,100121,100,99889,100,100122,100,99874,100,100175,100,99870,100,100217,100,99767,100
2019-06-28 09:50:40.000000000,100045,316,99938,316,100060,316,99925,316,100063,100,99924,100,100076,100,99911,100,100098,100,99900,200,100100,100,99892,100,100121,100,99889,100,100122,100,99874,100,100175,100,99870,100,100217,100,99767,100
2019-06-28 09:50:50.000000000,100045,532,99938,532,100060,100,99925,100,100063,100,99924,100,100076,100,99911,100,100098,100,99900,200,100100,100,99892,100,100121,100,99889,100,100122,100,99874,100,100175,100,99870,100,100217,100,99767,100
2019-06-28 09:50:51.145930974,100045,532,99938,532,100060,100,99925,100,100063,100,99924,100,100076,100,99911,100,100098,100,99900,200,100100,100,99892,100,100121,100,99889,100,100122,100,99874,100,100175,100,99870,100,100217,100,99767,100
2019-06-28 09:51:00.000000000,100045,247,99938,247,100060,243,99925,243,100063,243,99924,243,100076,100,99911,100,100098,100,99900,200,100100,100,99892,100,100121,100,99889,100,100122,100,99874,100,100175,100,99870,100,100217,100,99767,100
2019-06-28 09:51:02.508233383,100045,147,99938,247,100060,243,99925,243,100063,243,99924,243,100076,100,99911,100,100098,100,99900,200,100100,100,99892,100,100121,100,99889,100,100122,100,99874,100,100175,100,99870,100,100217,100,99767,100
2019-06-28 09:51:09.188942281,100045,147,99938,247,100060,243,99925,243,100063,243,99924,243,100076,100,99911,100,100098,100,99900,200,100100,100,99892,100,100121,100,99889,100,100122,100,99874,100,100175,100,99870,100,100217,100,99767,100
2019-06-28 09:51:10.000000000,100060,247,99938,247,100063,243,99925,243,100076,243,99924,243,100098,100,99911,100,100100,100,99900,200,100121,100,99892,100,100122,100,99889,100,100175,100,99874,100,100217,100,99870,100,100223,100,99767,100
2019-06-28 09:51:15.939178998,100060,247,99938,247,100063,243,99925,243,100076,243,99924,243,100098,100,99911,100,100100,100,99900,200,100121,100,99892,100,100122,100,99889,100,100175,100,99874,100,100217,100,99870,100,100223,100,99767,100
2019-06-28 09:51:17.570116051,100060,247,100028,100,100063,243,99938,247,100076,243,99925,243,100098,100,99924,243,100100,100,99911,100,100121,100,99900,200,100122,100,99892,100,100175,100,99889,100,100217,100,99874,100,100223,100,99870,100
2019-06-28 09:51:20.000000000,100060,208,100028,208,100063,208,99938,208,100076,208,99925,208,100098,208,99924,208,100100,100,99911,100,100121,100,99900,200,100122,100,99892,100,100175,100,99889,100,100217,100,99874,100,100223,100,99870,100
2019-06-28 09:51:30.000000000,100060,316,100028,316,100063,316,99938,316,100076,100,99925,100,100098,100,99924,100,100100,100,99911,100,100121,100,99900,200,100122,100,99892,100,100175,100,99889,100,100217,100,99874,100,100223,100,99870,100
2019-06-28 09:51:40.000000000,100060,316,100028,316,100063,316,99938,316,100076,100,99925,100,100098,100,99924,100,100100,100,99911,100,100121,100,99900,200,100122,100,99892,100,100175,100,99889,100,100217,100,99874,100,100223,100,99870,100
2019-06-28 09:51:50.000000000,100060,186,100028,186,100063,186,99938,186,100076,186,99925,186,100098,186,99924,186,100100,186,99911,186,100121,100,99900,200,100122,100,99892,100,100175,100,99889,100,100217,100,99874,100,100223,100,99870,100
2019-06-28 09:52:00.000000000,100060,247,100028,247,100063,243,99938,243,100076,243,99925,243,100098,100,99924,100,100100,100,99911,100,100121,100,99900,200,100122,100,99892,100,100175,100,99889,100,100217,100,99874,100,100223,100,99870,100
2019-06-28 09:52:10.000000000,100060,316,100028,316,100063,316,99938,316,100076,100,99925,100,100098,100,99924,100,100100,100,99911,100,100121,100,99900,200,100122,100,99892,100,100175,100,99889,100,100217,100,99874,100,100223,100,99870,100
2019-06-28 09:52:20.000000000,100060,247,100028,247,100063,243,99938,243,100076,243,99925,243,100098,100,99924,100,100100,100,99911,100,100121,100,99900,200,100122,100,99892,100,100175,100,99889,100,100217,100,99874,100,100223,100,99870,100
2019-06-28 09:52:30.000000000,100060,186,100028,186,100063,186,99938,186,100076,186,99925,186,100098,186,99924,186,100100,186,99911,186,100121,100,99900,200,100122,100,99892,100,100175,100,99889,100,100217,100,99874,100,100223,100,99870,100
2019-06-28 09:52:40.000000000,100060,247,100028,247,100063,243,99938,243,100076,243,99925,243,100098,100,99924,100,100100,100,99911,100,100121,100,99900,200,100122,100,99892,100,100175,100,99889,100,100217,100,99874,100,100223,100,99870,100
2019-06-28 09:52:44.842673929,100060,247,100028,247,100063,243,99938,243,100076,243,99925,243,100098,100,99924,100,100100,100,99911,100,100121,100,99900,200,100122,100,99892,100,100175,100,99889,100,100217,100,99874,100,100223,100,99870,100
2019-06-28 09:52:50.000000000,100060,532,100028,532,100063,100,99938,100,100076,100,99925,100,100098,100,99924,100,100100,100,99911,100,100121,100,99900,200,100122,100,99892,100,100175,100,99889,100,100217,100,99874,100,100223,100,99870,100
2019-06-28 09:52:50.842117763,100060,532,100028,532,100063,100,99938,100,100076,100,99925,100,100098,100,99924,100,100100,100,99911,100,100121,100,99900,200,100122,100,99892,100,100175,100,99889,100,100217,100,99874,100,100223,100,99870,100
2019-06-28 09:52:59.258694899,100060,432,100028,532,100063,100,99938,100,100076,100,99925,100,100098,100,99924,100,100100,100,99911,100,100121,100,99900,200,100122,100,99892,100,100175,100,99889,100,100217,100,99874,100,100223,100,99870,100
2019-06-28 09:53:00.000000000,100063,532,100028,532,100076,100,99938,100,100098,100,99925,100,100100,100,99924,100,100121,100,99911,100,100122,100,99900,200,100175,100,99892,100,100217,100,99889,100,100223,100,99874,100,100285,100,99870,100
2019-06-28 09:53:05.256472096,100063,432,100028,532,100076,100,99938,100,100098,100,99925,100,100100,100,99924,100,100121,100,99911,100,100122,100,99900,200,100175,100,99892,100,100217,100,99889,100,100223,100,99874,100,100285,100,99870,100
2019-06-28 09:53:10.000000000,100076,208,100028,208,100098,208,99938,208,100100,208,99925,208,100121,208,99924,208,100122,100,99911,100,100175,100,99900,200,100217,100,99892,100,100223,100,99889,100,100285,100,99874,100,100296,100,99870,100
2019-06-28 09:53:20.000000000,100076,316,100028,316,100098,316,99938,316,100100,100,99925,100,100121,100,99924,100,100122,100,99911,100,100175,100,99900,200,100217,100,99892,100,100223,100,99889,100,100285,100,99874,100,100296,100,99870,100
2019-06-28 09:53:29.924165561,100076,216,100028,316,100098,316,99938,316,100100,100,99925,100,100121,100,99924,100,100122,100,99911,100,100175,100,99900,200,100217,100,99892,100,100223,100,99874,100,100285,100,99870,100,100296,100,99767,100
2019-06-28 09:53:30.000000000,100098,532,100028,532,100100,100,99938,100,100121,100,99925,100,100122,100,99924,100,100175,100,99911,100,100217,100,99900,200,100223,100,99892,100,100285,100,99874,100,100296,100,99870,100,100366,100,99767,100
2019-06-28 09:53:40.000000000,100098,532,100028,532,100100,100,99938,100,100121,100,99925,100,100122,100,99924,100,100175,100,99911,100,100217,100,99900,200,100223,100,99892,100,100285,100,99874,100,100296,100,99870,100,100366,100,99767,100
2019-06-28 09:53:46.648925389,100098,432,100028,532,100100,100,99938,100,100121,100,99925,100,100122,100,99924,100,100175,100,99911,100,100217,100,99900,200,100223,100,99892,100,100285,100,99874,100,100296,100,99870,100,100417,100,99767,100
2019-06-28 09:53:50.000000000,100100,247,100028,247,100121,243,99938,243,100122,243,99925,243,100175,100,99924,100,100217,100,99911,100,100223,100,99900,200,100285,100,99892,100,100296,100,99874,100,100417,100,99870,100,100650,100,99767,100
2019-06-28 09:54:00.000000000,100100,186,100028,186,100121,186,99938,186,100122,186,99925,186,100175,186,99924,186,100217,186,99911,186,100223,100,99900,200,100285,100,99892,100,100296,100,99874,100,100417,100,99870,100,100650,100,99767,100
2019-06-28 09:54:10.000000000,100100,532,100028,532,100121,100,99938,100,100122,100,99925,100,100175,100,99924,100,100217,100,99911,100,100223,100,99900,200,100285,100,99892,100,100296,100,99874,100,100417,100,99870,100,100650,100,99767,100
2019-06-28 09:54:20.000000000,100100,186,100028,186,100121,186,99938,186,100122,186,99925,186,100175,186,99924,186,100217,186,99911,186,100223,100,99900,200,100285,100,99892,100,100296,100,99874,100,100417,100,99870,100,100650,100,99767,100
2019-06-28 09:54:30.000000000,100100,208,100028,208,100121,208,99938,208,100122,208,99925,208,100175,208,99924,208,100217,100,99911,100,100223,100,99900,200,100285,100,99892,100,100296,100,99874,100,100417,100,99870,100,100650,100,99767,100
2019-06-28 09:54:34.736027514,100100,208,100028,208,100121,208,99938,208,100122,208,99925,208,100175,208,99924,208,100217,100,99911,100,100223,100,99900,200,100285,100,99892,100,100296,100,99874,100,100417,100,99870,100,100610,100,99767,100
2019-06-28 09:54:40.000000000,100100,186,100028,186,100121,186,99938,186,100122,186,99925,186,100175,186,99924,186,100217,186,99911,186,100223,100,99900,200,100285,100,99892,100,100296,100,99874,100,100417,100,99870,100,100610,100,99767,100
2019-06-28 09:54:50.000000000,100100,316,100028,316,100121,316,99938,316,100122,100,99925,100,100175,100,99924,100,100217,100,99911,100,100223,100,99900,200,100285,100,99892,100,100296,100,99874,100,100417,100,99870,100,100610,100,99767,100
2019-06-28 09:55:00.000000000,100100,247,100028,247,100121,243,99938,243,100122,243,99925,243,100175,100,99924,100,100217,100,99911,100,100223,100,99900,200,100285,100,99892,100,100296,100,99874,100,100417,100,99870,100,100610,100,99767,100
2019-06-28 09:55:09.770770944,100100,147,100028,247,100121,243,99938,243,100122,243,99925,243,100175,100,99924,100,100217,100,99911,100,100223,100,99900,200,100285,100,99892,100,100296,100,99874,100,100417,100,99870,100,100610,100,99767,100
2019-06-28 09:55:10.000000000,100121,316,100028,316,100122,316,99938,316,100175,100,99925,100,100217,100,99924,100,100223,100,99911,100,100285,100,99900,200,100296,100,99892,100,100417,100,99874,100,100610,100,99870,100,100650,100,99767,100
2019-06-28 09:55:20.000000000,100121,316,100028,316,100122,316,99938,316,100175,100,99925,100,100217,100,99924,100,100223,100,99911,100,100285,100,99900,200,100296,100,99892,100,100417,100,99874,100,100610,100,99870,100,100650,100,99767,100
2019-06-28 09:55:27.091434389,100121,216,100028,316,100122,316,99938,316,100175,100,99925,100,100217,100,99924,100,100285,100,99911,100,100296,100,99900,200,100417,100,99892,100,100610,100,99874,100,100650,100,99870,100,100713,100,99767,100
2019-06-28 09:55:30.000000000,100122,532,100028,532,100175,100,99938,100,100217,100,99925,100,100285,100,99924,100,100296,100,99911,100,100417,100,99900,200,100610,100,99892,100,100650,100,99874,100,100713,100,99870,100,100767,100,99767,100
2019-06-28 09:55:34.956283958,100122,532,100028,532,100175,100,99938,100,100217,100,99925,100,100285,100,99924,100,100296,100,99911,100,100417,100,99900,200,100610,100,99892,100,100650,100,99874,100,100713,100,99870,100,100767,100,99767,100
2019-06-28 09:55:40.000000000,100122,186,100028,186,100175,186,99938,186,100217,186,99925,186,100285,186,99924,186,100296,186,99911,186,100417,100,99900,200,100610,100,99892,100,100650,100,99874,100,100713,100,99870,100,100767,100,99767,100
2019-06-28 09:55:50.000000000,100122,208,100028,208,100175,208,99938,208,100217,208,99925,208,100285,208,99924,208,100296,100,99911,100,100417,100,99900,200,100610,100,99892,100,100650,100,99874,100,100713,100,99870,100,100767,100,99767,100
2019-06-28 09:56:00.000000000,100122,208,100028,208,100175,208,99938,208,100217,208,99925,208,100285,208,99924,208,100296,100,99911,100,100417,100,99900,200,100610,100,99892,100,100650,100,99874,100,100713,100,99870,100,100767,100,99767,100
2019-06-28 09:56:05.538227547,100122,208,100028,208,100175,208,99938,208,100217,208,99925,208,100268,100,99924,208,100285,208,99911,100,100296,100,99900,200,100417,100,99892,100,100610,100,99874,100,100650,100,99870,100,100713,100,99767,100
2019-06-28 09:56:10.000000000,100122,316,100028,316,100175,316,99938,316,100217,100,99925,100,100268,100,99924,100,100285,100,99911,100,100296,100,99900,200,100417,100,99892,100,100610,100,99874,100,100650,100,99870,100,100713,100,99767,100
2019-06-28 09:56:18.785876793,100122,316,100028,316,100175,316,99938,316,100217,100,99925,100,100268,100,99924,100,100285,100,99911,100,100296,100,99900,200,100417,100,99892,100,100610,100,99874,100,100650,100,99870,100,100713,100,99767,100
2019-06-28 09:56:20.000000000,100122,316,100028,316,100175,316,99938,316,100217,100,99925,100,100268,100,99924,100,100285,100,99911,100,100296,100,99900,200,100417,100,99892,100,100610,100,99874,100,100650,100,99870,100,100713,100,99767,100
2019-06-28 09:56:25.624243085,100122,316,100028,216,100175,316,99938,316,100217,100,99925,100,100268,100,99924,100,100285,100,99911,100,100296,100,99900,200,100417,100,99892,100,100610,100,99874,100,100650,100,99870,100,100713,100,99767,100
2019-06-28 09:56:30.000000000,100122,532,99938,532,100175,100,99925,100,100217,100,99924,100,100268,100,99911,100,100285,100,99900,200,100296,100,99892,100,100417,100,99874,100,100610,100,99870,100,100650,100,99767,100,100713,100,99763,100
2019-06-28 09:56:40.000000000,100122,186,99938,186,100175,186,99925,186,100217,186,99924,186,100268,186,99911,186,100285,186,99900,286,100296,100,99892,100,100417,100,99874,100,100610,100,99870,100,100650,100,99767,100,100713,100,99763,100
2019-06-28 09:56:50.000000000,100122,208,99938,208,100175,208,99925,208,100217,208,99924,208,100268,208,99911,208,100285,100,99900,200,100296,100,99892,100,100417,100,99874,100,100610,100,99870,100,100650,100,99767,100,100713,100,99763,100
2019-06-28 09:57:00.000000000,100122,208,99938,208,100175,208,99925,208,100217,208,99924,208,100268,208,99911,208,100285,100,99900,200,100296,100,99892,100,100417,100,99874,100,100610,100,99870,100,100650,100,99767,100,100713,100,99763,100
2019-06-28 09:57:10.000000000,100122,186,99938,186,100175,186,99925,186,100217,186,99924,186,100268,186,99911,186,100285,186,99900,286,100296,100,99892,100,100417,100,99874,100,100610,100,99870,100,100650,100,99767,100,100713,100,99763,100
2019-06-28 09:57:20.000000000,100122,208,99938,208,100175,208,99925,208,100217,208,99924,208,100268,208,99911,208,100285,100,99900,200,100296,100,99892,100,100417,100,99874,100,100610,100,99870,100,100650,100,99767,100,100713,100,99763,100
2019-06-28 09:57:30.000000000,100122,186,99938,186,100175,186,99925,186,100217,186,99924,186,100268,186,99911,186,100285,186,99900,286,100296,100,99892,100,100417,100,99874,100,100610,100,99870,100,100650,100,99767,100,100713,100,99763,100
2019-06-28 09:57:31.272113539,100122,186,99938,186,100175,186,99925,186,100217,186,99924,186,100268,186,99911,186,100285,186,99900,286,100296,100,99892,100,100417,100,99874,100,100610,100,99870,100,100650,100,99767,100,100713,100,99763,100
2019-06-28 09:57:32.807311843,100122,186,99938,86,100175,186,99925,186,100217,186,99924,186,100268,186,99911,186,100285,186,99900,286,100296,100,99892,100,100417,100,99874,100,100610,100,99870,100,100650,100,99767,100,100713,100,99763,100
2019-06-28 09:57:40.000000000,100122,316,99925,316,100175,316,99924,316,100217,100,99911,100,100268,100,99900,200,100285,100,99892,100,100296,100,99874,100,100417,100,99870,100,100610,100,99767,100,100650,100,99763,100,100713,100,99604,100
2019-06-28 09:57:45.944366582,100122,316,99925,316,100175,316,99924,316,100217,100,99911,100,100268,100,99900,200,100285,100,99892,100,100296,100,99874,100,100417,100,99870,100,100610,100,99767,100,100650,100,99763,100,100713,100,99604,100
2019-06-28 09:57:50.000000000,100122,316,99925,316,100175,316,99924,316,100217,100,99911,100,100268,100,99900,200,100285,100,99892,100,100296,100,99874,100,100417,100,99870,100,100610,100,99767,100,100650,100,99763,100,100713,100,99604,100
2019-06-28 09:57:58.695373385,100122,316,99925,316,100175,316,99924,316,100217,100,99900,200,100268,100,99892,100,100285,100,99874,100,100296,100,99870,100,100417,100,99767,100,100610,100,99763,100,100650,100,99604,100,100713,100,99439,100
2019-06-28 09:58:00.000000000,100122,247,99925,247,100175,243,99924,243,100217,243,99900,343,100268,100,99892,100,100285,100,99874,100,100296,100,99870,100,100417,100,99767,100,100610,100,99763,100,100650,100,99604,100,100713,100,99439,100
2019-06-28 09:58:08.118347916,100122,247,99925,147,100175,243,99924,243,100217,243,99900,343,100268,100,99892,100,100285,100,99874,100,100296,100,99870,100,100610,100,99767,100,100650,100,99763,100,100713,100,99604,100,100767,100,99439,100
2019-06-28 09:58:10.000000000,100122,186,99924,186,100175,186,99900,286,100217,186,99892,186,100268,186,99874,186,100285,186,99870,186,100296,100,99767,100,100610,100,99763,100,100650,100,99604,100,100713,100,99439,100,100767,100,99295,100
2019-06-28 09:58:20.000000000,100122,208,99924,208,100175,208,99900,308,100217,208,99892,208,100268,208,99874,208,100285,100,99870,100,100296,100,99767,100,100610,100,99763,100,100650,100,99604,100,100713,100,99439,100,100767,100,99295,100
2019-06-28 09:58:22.248054010,99938,100,99924,108,100122,208,99900,308,100175,208,99892,208,100217,208,99874,208,100268,208,99870,100,100285,100,99767,100,100296,100,99763,100,100610,100,99604,100,100650,100,99439,100,100713,100,99295,100
2019-06-28 09:58:30.000000000,99938,532,99900,632,100122,100,99892,100,100175,100,99874,100,100217,100,99870,100,100268,100,99767,100,100285,100,99763,100,100296,100,99604,100,100610,100,99439,100,100650,100,99295,100,100713,100,,
2019-06-28 09:58:33.597296992,99938,632,99900,632,100122,100,99892,100,100175,100,99874,100,100217,100,99870,100,100268,100,99767,100,100285,100,99763,100,100296,100,99604,100,100610,100,99439,100,100650,100,99295,100,100713,100,,
2019-06-28 09:58:40.000000000,99938,347,99900,347,100122,243,99892,243,100175,243,99874,243,100217,100,99870,100,100268,100,99767,100,100285,100,99763,100,100296,100,99604,100,100610,100,99439,100,100650,100,99295,100,100713,100,,
2019-06-28 09:58:50.000000000,99938,308,99900,308,100122,208,99892,208,100175,208,99874,208,100217,208,99870,208,100268,100,99767,100,100285,100,99763,100,100296,100,99604,100,100610,100,99439,100,100650,100,99295,100,100713,100,,
2019-06-28 09:58:55.627970130,99938,308,99900,208,100122,208,99892,208,100175,208,99874,208,100217,208,99870,208,100268,100,99767,100,100285,100,99763,100,100296,100,99604,100,100610,100,99439,100,100650,100,99295,100,100713,100,,
2019-06-28 09:59:00.000000000,99938,416,99900,316,100122,316,99892,316,100175,100,99874,100,100217,100,99870,100,100268,100,99767,100,100285,100,99763,100,100296,100,99604,100,100610,100,99439,100,100650,100,99295,100,100713,100,,
2019-06-28 09:59:10.000000000,99938,347,99900,247,100122,243,99892,243,100175,243,99874,243,100217,100,99870,100,100268,100,99767,100,100285,100,99763,100,100296,100,99604,100,100610,100,99439,100,100650,100,99295,100,100713,100,,
2019-06-28 09:59:20.000000000,99938,416,99900,316,100122,316,99892,316,100175,100,99874,100,100217,100,99870,100,100268,100,99767,100,100285,100,99763,100,100296,100,99604,100,100610,100,99439,100,100650,100,99295,100,100713,100,,
2019-06-28 09:59:30.000000000,99938,308,99900,208,100122,208,99892,208,100175,208,99874,208,100217,208,99870,208,100268,100,99767,100,100285,100,99763,100,100296,100,99604,100,100610,100,99439,100,100650,100,99295,100,100713,100,,
2019-06-28 09:59:34.583407430,99925,100,99900,208,99938,308,99892,208,100122,208,99874,208,100175,208,99870,208,100217,208,99767,100,100268,100,99763,100,100285,100,99604,100,100296,100,99439,100,100610,100,99295,100,100650,100,,
2019-06-28 09:59:40.000000000,99925,186,99900,186,99938,286,99892,186,100122,186,99874,186,100175,186,99870,186,100217,186,99767,186,100268,100,99763,100,100285,100,99604,100,100296,100,99439,100,100610,100,99295,100,100650,100,,
2019-06-28 09:59:42.590578356,99925,186,99900,86,99938,286,99892,186,100122,186,99874,186,100175,186,99870,186,100217,186,99767,186,100268,100,99763,100,100285,100,99604,100,100296,100,99439,100,100610,100,99295,100,100650,100,,
2019-06-28 09:59:50.000000000,99925,316,99892,316,99938,416,99874,316,100122,100,99870,100,100175,100,99767,100,100217,100,99763,100,100268,100,99604,100,100285,100,99439,100,100296,100,99295,100,100610,100,,,100650,100,,
2019-06-28 09:59:55.676331511,99924,100,99892,316,99925,316,99874,316,99938,416,99870,100,100122,100,99767,100,100175,100,99763,100,100217,100,99604,100,100268,100,99439,100,100285,100,99295,100,100296,100,,,100610,100,,
2019-06-28 10:00:00.000000000,99924,208,99892,208,99925,208,99874,208,99938,308,99870,208,100122,208,99767,208,100175,100,99763,100,100217,100,99604,100,100268,100,99439,100,100285,100,99295,100,100296,100,,,100610,100,,
2019-06-28 10:00:00.896538715,99924,208,99892,208,99925,208,99874,208,99938,308,99870,208,100122,208,99767,208,100217,100,99763,100,100268,100,99604,100,100285,100,99439,100,100296,100,99295,100,100610,100,99162,100,100650,100,,
2019-06-28 10:00:10.000000000,99924,186,99892,186,99925,186,99874,186,99938,286,99870,186,100122,186,99767,186,100217,186,99763,186,100268,100,99604,100,100285,100,99439,100,100296,100,99295,100,100610,100,99162,100,100650,100,,
2019-06-28 10:00:13.225959415,99924,186,99892,186,99925,186,99874,186,99938,286,99870,186,100122,186,99767,186,100217,186,99763,186,100268,100,99604,100,100296,100,99439,100,100610,100,99295,100,100650,100,99162,100,100713,100,99040,100
2019-06-28 10:00:20.000000000,99924,247,99892,247,99925,243,99874,243,99938,343,99870,243,100122,100,99767,100,100217,100,99763,100,100268,100,99604,100,100296,100,99439,100,100610,100,99295,100,100650,100,99162,100,100713,100,99040,100
2019-06-28 10:00:30.000000000,99924,208,99892,208,99925,208,99874,208,99938,308,99870,208,100122,208,99767,208,100217,100,99763,100,100268,100,99604,100,100296,100,99439,100,100610,100,99295,100,100650,100,99162,100,100713,100,99040,100
2019-06-28 10:00:40.000000000,99924,208,99892,208,99925,208,99874,208,99938,308,99870,208,100122,208,99767,208,100217,100,99763,100,100268,100,99604,100,100296,100,99439,100,100610,100,99295,100,100650,100,99162,100,100713,100,99040,100
2019-06-28 10:00:50.000000000,99924,186,99892,186,99925,186,99874,186,99938,286,99870,186,100122,186,99767,186,100217,186,99763,186,100268,100,99604,100,100296,100,99439,100,100610,100,99295,100,100650,100,99162,100,100713,100,99040,100
2019-06-28 10:00:57.320738258,99924,186,99892,86,99925,186,99874,186,99938,286,99870,186,100122,186,99767,186,100217,186,99763,186,100268,100,99604,100,100296,100,99439,100,100610,100,99295,100,100650,100,99162,100,100713,100,99040,100
2019-06-28 10:01:00.000000000,99924,208,99874,208,99925,208,99870,208,99938,308,99767,208,100122,208,99763,208,100217,100,99604,100,100268,100,99439,100,100296,100,99295,100,100610,100,99162,100,100650,100,99040,100,100713,100,,
2019-06-28 10:01:04.591238438,99924,208,99874,208,99925,208,99870,208,99938,308,99767,208,100122,208,99763,208,100217,100,99604,100,100268,100,99439,100,100296,100,99300,100,100610,100,99295,100,100650,100,99162,100,100713,100,99040,100
2019-06-28 10:01:10.000000000,99924,532,99874,532,99925,100,99870,100,99938,200,99767,100,100122,100,99763,100,100217,100,99604,100,100268,100,99439,100,100296,100,99300,100,100610,100,99295,100,100650,100,99162,100,100713,100,99040,100
2019-06-28 10:01:20.000000000,99924,247,99874,247,99925,243,99870,243,99938,343,99767,243,100122,100,99763,100,100217,100,99604,100,100268,100,99439,100,100296,100,99300,100,100610,100,99295,100,100650,100,99162,100,100713,100,99040,100
2019-06-28 10:01:25.497949011,99924,247,99874,247,99925,243,99870,243,99938,343,99767,243,100122,100,99763,100,100217,100,99604,100,100268,100,99439,100,100296,100,99300,100,100610,100,99295,100,100650,100,99162,100,100713,100,99063,100
2019-06-28 10:01:30.000000000,99924,316,99874,316,99925,316,99870,316,99938,200,99767,100,100122,100,99763,100,100217,100,99604,100,100268,100,99439,100,100296,100,99300,100,100610,100,99295,100,100650,100,99162,100,100713,100,99063,100
2019-06-28 10:01:31.419907888,99924,316,99874,216,99925,316,99870,316,99938,200,99767,100,100122,100,99763,100,100217,100,99604,100,100268,100,99439,100,100296,100,99300,100,100610,100,99295,100,100650,100,99063,100,100713,100,99040,100
2019-06-28 10:01:40.000000000,99924,316,99870,316,99925,316,99767,316,99938,200,99763,100,100122,100,99604,100,100217,100,99439,100,100268,100,99300,100,100296,100,99295,100,100610,100,99063,100,100650,100,99040,100,100713,100,,
2019-06-28 10:01:42.964422211,99924,316,99870,216,99925,316,99767,316,99938,200,99763,100,100122,100,99604,100,100217,100,99439,100,100268,100,99300,100,100296,100,99295,100,100610,100,99063,100,100650,100,99040,100,100713,100,,
2019-06-28 10:01:44.215063642,99924,316,99870,216,99925,316,99767,316,99938,200,99763,100,100122,100,99439,100,100217,100,99319,100,100268,100,99300,100,100296,100,99295,100,100610,100,99063,100,100650,100,99040,100,100713,100,,
2019-06-28 10:01:50.000000000,99924,316,99767,316,99925,316,99763,316,99938,200,99439,100,100122,100,99319,100,100217,100,99300,100,100268,100,99295,100,100296,100,99063,100,100610,100,99040,100,100650,100,,,100713,100,,
2019-06-28 10:01:55.659833002,99874,100,99767,316,99924,316,99763,316,99925,316,99439,100,99938,200,99319,100,100122,100,99300,100,100217,100,99295,100,100268,100,99063,100,100296,100,99040,100,100610,100,,,100650,100,,
2019-06-28 10:02:00.000000000,99874,186,99767,186,99924,186,99763,186,99925,186,99439,186,99938,286,99319,186,100122,186,99300,186,100217,100,99295,100,100268,100,99063,100,100296,100,99040,100,100610,100,,,100650,100,,
2019-06-28 10:02:10.000000000,99874,316,99767,316,99924,316,99763,316,99925,100,99439,100,99938,200,99319,100,100122,100,99300,100,100217,100,99295,100,100268,100,99063,100,100296,100,99040,100,100610,100,,,100650,100,,
2019-06-28 10:02:20.000000000,99874,208,99767,208,99924,208,99763,208,99925,208,99439,208,99938,308,99319,208,100122,100,99300,100,100217,100,99295,100,100268,100,99063,100,100296,100,99040,100,100610,100,,,100650,100,,
2019-06-28 10:02:27.365835609,99874,208,99767,208,99924,208,99763,208,99925,208,99439,208,99938,308,99345,100,100122,100,99319,208,100217,100,99300,100,100268,100,99295,100,100296,100,99063,100,100610,100,99040,100,100650,100,,
2019-06-28 10:02:30.000000000,99874,247,99767,247,99924,243,99763,243,99925,243,99439,243,99938,200,99345,100,100122,100,99319,100,100217,100,99300,100,100268,100,99295,100,100296,100,99063,100,100610,100,99040,100,100650,100,,
2019-06-28 10:02:40.000000000,99874,208,99767,208,99924,208,99763,208,99925,208,99439,208,99938,308,99345,208,100122,100,99319,100,100217,100,99300,100,100268,100,99295,100,100296,100,99063,100,100610,100,99040,100,100650,100,,
2019-06-28 10:02:49.494077128,99775,100,99767,208,99874,208,99763,208,99924,208,99439,208,99925,208,99345,208,99938,308,99319,100,100122,100,99300,100,100217,100,99295,100,100268,100,99063,100,100296,100,99040,100,100610,100,,
2019-06-28 10:02:50.000000000,99775,247,99767,247,99874,243,99763,243,99924,243,99439,243,99925,100,99345,100,99938,200,99319,100,100122,100,99300,100,100217,100,99295,100,100268,100,99063,100,100296,100,99040,100,100610,100,,
2019-06-28 10:02:51.651293758,99775,247,99767,247,99874,243,99763,243,99924,243,99551,100,99925,100,99439,243,99938,200,99345,100,100122,100,99319,100,100268,100,99300,100,100296,100,99295,100,100610,100,99063,100,100650,100,99040,100
2019-06-28 10:03:00.000000000,99775,208,99767,208,99874,208,99763,208,99924,208,99551,208,99925,208,99439,208,99938,200,99345,100,100122,100,99319,100,100268,100,99300,100,100296,100,99295,100,100610,100,99063,100,100650,100,99040,100
2019-06-28 10:03:10.000000000,99775,208,99767,208,99874,208,99763,208,99924,208,99551,208,99925,208,99439,208,99938,200,99345,100,100122,100,99319,100,100268,100,99300,100,100296,100,99295,100,100610,100,99063,100,100650,100,99040,100
2019-06-28 10:03:15.104890276,99775,208,99767,208,99874,308,99763,208,99924,208,99551,208,99925,208,99439,208,99938,200,99345,100,100122,100,99319,100,100268,100,99300,100,100296,100,99295,100,100610,100,99063,100,100650,100,99040,100
2019-06-28 10:03:20.000000000,99775,247,99767,247,99874,343,99763,243,99924,243,99551,243,99925,100,99439,100,99938,200,99345,100,100122,100,99319,100,100268,100,99300,100,100296,100,99295,100,100610,100,99063,100,100650,100,99040,100
2019-06-28 10:03:22.879162608,99775,247,99767,247,99874,443,99763,243,99924,243,99551,243,99925,100,99439,100,99938,200,99345,100,100122,100,99319,100,100268,100,99300,100,100296,100,99295,100,100610,100,99063,100,100650,100,99040,100
2019-06-28 10:03:30.000000000,99775,247,99767,247,99874,443,99763,243,99924,243,99551,243,99925,100,99439,100,99938,200,99345,100,100122,100,99319,100,100268,100,99300,100,100296,100,99295,100,100610,100,99063,100,100650,100,99040,100
2019-06-28 10:03:37.639512775,99775,247,99767,147,99874,443,99763,243,99924,243,99551,243,99925,100,99439,100,99938,200,99345,100,100122,100,99319,100,100268,100,99300,100,100296,100,99295,100,100610,100,99063,100,100650,100,99040,100
2019-06-28 10:03:40.000000000,99775,186,99763,186,99874,386,99551,186,99924,186,99439,186,99925,186,99345,186,99938,286,99319,186,100122,100,99300,100,100268,100,99295,100,100296,100,99063,100,100610,100,99040,100,100650,100,,
2019-06-28 10:03:50.000000000,99775,247,99763,247,99874,443,99551,243,99924,243,99439,243,99925,100,99345,100,99938,200,99319,100,100122,100,99300,100,100268,100,99295,100,100296,100,99063,100,100610,100,99040,100,100650,100,,
2019-06-28 10:03:55.250117259,99775,247,99763,247,99874,443,99551,243,99924,243,99439,243,99925,100,99345,100,99938,200,99319,100,100122,100,99300,100,100268,100,99295,100,100296,100,99289,100,100610,100,99063,100,100650,100,99040,100
2019-06-28 10:04:00.000000000,99775,247,99763,247,99874,443,99551,243,99924,243,99439,243,99925,100,99345,100,99938,200,99319,100,100122,100,99300,100,100268,100,99295,100,100296,100,99289,100,100610,100,99063,100,100650,100,99040,100
2019-06-28 10:04:06.940576845,99775,247,99763,147,99874,443,99551,243,99924,243,99439,243,99925,100,99345,100,99938,200,99319,100,100122,100,99300,100,100268,100,99295,100,100296,100,99289,100,100610,100,99063,100,100650,100,99040,100
2019-06-28 10:04:10.000000000,99775,186,99551,186,99874,386,99439,186,99924,186,99345,186,99925,186,99319,186,99938,286,99300,186,100122,100,99295,100,100268,100,99289,100,100296,100,99063,100,100610,100,99040,100,100650,100,,
2019-06-28 10:04:20.000000000,99775,316,99551,316,99874,516,99439,316,99924,100,99345,100,99925,100,99319,100,99938,200,99300,100,100122,100,99295,100,100268,100,99289,100,100296,100,99063,100,100610,100,99040,100,100650,100,,
2019-06-28 10:04:27.570796040,99576,100,99551,316,99775,216,99439,316,99874,516,99345,100,99924,100,99319,100,99925,100,99300,100,99938,200,99295,100,100122,100,99289,100,100268,100,99063,100,100296,100,99040,100,100610,100,,
2019-06-28 10:04:28.497634113,99775,216,99551,316,99874,516,99439,316,99924,100,99345,100,99925,100,99319,100,99938,200,99300,100,100122,100,99295,100,100268,100,99289,100,100296,100,99063,100,100610,100,99040,100,100650,100,,
2019-06-28 10:04:30.000000000,99874,386,99551,186,99924,186,99439,186,99925,186,99345,186,99938,286,99319,186,100122,186,99300,186,100268,100,99295,100,100296,100,99289,100,100610,100,99063,100,100650,100,99040,100,100713,100,,
2019-06-28 10:04:40.000000000,99874,408,99551,208,99924,208,99439,208,99925,208,99345,208,99938,308,99319,208,100122,100,99300,100,100268,100,99295,100,100296,100,99289,100,100610,100,99063,100,100650,100,99040,100,100713,100,,
2019-06-28 10:04:50.000000000,99874,408,99551,208,99924,208,99439,208,99925,208,99345,208,99938,308,99319,208,100122,100,99300,100,100268,100,99295,100,100296,100,99289,100,100610,100,99063,100,100650,100,99040,100,100713,100,,
2019-06-28 10:04:53.515615865,99874,408,99577,100,99924,208,99551,208,99925,208,99439,208,99938,308,99345,208,100122,100,99319,208,100268,100,99300,100,100296,100,99295,100,100610,100,99289,100,100650,100,99063,100,100713,100,99040,100
2019-06-28 10:04:57.493153103,99763,100,99577,100,99874,408,99551,208,99924,208,99439,208,99925,208,99345,208,99938,308,99319,208,100122,100,99300,100,100268,100,99295,100,100296,100,99289,100,100610,100,99063,100,100650,100,99040,100
2019-06-28 10:05:00.000000000,99763,247,99577,247,99874,443,99551,243,99924,243,99439,243,99925,100,99345,100,99938,200,99319,100,100122,100,99300,100,100268,100,99295,100,100296,100,99289,100,100610,100,99063,100,100650,100,99040,100
2019-06-28 10:05:00.955333489,99763,347,99577,247,99874,343,99551,243,99924,243,99439,243,99925,100,99345,100,99938,200,99319,100,100122,100,99300,100,100268,100,99295,100,100296,100,99289,100,100610,100,99063,100,100650,100,99040,100
2019-06-28 10:05:04.055366707,99763,447,99577,247,99874,343,99551,243,99924,243,99439,243,99925,100,99345,100,99938,200,99319,100,100122,100,99300,100,100268,100,99295,100,100296,100,99289,100,100610,100,99063,100,100650,100,99040,100
2019-06-28 10:05:10.000000000,99763,447,99577,247,99874,343,99551,243,99924,243,99439,243,99925,100,99345,100,99938,200,99319,100,100122,100,99300,100,100268,100,99295,100,100296,100,99289,100,100610,100,99063,100,100650,100,99040,100
2019-06-28 10:05:19.865490483,99763,447,99577,247,99874,343,99551,243,99924,243,99439,243,99925,100,99345,100,99938,200,99319,100,100268,100,99300,100,100296,100,99295,100,100610,100,99289,100,100650,100,99063,100,100713,100,99040,100
2019-06-28 10:05:20.000000000,99763,408,99577,208,99874,308,99551,208,99924,208,99439,208,99925,208,99345,208,99938,200,99319,100,100268,100,99300,100,100296,100,99295,100,100610,100,99289,100,100650,100,99063,100,100713,100,99040,100
2019-06-28 10:05:29.862994154,99763,408,99577,108,99874,308,99551,208,99924,208,99439,208,99925,208,99345,208,99938,200,99300,100,100268,100,99295,100,100296,100,99289,100,100610,100,99063,100,100650,100,99040,100,100713,100,98993,100
2019-06-28 10:05:30.000000000,99763,386,99551,186,99874,286,99439,186,99924,186,99345,186,99925,186,99300,186,99938,286,99295,186,100268,100,99289,100,100296,100,99063,100,100610,100,99040,100,100650,100,98993,100,100713,100,,
2019-06-28 10:05:38.582557681,99763,386,99551,186,99874,286,99439,186,99924,186,99345,186,99925,186,99300,186,99938,286,99295,186,100268,100,99294,100,100296,100,99289,100,100610,100,99063,100,100650,100,99040,100,100713,100,98993,100
2019-06-28 10:05:40.000000000,99763,386,99551,186,99874,286,99439,186,99924,186,99345,186,99925,186,99300,186,99938,286,99295,186,100268,100,99294,100,100296,100,99289,100,100610,100,99063,100,100650,100,99040,100,100713,100,98993,100
2019-06-28 10:05:50.000000000,99763,447,99551,247,99874,343,99439,243,99924,243,99345,243,99925,100,99300,100,99938,200,99295,100,100268,100,99294,100,100296,100,99289,100,100610,100,99063,100,100650,100,99040,100,100713,100,98993,100
2019-06-28 10:05:56.757423617,99763,447,99551,247,99874,343,99458,100,99924,243,99439,243,99925,100,99345,243,99938,200,99300,100,100268,100,99294,100,100296,100,99289,100,100610,100,99063,100,100650,100,99040,100,100713,100,98993,100
2019-06-28 10:06:00.000000000,99763,386,99551,186,99874,286,99458,186,99924,186,99439,186,99925,186,99345,186,99938,286,99300,186,100268,100,99294,100,100296,100,99289,100,100610,100,99063,100,100650,100,99040,100,100713,100,98993,100
2019-06-28 10:06:04.620162936,99763,386,99551,186,99874,286,99493,100,99924,186,99458,186,99925,186,99439,186,99938,286,99345,186,100268,100,99300,186,100296,100,99294,100,100610,100,99289,100,100650,100,99063,100,100713,100,99040,100
2019-06-28 10:06:10.000000000,99763,732,99551,532,99874,200,99493,100,99924,100,99458,100,99925,100,99439,100,99938,200,99345,100,100268,100,99300,100,100296,100,99294,100,100610,100,99289,100,100650,100,99063,100,100713,100,99040,100
2019-06-28 10:06:20.000000000,99763,516,99551,316,99874,416,99493,316,99924,100,99458,100,99925,100,99439,100,99938,200,99345,100,100268,100,99300,100,100296,100,99294,100,100610,100,99289,100,100650,100,99063,100,100713,100,99040,100
2019-06-28 10:06:21.474712395,99763,516,99551,216,99874,416,99493,316,99924,100,99458,100,99925,100,99439,100,99938,200,99345,100,100268,100,99300,100,100296,100,99294,100,100610,100,99289,100,100650,100,99063,100,100713,100,99040,100
2019-06-28 10:06:26.592623233,99763,516,99551,116,99874,416,99493,316,99924,100,99458,100,99925,100,99439,100,99938,200,99345,100,100268,100,99300,100,100296,100,99289,100,100610,100,99063,100,100650,100,99040,100,100713,100,98993,100
2019-06-28 10:06:30.000000000,99763,516,99493,316,99874,416,99458,316,99924,100,99439,100,99925,100,99345,100,99938,200,99300,100,100268,100,99289,100,100296,100,99063,100,100610,100,99040,100,100650,100,98993,100,100713,100,,
2019-06-28 10:06:32.671305357,99551,100,99493,316,99763,516,99458,316,99874,416,99439,100,99924,100,99345,100,99925,100,99300,100,99938,200,99289,100,100268,100,99063,100,100296,100,99040,100,100610,100,98993,100,100650,100,,
2019-06-28 10:06:40.000000000,99551,532,99493,532,99763,300,99458,100,99874,200,99439,100,99924,100,99345,100,99925,100,99300,100,99938,200,99289,100,100268,100,99063,100,100296,100,99040,100,100610,100,98993,100,100650,100,,
2019-06-28 10:06:50.000000000,99551,532,99493,532,99763,300,99458,100,99874,200,99439,100,99924,100,99345,100,99925,100,99300,100,99938,200,99289,100,100268,100,99063,100,100296,100,99040,100,100610,100,98993,100,100650,100,,
2019-06-28 10:07:00.000000000,99551,247,99493,247,99763,443,99458,243,99874,343,99439,243,99924,100,99345,100,99925,100,99300,100,99938,200,99289,100,100268,100,99063,100,100296,100,99040,100,100610,100,98993,100,100650,100,,
2019-06-28 10:07:09.747490044,99551,247,99493,247,99763,443,99458,243,99874,343,99439,243,99924,100,99345,100,99925,100,99300,100,99938,200,99289,100,100268,100,99259,100,100296,100,99063,100,100610,100,99040,100,100650,100,98993,100
2019-06-28 10:07:10.000000000,99551,208,99493,208,99763,408,99458,208,99874,308,99439,208,99924,208,99345,208,99925,100,99300,100,99938,200,99289,100,100268,100,99259,100,100296,100,99063,100,100610,100,99040,100,100650,100,98993,100
2019-06-28 10:07:12.459688233,99551,308,99493,208,99763,408,99458,208,99874,308,99439,208,99924,208,99345,208,99925,100,99300,100,99938,200,99289,100,100268,100,99259,100,100296,100,99063,100,100610,100,99040,100,100650,100,98993,100
2019-06-28 10:07:16.435493567,99524,100,99493,208,99551,308,99458,208,99763,408,99439,208,99874,308,99345,208,99924,208,99300,100,99925,100,99289,100,99938,200,99259,100,100268,100,99063,100,100296,100,99040,100,100610,100,98993,100
2019-06-28 10:07:19.777765288,99524,100,99493,108,99551,308,99458,208,99763,408,99439,208,99874,308,99345,208,99924,208,99300,100,99925,100,99289,100,99938,200,99259,100,100268,100,99063,100,100296,100,99040,100,100610,100,98993,100
