,ask_price_1,ask_size_1,bid_price_1,bid_size_1,ask_price_2,ask_size_2,bid_price_2,bid_size_2,ask_price_3,ask_size_3,bid_price_3,bid_size_3,ask_price_4,ask_size_4,bid_price_4,bid_size_4,ask_price_5,ask_size_5,bid_price_5,bid_size_5,ask_price_6,ask_size_6,bid_price_6,bid_size_6,ask_price_7,ask_size_7,bid_price_7,bid_size_7,ask_price_8,ask_size_8,bid_price_8,bid_size_8,ask_price_9,ask_size_9,bid_price_9,bid_size_9,ask_price_10,ask_size_10,bid_price_10,bid_size_10
2019-06-28 09:30:00.000000001,99965,100,,,,,,,,,,,,,,,,,,,,,,,,,,,,,,,,,,,,,,
2019-06-28 09:30:00.000000002,100163,100,99893,100,100228,100,,,,,,,,,,,,,,,,,,,,,,,,,,,,,,,,,,
2019-06-28 09:30:00.000000004,100163,100,99893,100,100228,100,99885,100,,,99874,100,,,,,,,,,,,,,,,,,,,,,,,,,,,,
2019-06-28 09:30:00.000000006,99989,100,99923,100,100163,100,99893,100,100228,100,99885,100,,,99874,100,,,,,,,,,,,,,,,,,,,,,,,,
2019-06-28 09:30:00.000000008,99989,100,99923,100,100082,100,99893,100,100163,100,99885,100,100228,100,99874,100,,,,,,,,,,,,,,,,,,,,,,,,
2019-06-28 09:30:00.000000009,100082,100,99923,100,100163,100,99893,100,100228,100,99885,100,,,99874,100,,,,,,,,,,,,,,,,,,,,,,,,
2019-06-28 09:30:00.000000012,100082,100,99923,100,100163,100,99921,100,100228,100,99893,100,,,99885,100,,,99874,100,,,,,,,,,,,,,,,,,,,,
2019-06-28 09:30:00.000000013,100082,100,99970,100,100163,100,99923,100,100228,100,99921,100,,,99893,100,,,99885,100,,,99874,100,,,,,,,,,,,,,,,,
2019-06-28 09:30:00.000000016,100032,100,99970,100,100082,100,99923,100,100163,100,99921,100,100186,100,99893,100,100228,100,99885,100,,,99874,100,,,,,,,,,,,,,,,,
2019-06-28 09:30:00.000000018,100032,100,99970,100,100082,100,99923,100,100143,100,99921,100,100163,100,99893,100,100186,100,99885,100,100228,100,99874,100,,,,,,,,,,,,,,,,
2019-06-28 09:30:00.000000019,100032,100,99970,100,100082,100,99923,100,100143,100,99921,100,100163,100,99893,100,100186,100,99885,100,100228,100,99874,100,,,99839,100,,,,,,,,,,,,
2019-06-28 09:30:00.000000025,100032,100,99970,100,100082,100,99923,100,100143,100,99921,100,100154,100,99893,100,100163,100,99885,100,100186,100,99874,100,100228,100,99839,100,,,,,,,,,,,,
2019-06-28 09:30:00.000000026,100032,100,99970,100,100082,100,99965,100,100111,100,99923,100,100143,100,99921,100,100154,100,99893,100,100163,100,99885,100,100186,100,99874,100,100228,100,99839,100,,,,,,,,
2019-06-28 09:30:00.000000027,100032,100,99970,100,100082,100,99965,100,100087,100,99923,100,100111,100,99921,100,100143,100,99893,100,100154,100,99885,100,100163,100,99874,100,100186,100,99839,100,100228,100,,,,,,
2019-06-28 09:30:00.000000028,100032,100,99970,100,100082,100,99965,200,100087,100,99923,100,100111,100,99921,100,100143,100,99893,100,100154,100,99885,100,100163,100,99874,100,100186,100,99839,100,100228,100,,,,,,
2019-06-28 09:30:00.000000029,100032,100,99970,100,100082,100,99965,200,100087,100,99923,100,100111,100,99921,100,100143,100,99915,100,100154,100,99893,100,100163,100,99885,100,100186,100,99874,100,100228,100,99839,100,,,,
2019-06-28 09:30:00.000000031,100032,100,99970,100,100082,100,99965,200,100087,100,99923,100,100111,100,99921,100,100127,100,99915,100,100143,100,99893,100,100154,100,99885,100,100163,100,99874,100,100186,100,99839,100,100228,100,,
2019-06-28 09:30:00.000000034,100032,100,99970,100,100082,100,99965,200,100087,100,99936,100,100111,100,99923,100,100127,100,99921,100,100143,100,99915,100,100154,100,99893,100,100163,100,99885,100,100186,100,99874,100,100228,100,99839,100
2019-06-28 09:30:00.000000036,100015,100,99970,100,100032,100,99965,300,100082,100,99936,100,100087,100,99923,100,100111,100,99921,100,100127,100,99915,100,100143,100,99893,100,100154,100,99885,100,100163,100,99874,100,100186,100,99839,100
2019-06-28 09:30:00.000000037,100015,100,99970,100,100032,100,99965,300,100082,100,99936,100,100087,100,99923,100,100111,100,99921,100,100127,100,99915,100,100143,100,99893,100,100154,100,99885,100,100163,100,99874,100,100186,100,99839,100
2019-06-28 09:30:00.000000040,100032,100,99970,100,100082,100,99965,300,100087,100,99936,100,100111,100,99923,100,100127,100,99921,100,100143,100,99915,100,100154,100,99893,100,100163,100,99885,100,100186,100,99874,100,100200,100,99839,100
2019-06-28 09:30:00.000000041,100015,100,99989,200,100032,100,99970,100,100082,100,99965,300,100087,100,99936,100,100111,100,99923,100,100127,100,99921,100,100143,100,99915,100,100154,100,99893,100,100163,100,99885,100,100186,100,99874,100
2019-06-28 09:30:00.000000042,100015,100,99989,100,100032,100,99970,100,100082,100,99965,300,100087,100,99936,100,100111,100,99923,100,100127,100,99921,100,100143,100,99915,100,100154,100,99893,100,100163,100,99885,100,100186,100,99874,100
2019-06-28 09:30:00.000000043,100015,100,99989,100,100032,100,99970,100,100082,100,99965,300,100087,100,99936,100,100111,100,99923,100,100127,100,99921,100,100143,100,99915,100,100154,100,99899,100,100163,100,99893,100,100186,100,99885,100
2019-06-28 09:30:00.000000044,100007,100,99989,100,100014,100,99970,100,100015,100,99965,300,100032,100,99936,100,100082,100,99923,100,100087,100,99921,100,100111,100,99915,100,100127,100,99899,100,100143,100,99893,100,100154,100,99885,100
2019-06-28 09:30:00.000000046,100007,100,99989,100,100014,200,99970,100,100015,100,99965,300,100032,100,99936,100,100082,100,99923,100,100087,100,99921,100,100111,100,99915,100,100125,100,99899,100,100127,100,99893,100,100143,100,99885,100
2019-06-28 09:30:00.000000049,100007,100,99989,100,100014,200,99982,100,100015,100,99970,100,100032,100,99965,300,100082,100,99936,100,100087,100,99923,100,100111,100,99921,100,100125,100,99915,100,100127,100,99899,100,100143,100,99893,100
2019-06-28 09:30:00.000000051,100007,100,99989,100,100014,200,99982,100,100015,100,99970,100,100032,100,99965,300,100082,100,99936,100,100087,100,99923,100,100111,100,99921,100,100125,100,99915,100,100127,100,99899,100,100131,100,99893,100
2019-06-28 09:30:00.000000055,100007,100,99982,100,100014,200,99970,100,100015,100,99965,300,100032,100,99936,100,100082,100,99923,100,100087,100,99921,100,100111,100,99915,100,100125,100,99899,100,100127,100,99893,100,100131,100,99885,100
2019-06-28 09:30:00.000000056,100007,100,99992,100,100014,200,99982,100,100015,100,99970,100,100032,100,99965,300,100082,100,99936,100,100087,100,99923,100,100111,100,99921,100,100125,100,99915,100,100127,100,99899,100,100131,100,99893,100
2019-06-28 09:30:00.000000058,100007,100,99982,100,100014,200,99970,100,100015,100,99965,300,100032,100,99936,100,100082,100,99923,100,100087,100,99921,100,100111,100,99915,100,100125,100,99899,100,100127,100,99893,100,100131,100,99885,100
2019-06-28 09:30:00.000000059,100007,100,99982,100,100014,200,99970,100,100015,100,99965,300,100032,100,99936,100,100082,100,99923,100,100087,100,99921,100,100111,100,99915,100,100125,100,99899,100,100127,100,99893,100,100131,100,99885,100
2019-06-28 09:30:00.000000062,100007,100,99970,100,100014,200,99965,300,100015,100,99936,100,100032,100,99923,100,100042,100,99921,100,100082,100,99915,100,100087,100,99899,100,100111,100,99893,100,100125,100,99885,100,100127,100,99874,100
2019-06-28 09:30:00.000000063,100007,100,99965,300,100014,200,99936,100,100015,100,99923,100,100032,100,99921,100,100042,100,99915,100,100082,100,99899,100,100087,100,99893,100,100111,100,99885,100,100125,200,99874,100,100127,100,99839,100
2019-06-28 09:30:00.000000064,100014,200,99965,300,100015,100,99936,100,100032,100,99923,100,100042,100,99921,100,100082,100,99915,100,100087,100,99899,100,100111,100,99893,100,100125,200,99885,100,100127,100,99874,100,100131,100,99839,100
2019-06-28 09:30:00.000000066,100014,100,100001,100,100015,100,99965,300,100032,100,99936,100,100042,100,99923,100,100082,100,99921,100,100087,100,99915,100,100111,100,99899,100,100125,200,99893,100,100127,100,99885,100,100131,100,99874,100
2019-06-28 09:30:00.000000069,100014,100,100001,100,100015,100,99965,300,100019,100,99936,100,100032,100,99923,100,100042,100,99921,100,100082,100,99915,100,100087,100,99899,100,100111,100,99893,100,100125,200,99885,100,100127,100,99874,100
2019-06-28 09:30:00.000000078,100014,100,100001,100,100015,100,99997,100,100019,100,99965,300,100032,100,99936,100,100042,100,99923,100,100082,100,99921,100,100087,100,99915,100,100111,100,99902,100,100125,200,99899,100,100127,100,99893,100
2019-06-28 09:30:00.000000080,100014,100,100007,100,100015,100,100001,100,100019,100,99997,100,100032,100,99965,300,100042,100,99936,100,100082,100,99923,100,100087,100,99921,100,100111,100,99915,100,100125,200,99902,100,100127,100,99899,100
2019-06-28 09:30:00.000000083,100014,100,100007,100,100015,100,100001,100,100019,100,99997,100,100032,100,99965,300,100042,100,99936,100,100082,100,99924,100,100087,100,99923,100,100111,100,99921,100,100125,200,99915,100,100127,100,99902,100
2019-06-28 09:30:00.000000088,100014,100,100007,100,100015,100,100001,100,100019,100,99997,100,100032,100,99965,300,100042,100,99936,100,100082,100,99924,100,100087,100,99923,100,100111,100,99921,100,100125,300,99915,100,100127,100,99902,100
2019-06-28 09:30:00.000000089,100014,100,100007,100,100015,100,100001,100,100019,100,99997,100,100032,100,99965,300,100042,100,99936,100,100082,100,99924,100,100087,100,99923,100,100111,100,99921,100,100125,300,99915,100,100127,100,99902,100
2019-06-28 09:30:00.000000092,100014,100,100007,100,100015,100,100001,100,100019,100,99997,100,100032,100,99965,300,100042,100,99949,100,100082,100,99936,100,100087,100,99924,100,100096,100,99923,100,100111,100,99921,100,100125,300,99915,100
2019-06-28 09:30:00.000000096,100014,100,100001,100,100015,100,99997,100,100019,100,99965,300,100032,100,99949,100,100042,100,99936,100,100082,100,99924,100,100087,100,99923,100,100096,100,99921,100,100111,100,99915,100,100125,300,99902,100
2019-06-28 09:30:00.000000099,100014,100,100007,100,100015,100,100001,100,100019,100,99997,100,100032,100,99965,300,100042,100,99949,100,100082,100,99936,100,100087,100,99924,100,100096,100,99923,100,100111,100,99921,100,100125,300,99915,100
2019-06-28 09:30:03.612677483,100014,100,100007,100,100015,100,100001,100,100019,100,99997,100,100032,100,99965,200,100042,100,99949,100,100082,100,99936,100,100087,100,99924,100,100096,100,99923,100,100111,100,99921,100,100125,300,99915,100
2019-06-28 09:30:06.751850179,100014,100,100007,100,100015,100,100001,100,100019,100,99997,100,100032,100,99965,200,100042,100,99949,100,100082,100,99936,100,100087,100,99924,100,100096,100,99923,100,100111,100,99921,100,100125,300,99915,100
2019-06-28 09:30:10.000000000,100014,191,100007,191,100015,191,100001,191,100019,191,99997,191,100032,191,99965,291,100042,191,99949,191,100082,100,99936,100,100087,100,99924,100,100096,100,99923,100,100111,100,99921,100,100125,300,99915,100
2019-06-28 09:30:20.000000000,100014,191,100007,191,100015,191,100001,191,100019,191,99997,191,100032,191,99965,291,100042,191,99949,191,100082,100,99936,100,100087,100,99924,100,100096,100,99923,100,100111,100,99921,100,100125,300,99915,100
2019-06-28 09:30:30.000000000,100014,327,100007,327,100015,327,100001,327,100019,100,99997,100,100032,100,99965,200,100042,100,99949,100,100082,100,99936,100,100087,100,99924,100,100096,100,99923,100,100111,100,99921,100,100125,300,99915,100
2019-06-28 09:30:40.000000000,100014,191,100007,191,100015,191,100001,191,100019,191,99997,191,100032,191,99965,291,100042,191,99949,191,100082,100,99936,100,100087,100,99924,100,100096,100,99923,100,100111,100,99921,100,100125,300,99915,100
2019-06-28 09:30:42.091334091,100014,191,100007,191,100015,191,100001,191,100019,191,99997,191,100032,191,99965,291,100042,191,99949,191,100082,100,99936,100,100087,100,99923,100,100096,100,99921,100,100111,100,99915,100,100125,300,99902,100
2019-06-28 09:30:50.000000000,100014,554,100007,554,100015,100,100001,100,100019,100,99997,100,100032,100,99965,200,100042,100,99949,100,100082,100,99936,100,100087,100,99923,100,100096,100,99921,100,100111,100,99915,100,100125,300,99902,100
2019-06-28 09:31:00.000000000,100014,254,100007,254,100015,250,100001,250,100019,250,99997,250,100032,100,99965,200,100042,100,99949,100,100082,100,99936,100,100087,100,99923,100,100096,100,99921,100,100111,100,99915,100,100125,300,99902,100
2019-06-28 09:31:08.238282368,100014,254,100007,254,100015,250,100001,250,100019,250,99997,250,100032,100,99965,200,100042,100,99949,100,100082,100,99936,100,100087,100,99923,100,100096,100,99921,100,100111,100,99915,100,100125,300,99902,100
2019-06-28 09:31:10.000000000,100014,327,100007,327,100015,327,100001,327,100019,100,99997,100,100032,100,99965,200,100042,100,99949,100,100082,100,99936,100,100087,100,99923,100,100096,100,99921,100,100111,100,99915,100,100125,300,99902,100
2019-06-28 09:31:14.021397378,100014,327,100007,327,100015,327,100001,327,100019,100,99997,100,100032,100,99965,200,100042,100,99949,100,100082,100,99923,100,100087,100,99921,100,100096,100,99915,100,100111,100,99902,100,100125,300,99899,100
2019-06-28 09:31:20.000000000,100014,254,100007,254,100015,250,100001,250,100019,250,99997,250,100032,100,99965,200,100042,100,99949,100,100082,100,99923,100,100087,100,99921,100,100096,100,99915,100,100111,100,99902,100,100125,300,99899,100
2019-06-28 09:31:21.188993385,100014,254,100007,254,100015,250,100001,250,100019,250,99997,250,100032,100,99965,200,100042,100,99949,100,100082,100,99923,100,100087,100,99921,100,100096,100,99915,100,100111,100,99902,100,100125,300,99899,100
2019-06-28 09:31:24.174154565,100014,254,100007,254,100015,250,100001,250,100019,250,99997,250,100032,100,99965,200,100042,100,99949,100,100082,100,99923,100,100087,100,99921,100,100096,100,99915,100,100111,100,99902,100,100125,300,99899,100
2019-06-28 09:31:30.000000000,100014,327,100007,327,100015,327,100001,327,100019,100,99997,100,100032,100,99965,200,100042,100,99949,100,100082,100,99923,100,100087,100,99921,100,100096,100,99915,100,100111,100,99902,100,100125,300,99899,100
2019-06-28 09:31:33.155998261,100014,427,100007,327,100015,327,100001,327,100019,100,99997,100,100032,100,99965,100,100042,100,99949,100,100082,100,99923,100,100087,100,99921,100,100096,100,99915,100,100111,100,99902,100,100125,300,99899,100
2019-06-28 09:31:36.436268758,100014,427,100007,227,100015,327,100001,327,100032,100,99997,100,100042,100,99965,100,100082,100,99949,100,100087,100,99923,100,100096,100,99921,100,100111,100,99915,100,100125,300,99902,100,100127,100,99899,100
2019-06-28 09:31:40.000000000,100014,291,100001,191,100015,191,99997,191,100032,191,99965,191,100042,191,99949,191,100082,191,99923,191,100087,100,99921,100,100096,100,99915,100,100111,100,99902,100,100125,300,99899,100,100127,100,99893,100
2019-06-28 09:31:40.535785989,100014,291,100001,191,100015,191,99997,91,100032,191,99965,191,100042,191,99949,191,100082,191,99923,191,100087,100,99921,100,100096,100,99915,100,100111,100,99902,100,100125,300,99899,100,100127,100,99893,100
2019-06-28 09:31:50.000000000,100014,291,100001,191,100015,191,99965,191,100032,191,99949,191,100042,191,99923,191,100082,191,99921,191,100087,100,99915,100,100096,100,99902,100,100111,100,99899,100,100125,300,99893,100,100127,100,99885,200
2019-06-28 09:32:00.000000000,100014,654,100001,554,100015,100,99965,100,100032,100,99949,100,100042,100,99923,100,100082,100,99921,100,100087,100,99915,100,100096,100,99902,100,100111,100,99899,100,100125,300,99893,100,100127,100,99885,200
2019-06-28 09:32:10.000000000,100014,291,100001,191,100015,191,99965,191,100032,191,99949,191,100042,191,99923,191,100082,191,99921,191,100087,100,99915,100,100096,100,99902,100,100111,100,99899,100,100125,300,99893,100,100127,100,99885,200
2019-06-28 09:32:20.000000000,100014,427,100001,327,100015,327,99965,327,100032,100,99949,100,100042,100,99923,100,100082,100,99921,100,100087,100,99915,100,100096,100,99902,100,100111,100,99899,100,100125,300,99893,100,100127,100,99885,200
2019-06-28 09:32:23.401249623,100014,427,100001,327,100015,327,99965,327,100032,100,99949,100,100042,100,99923,100,100082,100,99921,100,100087,100,99915,100,100096,100,99902,100,100111,100,99901,100,100125,300,99899,100,100127,100,99893,100
2019-06-28 09:32:30.000000000,100014,654,100001,554,100015,100,99965,100,100032,100,99949,100,100042,100,99923,100,100082,100,99921,100,100087,100,99915,100,100096,100,99902,100,100111,100,99901,100,100125,300,99899,100,100127,100,99893,100
2019-06-28 09:32:37.111676796,100014,554,100001,554,100015,100,99965,100,100032,100,99949,100,100042,100,99923,100,100082,100,99921,100,100087,100,99915,100,100111,100,99902,100,100125,300,99901,100,100127,100,99899,100,100131,100,99893,100
2019-06-28 09:32:38.770684840,100014,454,100001,554,100015,100,99965,100,100032,100,99949,100,100042,100,99923,100,100082,100,99921,100,100087,100,99915,100,100111,100,99902,100,100125,300,99901,100,100127,100,99899,100,100131,100,99893,100
2019-06-28 09:32:40.000000000,100015,254,100001,254,100032,250,99965,250,100042,250,99949,250,100082,100,99923,100,100087,100,99921,100,100111,100,99915,100,100125,300,99902,100,100127,100,99901,100,100131,100,99899,100,100143,100,99893,100
2019-06-28 09:32:40.372574277,100015,154,100001,254,100032,250,99965,250,100042,250,99949,250,100082,100,99923,100,100087,100,99921,100,100111,100,99915,100,100125,300,99902,100,100127,100,99901,100,100131,100,99899,100,100143,100,99893,100
2019-06-28 09:32:50.000000000,100032,554,100001,554,100042,100,99965,100,100082,100,99949,100,100087,100,99923,100,100111,100,99921,100,100125,300,99915,100,100127,100,99902,100,100131,100,99901,100,100143,100,99899,100,100148,100,99893,100
2019-06-28 09:32:51.803971676,100032,454,100001,554,100082,100,99965,100,100087,100,99949,100,100111,100,99923,100,100125,300,99921,100,100127,100,99915,100,100131,100,99902,100,100143,100,99901,100,100148,100,99899,100,100154,100,99893,100
2019-06-28 09:32:55.957286721,100032,454,100001,554,100082,100,99965,100,100087,100,99949,100,100111,100,99923,100,100125,300,99921,100,100127,100,99915,100,100131,100,99902,100,100143,100,99901,100,100148,100,99899,100,100154,100,99893,100
2019-06-28 09:33:00.000000000,100082,254,100001,254,100087,250,99965,250,100111,250,99949,250,100125,300,99923,100,100127,100,99921,100,100131,100,99915,100,100143,100,99902,100,100148,100,99901,100,100154,100,99899,100,100163,100,99893,100
2019-06-28 09:33:02.890913954,100082,254,100077,100,100087,250,100001,254,100111,250,99965,250,100125,300,99949,250,100127,100,99923,100,100131,100,99921,100,100143,100,99915,100,100148,100,99902,100,100154,100,99901,100,100163,100,99899,100
2019-06-28 09:33:10.000000000,100082,327,100077,327,100087,327,100001,327,100111,100,99965,100,100125,300,99949,100,100127,100,99923,100,100131,100,99921,100,100143,100,99915,100,100148,100,99902,100,100154,100,99901,100,100163,100,99899,100
2019-06-28 09:33:20.000000000,100082,327,100077,327,100087,327,100001,327,100111,100,99965,100,100125,300,99949,100,100127,100,99923,100,100131,100,99921,100,100143,100,99915,100,100148,100,99902,100,100154,100,99901,100,100163,100,99899,100
2019-06-28 09:33:21.449678194,100082,327,100077,327,100087,327,100001,327,100111,100,99949,100,100125,300,99923,100,100127,100,99921,100,100131,100,99915,100,100143,100,99902,100,100148,100,99901,100,100154,100,99899,100,100163,100,99893,100
2019-06-28 09:33:30.000000000,100082,254,100077,254,100087,250,100001,250,100111,250,99949,250,100125,300,99923,100,100127,100,99921,100,100131,100,99915,100,100143,100,99902,100,100148,100,99901,100,100154,100,99899,100,100163,100,99893,100
2019-06-28 09:33:40.000000000,100082,554,100077,554,100087,100,100001,100,100111,100,99949,100,100125,300,99923,100,100127,100,99921,100,100131,100,99915,100,100143,100,99902,100,100148,100,99901,100,100154,100,99899,100,100163,100,99893,100
2019-06-28 09:33:50.000000000,100082,214,100077,214,100087,214,100001,214,100111,214,99949,214,100125,414,99923,214,100127,100,99921,100,100131,100,99915,100,100143,100,99902,100,100148,100,99901,100,100154,100,99899,100,100163,100,99893,100
2019-06-28 09:34:00.000000000,100082,554,100077,554,100087,100,100001,100,100111,100,99949,100,100125,300,99923,100,100127,100,99921,100,100131,100,99915,100,100143,100,99902,100,100148,100,99901,100,100154,100,99899,100,100163,100,99893,100
2019-06-28 09:34:10.000000000,100082,327,100077,327,100087,327,100001,327,100111,100,99949,100,100125,300,99923,100,100127,100,99921,100,100131,100,99915,100,100143,100,99902,100,100148,100,99901,100,100154,100,99899,100,100163,100,99893,100
2019-06-28 09:34:20.000000000,100082,554,100077,554,100087,100,100001,100,100111,100,99949,100,100125,300,99923,100,100127,100,99921,100,100131,100,99915,100,100143,100,99902,100,100148,100,99901,100,100154,100,99899,100,100163,100,99893,100
2019-06-28 09:34:30.000000000,100082,554,100077,554,100087,100,100001,100,100111,100,99949,100,100125,300,99923,100,100127,100,99921,100,100131,100,99915,100,100143,100,99902,100,100148,100,99901,100,100154,100,99899,100,100163,100,99893,100
2019-06-28 09:34:40.000000000,100082,214,100077,214,100087,214,100001,214,100111,214,99949,214,100125,414,99923,214,100127,100,99921,100,100131,100,99915,100,100143,100,99902,100,100148,100,99901,100,100154,100,99899,100,100163,100,99893,100
2019-06-28 09:34:50.000000000,100082,254,100077,254,100087,250,100001,250,100111,250,99949,250,100125,300,99923,100,100127,100,99921,100,100131,100,99915,100,100143,100,99902,100,100148,100,99901,100,100154,100,99899,100,100163,100,99893,100
2019-06-28 09:34:50.029988859,100082,254,100077,254,100087,250,100001,250,100111,250,99949,250,100125,300,99923,100,100127,100,99921,100,100131,100,99915,100,100143,100,99902,100,100148,100,99901,100,100154,100,99899,100,100163,100,99893,100
2019-06-28 09:34:52.164874178,100082,254,100077,154,100087,250,100001,250,100111,250,99949,250,100125,300,99923,100,100127,100,99921,100,100131,100,99915,100,100143,100,99902,100,100148,100,99901,100,100154,100,99899,100,100163,100,99893,100
2019-06-28 09:35:00.000000000,100082,327,100001,327,100087,327,99949,327,100111,100,99923,100,100125,300,99921,100,100127,100,99915,100,100131,100,99902,100,100143,100,99901,100,100148,100,99899,100,100154,100,99893,100,100163,100,99885,100
2019-06-28 09:35:06.065297456,100082,327,100001,327,100087,327,99949,327,100111,100,99923,100,100125,300,99921,100,100127,100,99915,100,100131,100,99902,100,100148,100,99901,100,100154,100,99899,100,100163,100,99893,100,100200,100,99885,100
2019-06-28 09:35:10.000000000,100082,214,100001,214,100087,214,99949,214,100111,214,99923,214,100125,414,99921,214,100127,100,99915,100,100131,100,99902,100,100148,100,99901,100,100154,100,99899,100,100163,100,99893,100,100200,100,99885,100
2019-06-28 09:35:15.910340981,100082,214,100001,214,100087,214,99949,214,100111,214,99923,214,100125,414,99921,214,100127,100,99915,100,100131,100,99902,100,100148,100,99901,100,100154,100,99899,100,100163,100,99893,100,100200,100,99885,100
2019-06-28 09:35:20.000000000,100082,554,100001,554,100087,100,99949,100,100111,100,99923,100,100125,300,99921,100,100127,100,99915,100,100131,100,99902,100,100148,100,99901,100,100154,100,99899,100,100163,100,99893,100,100200,100,99885,100
2019-06-28 09:35:30.000000000,100082,214,100001,214,100087,214,99949,214,100111,214,99923,214,100125,414,99921,214,100127,100,99915,100,100131,100,99902,100,100148,100,99901,100,100154,100,99899,100,100163,100,99893,100,100200,100,99885,100
2019-06-28 09:35:40.000000000,100082,327,100001,327,100087,327,99949,327,100111,100,99923,100,100125,300,99921,100,100127,100,99915,100,100131,100,99902,100,100148,100,99901,100,100154,100,99899,100,100163,100,99893,100,100200,100,99885,100
2019-06-28 09:35:50.000000000,100082,327,100001,327,100087,327,99949,327,100111,100,99923,100,100125,300,99921,100,100127,100,99915,100,100131,100,99902,100,100148,100,99901,100,100154,100,99899,100,100163,100,99893,100,100200,100,99885,100
2019-06-28 09:35:50.438821017,100082,327,100001,227,100087,327,99949,327,100111,100,99923,100,100125,300,99915,100,100127,100,99902,100,100131,100,99901,100,100148,100,99899,100,100154,100,99893,100,100163,100,99885,100,100200,100,99877,100
2019-06-28 09:35:58.651009649,100077,100,100001,227,100082,327,99949,327,100087,327,99923,100,100111,100,99915,100,100125,300,99902,100,100127,100,99901,100,100131,100,99899,100,100148,100,99893,100,100154,100,99885,100,100163,100,99877,100
2019-06-28 09:36:00.000000000,100077,327,99949,327,100082,327,99923,327,100087,100,99915,100,100111,100,99902,100,100125,300,99901,100,100127,100,99899,100,100131,100,99893,100,100148,100,99885,100,100154,100,99877,100,100163,100,99696,100
2019-06-28 09:36:02.061166620,100077,427,99949,327,100082,327,99923,327,100087,100,99915,100,100111,100,99902,100,100125,300,99901,100,100127,100,99899,100,100131,100,99893,100,100148,100,99885,100,100154,100,99877,100,100163,100,99696,100
2019-06-28 09:36:02.735193491,100077,427,99949,327,100082,327,99923,327,100087,100,99915,100,100111,100,99902,100,100125,300,99901,100,100127,100,99899,100,100131,100,99893,100,100148,100,99885,100,100154,100,99877,100,100163,100,99849,100
2019-06-28 09:36:06.330387350,99961,100,99949,327,100077,427,99923,327,100082,327,99915,100,100087,100,99902,100,100111,100,99901,100,100125,300,99899,100,100127,100,99885,100,100131,100,99877,100,100148,100,99849,100,100154,100,99696,100
2019-06-28 09:36:10.000000000,99961,327,99949,327,100077,427,99923,327,100082,100,99915,100,100087,100,99902,100,100111,100,99901,100,100125,300,99899,100,100127,100,99885,100,100131,100,99877,100,100148,100,99849,100,100154,100,99696,100
2019-06-28 09:36:10.098667952,99961,327,99949,327,100077,527,99923,327,100082,100,99915,100,100087,100,99902,100,100111,100,99901,100,100125,300,99899,100,100127,100,99885,100,100131,100,99877,100,100148,100,99849,100,100154,100,99696,100
2019-06-28 09:36:13.316747334,99961,327,99949,327,100077,527,99923,327,100082,100,99915,100,100087,100,99902,100,100111,100,99901,100,100125,200,99899,100,100127,100,99885,100,100131,100,99877,100,100148,100,99849,100,100154,100,99713,100
2019-06-28 09:36:20.000000000,99961,254,99949,254,100077,450,99923,250,100082,250,99915,250,100087,100,99902,100,100111,100,99901,100,100125,200,99899,100,100127,100,99885,100,100131,100,99877,100,100148,100,99849,100,100154,100,99713,100
2019-06-28 09:36:30.000000000,99961,327,99949,327,100077,527,99923,327,100082,100,99915,100,100087,100,99902,100,100111,100,99901,100,100125,200,99899,100,100127,100,99885,100,100131,100,99877,100,100148,100,99849,100,100154,100,99713,100
2019-06-28 09:36:40.000000000,99961,327,99949,327,100077,527,99923,327,100082,100,99915,100,100087,100,99902,100,100111,100,99901,100,100125,200,99899,100,100127,100,99885,100,100131,100,99877,100,100148,100,99849,100,100154,100,99713,100
2019-06-28 09:36:50.000000000,99961,327,99949,327,100077,527,99923,327,100082,100,99915,100,100087,100,99902,100,100111,100,99901,100,100125,200,99899,100,100127,100,99885,100,100131,100,99877,100,100148,100,99849,100,100154,100,99713,100
2019-06-28 09:36:58.380731093,99961,327,99949,327,100077,527,99923,327,100082,100,99915,100,100087,100,99902,100,100111,100,99901,100,100125,200,99899,100,100127,100,99885,100,100131,100,99877,100,100148,100,99849,100,100154,100,99713,100
2019-06-28 09:36:58.957496874,99961,327,99949,227,100077,527,99923,327,100082,100,99915,100,100087,100,99902,100,100111,100,99901,100,100125,200,99899,100,100127,100,99885,100,100131,100,99877,100,100148,100,99849,100,100154,100,99713,100
2019-06-28 09:37:00.000000000,99961,191,99923,191,100077,391,99915,191,100082,191,99902,191,100087,191,99901,191,100111,191,99899,191,100125,200,99885,100,100127,100,99877,100,100131,100,99849,100,100148,100,99713,100,100154,100,99696,100
2019-06-28 09:37:10.000000000,99961,327,99923,327,100077,527,99915,327,100082,100,99902,100,100087,100,99901,100,100111,100,99899,100,100125,200,99885,100,100127,100,99877,100,100131,100,99849,100,100148,100,99713,100,100154,100,99696,100
2019-06-28 09:37:20.000000000,99961,254,99923,254,100077,450,99915,250,100082,250,99902,250,100087,100,99901,100,100111,100,99899,100,100125,200,99885,100,100127,100,99877,100,100131,100,99849,100,100148,100,99713,100,100154,100,99696,100
2019-06-28 09:37:30.000000000,99961,254,99923,254,100077,450,99915,250,100082,250,99902,250,100087,100,99901,100,100111,100,99899,100,100125,200,99885,100,100127,100,99877,100,100131,100,99849,100,100148,100,99713,100,100154,100,99696,100
2019-06-28 09:37:40.000000000,99961,191,99923,191,100077,391,99915,191,100082,191,99902,191,100087,191,99901,191,100111,191,99899,191,100125,200,99885,100,100127,100,99877,100,100131,100,99849,100,100148,100,99713,100,100154,100,99696,100
2019-06-28 09:37:42.857873887,99961,191,99923,191,100077,391,99915,191,100082,191,99902,191,100087,191,99901,191,100111,191,99899,191,100125,200,99885,100,100127,100,99877,100,100131,100,99849,100,100148,100,99713,100,100154,100,99659,100
2019-06-28 09:37:50.000000000,99961,254,99923,254,100077,450,99915,250,100082,250,99902,250,100087,100,99901,100,100111,100,99899,100,100125,200,99885,100,100127,100,99877,100,100131,100,99849,100,100148,100,99713,100,100154,100,99659,100
2019-06-28 09:37:53.371999368,99961,154,99923,254,100077,450,99915,250,100082,250,99902,250,100087,100,99901,100,100111,100,99899,100,100125,200,99885,100,100127,100,99877,100,100131,100,99849,100,100148,100,99713,100,100154,100,99659,100
2019-06-28 09:38:00.000000000,100077,754,99923,554,100082,100,99915,100,100087,100,99902,100,100111,100,99901,100,100125,200,99899,100,100127,100,99885,100,100131,100,99877,100,100148,100,99849,100,100154,100,99713,100,100163,100,99659,100
2019-06-28 09:38:10.000000000,100077,454,99923,254,100082,250,99915,250,100087,250,99902,250,100111,100,99901,100,100125,200,99899,100,100127,100,99885,100,100131,100,99877,100,100148,100,99849,100,100154,100,99713,100,100163,100,99659,100
2019-06-28 09:38:14.360469453,100077,454,99923,254,100082,250,99915,250,100087,250,99902,250,100111,100,99901,100,100125,200,99899,100,100127,100,99885,100,100131,100,99877,100,100148,100,99849,100,100154,100,99713,100,100163,100,99659,100
2019-06-28 09:38:20.000000000,100077,754,99923,554,100082,100,99915,100,100087,100,99902,100,100111,100,99901,100,100125,200,99899,100,100127,100,99885,100,100131,100,99877,100,100148,100,99849,100,100154,100,99713,100,100163,100,99659,100
2019-06-28 09:38:27.898972309,100077,754,99923,454,100082,100,99915,100,100087,100,99902,100,100111,100,99901,100,100125,200,99899,100,100127,100,99885,100,100131,100,99877,100,100148,100,99849,100,100154,100,99713,100,100163,100,99659,100
2019-06-28 09:38:30.000000000,100077,414,99915,214,100082,214,99902,214,100087,214,99901,214,100111,214,99899,214,100125,200,99885,100,100127,100,99877,100,100131,100,99849,100,100148,100,99713,100,100154,100,99659,100,100163,100,99634,100
2019-06-28 09:38:39.731934976,100077,414,99915,214,100082,214,99902,214,100087,214,99901,214,100111,214,99899,214,100125,200,99885,100,100127,100,99877,100,100131,100,99849,100,100148,100,99713,100,100154,100,99659,100,100163,100,99634,100
2019-06-28 09:38:40.000000000,100077,414,99915,214,100082,214,99902,214,100087,214,99901,214,100111,214,99899,214,100125,200,99885,100,100127,100,99877,100,100131,100,99849,100,100148,100,99713,100,100154,100,99659,100,100163,100,99634,100
2019-06-28 09:38:50.000000000,100077,454,99915,254,100082,250,99902,250,100087,250,99901,250,100111,100,99899,100,100125,200,99885,100,100127,100,99877,100,100131,100,99849,100,100148,100,99713,100,100154,100,99659,100,100163,100,99634,100
2019-06-28 09:39:00.000000000,100077,414,99915,214,100082,214,99902,214,100087,214,99901,214,100111,214,99899,214,100125,200,99885,100,100127,100,99877,100,100131,100,99849,100,100148,100,99713,100,100154,100,99659,100,100163,100,99634,100
2019-06-28 09:39:10.000000000,100077,454,99915,254,100082,250,99902,250,100087,250,99901,250,100111,100,99899,100,100125,200,99885,100,100127,100,99877,100,100131,100,99849,100,100148,100,99713,100,100154,100,99659,100,100163,100,99634,100
2019-06-28 09:39:17.245240876,99960,100,99915,254,100077,354,99902,250,100082,250,99901,250,100087,250,99899,100,100111,100,99885,100,100125,200,99877,100,100127,100,99849,100,100131,100,99713,100,100148,100,99659,100,100154,100,99634,100
2019-06-28 09:39:18.062782167,99960,200,99915,254,100077,354,99902,250,100082,250,99901,250,100087,250,99899,100,100111,100,99885,100,100125,200,99877,100,100127,100,99849,100,100131,100,99713,100,100148,100,99659,100,100154,100,99634,100
2019-06-28 09:39:20.000000000,99960,291,99915,191,100077,291,99902,191,100082,191,99901,191,100087,191,99899,191,100111,191,99885,191,100125,200,99877,100,100127,100,99849,100,100131,100,99713,100,100148,100,99659,100,100154,100,99634,100
2019-06-28 09:39:30.000000000,99960,427,99915,327,100077,427,99902,327,100082,100,99901,100,100087,100,99899,100,100111,100,99885,100,100125,200,99877,100,100127,100,99849,100,100131,100,99713,100,100148,100,99659,100,100154,100,99634,100
2019-06-28 09:39:40.000000000,99960,314,99915,214,100077,314,99902,214,100082,214,99901,214,100087,214,99899,214,100111,100,99885,100,100125,200,99877,100,100127,100,99849,100,100131,100,99713,100,100148,100,99659,100,100154,100,99634,100
2019-06-28 09:39:49.363425328,99960,314,99915,114,100077,314,99902,214,100082,214,99901,214,100087,214,99899,214,100111,100,99885,100,100125,200,99877,100,100127,100,99849,100,100131,100,99713,100,100148,100,99659,100,100154,100,99634,100
2019-06-28 09:39:50.000000000,99960,314,99902,214,100077,314,99901,214,100082,214,99899,214,100087,214,99885,214,100111,100,99877,100,100125,200,99849,100,100127,100,99713,100,100131,100,99659,100,100148,100,99634,100,100154,100,99584,100
2019-06-28 09:40:00.000000000,99960,654,99902,554,100077,200,99901,100,100082,100,99899,100,100087,100,99885,100,100111,100,99877,100,100125,200,99849,100,100127,100,99713,100,100131,100,99659,100,100148,100,99634,100,100154,100,99584,100
2019-06-28 09:40:10.000000000,99960,654,99902,554,100077,200,99901,100,100082,100,99899,100,100087,100,99885,100,100111,100,99877,100,100125,200,99849,100,100127,100,99713,100,100131,100,99659,100,100148,100,99634,100,100154,100,99584,100
2019-06-28 09:40:20.000000000,99960,314,99902,214,100077,314,99901,214,100082,214,99899,214,100087,214,99885,214,100111,100,99877,100,100125,200,99849,100,100127,100,99713,100,100131,100,99659,100,100148,100,99634,100,100154,100,99584,100
2019-06-28 09:40:28.904142210,99960,314,99902,114,100077,314,99901,214,100082,214,99899,214,100087,214,99885,214,100111,100,99877,100,100125,200,99849,100,100127,100,99713,100,100131,100,99659,100,100148,100,99634,100,100154,100,99584,100
2019-06-28 09:40:30.000000000,99960,427,99901,327,100077,427,99899,327,100082,100,99885,100,100087,100,99877,100,100111,100,99849,100,100125,200,99713,100,100127,100,99659,100,100131,100,99634,100,100148,100,99584,100,100154,100,99572,100
2019-06-28 09:40:33.976324621,99960,427,99901,227,100077,427,99899,327,100082,100,99885,100,100087,100,99877,100,100125,200,99849,100,100127,100,99713,100,100131,100,99659,100,100148,100,99634,100,100154,100,99584,100,100163,100,99572,100
2019-06-28 09:40:40.000000000,99960,291,99899,191,100077,291,99885,191,100082,191,99877,191,100087,191,99849,191,100125,291,99713,191,100127,100,99659,100,100131,100,99634,100,100148,100,99584,100,100154,100,99572,100,100163,100,99167,100
2019-06-28 09:40:47.605255309,99960,191,99899,191,100077,291,99885,191,100082,191,99877,191,100087,191,99849,191,100125,291,99713,191,100127,100,99659,100,100131,100,99634,100,100148,100,99584,100,100154,100,99572,100,100163,100,99167,100
2019-06-28 09:40:50.000000000,99960,327,99899,327,100077,427,99885,327,100082,100,99877,100,100087,100,99849,100,100125,200,99713,100,100127,100,99659,100,100131,100,99634,100,100148,100,99584,100,100154,100,99572,100,100163,100,99167,100
2019-06-28 09:41:00.000000000,99960,191,99899,191,100077,291,99885,191,100082,191,99877,191,100087,191,99849,191,100125,291,99713,191,100127,100,99659,100,100131,100,99634,100,100148,100,99584,100,100154,100,99572,100,100163,100,99167,100
2019-06-28 09:41:10.000000000,99960,554,99899,554,100077,200,99885,100,100082,100,99877,100,100087,100,99849,100,100125,200,99713,100,100127,100,99659,100,100131,100,99634,100,100148,100,99584,100,100154,100,99572,100,100163,100,99167,100
2019-06-28 09:41:11.660966694,99960,554,99899,554,100077,200,99885,100,100082,100,99877,100,100087,100,99849,100,100125,200,99713,100,100127,100,99659,100,100131,100,99634,100,100148,100,99584,100,100154,100,99572,100,100163,100,99167,100
2019-06-28 09:41:15.940597805,99960,554,99899,454,100077,200,99885,100,100082,100,99877,100,100087,100,99849,100,100125,200,99713,100,100127,100,99659,100,100131,100,99634,100,100148,100,99584,100,100154,100,99572,100,100163,100,99167,100
2019-06-28 09:41:20.000000000,99960,254,99885,254,100077,350,99877,250,100082,250,99849,250,100087,100,99713,100,100125,200,99659,100,100127,100,99634,100,100131,100,99584,100,100148,100,99572,100,100154,100,99167,100,100163,100,99050,100
2019-06-28 09:41:30.000000000,99960,254,99885,254,100077,350,99877,250,100082,250,99849,250,100087,100,99713,100,100125,200,99659,100,100127,100,99634,100,100131,100,99584,100,100148,100,99572,100,100154,100,99167,100,100163,100,99050,100
2019-06-28 09:41:40.000000000,99960,191,99885,191,100077,291,99877,191,100082,191,99849,191,100087,191,99713,191,100125,291,99659,191,100127,100,99634,100,100131,100,99584,100,100148,100,99572,100,100154,100,99167,100,100163,100,99050,100
2019-06-28 09:41:50.000000000,99960,191,99885,191,100077,291,99877,191,100082,191,99849,191,100087,191,99713,191,100125,291,99659,191,100127,100,99634,100,100131,100,99584,100,100148,100,99572,100,100154,100,99167,100,100163,100,99050,100
2019-06-28 09:42:00.000000000,99960,554,99885,554,100077,200,99877,100,100082,100,99849,100,100087,100,99713,100,100125,200,99659,100,100127,100,99634,100,100131,100,99584,100,100148,100,99572,100,100154,100,99167,100,100163,100,99050,100
2019-06-28 09:42:10.000000000,99960,254,99885,254,100077,350,99877,250,100082,250,99849,250,100087,100,99713,100,100125,200,99659,100,100127,100,99634,100,100131,100,99584,100,100148,100,99572,100,100154,100,99167,100,100163,100,99050,100
2019-06-28 09:42:20.000000000,99960,254,99885,254,100077,350,99877,250,100082,250,99849,250,100087,100,99713,100,100125,200,99659,100,100127,100,99634,100,100131,100,99584,100,100148,100,99572,100,100154,100,99167,100,100163,100,99050,100
2019-06-28 09:42:28.877168784,99960,254,99885,254,100077,350,99877,250,100082,250,99849,250,100087,100,99713,100,100125,200,99659,100,100127,100,99634,100,100131,100,99584,100,100148,100,99572,100,100154,100,99167,100,100163,100,99050,100
2019-06-28 09:42:30.000000000,99960,254,99885,254,100077,350,99877,250,100082,250,99849,250,100087,100,99713,100,100125,200,99659,100,100127,100,99634,100,100131,100,99584,100,100148,100,99572,100,100154,100,99167,100,100163,100,99050,100
2019-06-28 09:42:30.772190778,99960,254,99885,254,100077,350,99877,250,100082,250,99849,250,100087,100,99713,100,100125,200,99659,100,100127,100,99634,100,100131,100,99584,100,100148,200,99167,100,100154,100,99050,100,100163,100,,
2019-06-28 09:42:40.000000000,99960,254,99885,254,100077,350,99877,250,100082,250,99849,250,100087,100,99713,100,100125,200,99659,100,100127,100,99634,100,100131,100,99584,100,100148,200,99167,100,100154,100,99050,100,100163,100,,
2019-06-28 09:42:41.958203299,99960,154,99885,254,100077,350,99877,250,100082,250,99849,250,100087,100,99713,100,100125,200,99659,100,100131,100,99634,100,100148,200,99584,100,100154,100,99167,100,100163,100,99050,100,100228,100,,
2019-06-28 09:42:50.000000000,100077,291,99885,191,100082,191,99877,191,100087,191,99849,191,100125,291,99713,191,100131,191,99659,191,100148,200,99634,100,100154,100,99584,100,100163,100,99167,100,100228,100,99050,100,100260,100,,
2019-06-28 09:43:00.000000000,100077,291,99885,191,100082,191,99877,191,100087,191,99849,191,100125,291,99713,191,100131,191,99659,191,100148,200,99634,100,100154,100,99584,100,100163,100,99167,100,100228,100,99050,100,100260,100,,
2019-06-28 09:43:00.130548867,100077,191,99885,191,100082,191,99877,191,100087,191,99849,191,100125,291,99713,191,100131,191,99659,191,100148,100,99634,100,100154,100,99584,100,100163,100,99167,100,100228,100,99050,100,100260,100,,
2019-06-28 09:43:10.000000000,100077,327,99885,327,100082,327,99877,327,100087,100,99849,100,100125,200,99713,100,100131,100,99659,100,100148,100,99634,100,100154,100,99584,100,100163,100,99167,100,100228,100,99050,100,100260,100,,
2019-06-28 09:43:20.000000000,100077,214,99885,214,100082,214,99877,214,100087,214,99849,214,100125,314,99713,214,100131,100,99659,100,100148,100,99634,100,100154,100,99584,100,100163,100,99167,100,100228,100,99050,100,100260,100,,
2019-06-28 09:43:27.336588361,100077,114,99885,214,100082,214,99877,214,100087,214,99849,214,100125,314,99713,214,100131,100,99659,100,100148,100,99634,100,100154,100,99584,100,100163,100,99167,100,100228,100,99050,100,100260,100,,
2019-06-28 09:43:29.809715720,100077,14,99885,214,100082,214,99877,214,100087,214,99849,214,100125,314,99713,214,100131,100,99659,100,100148,100,99634,100,100154,100,99584,100,100163,100,99050,100,100228,100,,,100260,100,,
2019-06-28 09:43:30.000000000,100082,214,99885,214,100087,214,99877,214,100125,314,99849,214,100131,214,99713,214,100148,100,99659,100,100154,100,99634,100,100163,100,99584,100,100228,100,99050,100,100260,100,,,100346,100,,
2019-06-28 09:43:34.726620689,100082,114,99885,214,100087,214,99877,214,100125,314,99849,214,100131,214,99713,214,100148,100,99659,100,100154,100,99634,100,100163,100,99584,100,100228,100,99050,100,100260,100,,,100346,100,,
2019-06-28 09:43:34.858564682,100082,14,99885,214,100087,214,99877,214,100125,314,99849,214,100131,214,99713,214,100148,100,99659,100,100154,100,99634,100,100163,100,99050,100,100228,100,,,100260,100,,,100346,100,,
2019-06-28 09:43:40.000000000,100087,254,99885,254,100125,350,99877,250,100131,250,99849,250,100148,100,99713,100,100154,100,99659,100,100163,100,99634,100,100228,100,99050,100,100260,100,,,100346,100,,,100371,100,,
2019-06-28 09:43:42.210981533,100087,254,99885,254,100125,350,99877,250,100131,250,99849,250,100148,100,99659,100,100154,100,99634,100,100163,100,99050,100,100228,100,,,100260,100,,,100346,100,,,100371,100,,
2019-06-28 09:43:42.786164338,100087,254,99885,254,100125,350,99877,250,100131,250,99849,250,100148,100,99659,100,100154,100,99634,100,100163,100,99050,100,100228,100,,,100260,100,,,100346,100,,,100371,100,,
2019-06-28 09:43:45.148529858,100087,154,99885,254,100125,350,99877,250,100131,250,99849,250,100148,100,99659,100,100154,100,99634,100,100163,100,99050,100,100228,100,,,100260,100,,,100346,100,,,100371,100,,
2019-06-28 09:43:49.790898299,100087,54,99885,254,100125,350,99877,250,100131,250,99849,250,100148,100,99659,100,100154,100,99634,100,100163,100,99050,100,100228,100,,,100260,100,,,100346,100,,,100371,100,,
2019-06-28 09:43:50.000000000,100125,427,99885,327,100131,327,99877,327,100148,100,99849,100,100154,100,99659,100,100163,100,99634,100,100228,100,99050,100,100260,100,,,100346,100,,,100371,100,,,100711,100,,
2019-06-28 09:43:55.133229092,100125,427,99885,327,100131,327,99877,327,100148,100,99849,100,100154,100,99659,100,100163,100,99634,100,100228,100,99050,100,100260,100,,,100346,100,,,100371,100,,,100622,100,,
2019-06-28 09:44:00.000000000,100125,354,99885,254,100131,250,99877,250,100148,250,99849,250,100154,100,99659,100,100163,100,99634,100,100228,100,99050,100,100260,100,,,100346,100,,,100371,100,,,100622,100,,
2019-06-28 09:44:08.591457312,100125,354,99885,254,100131,250,99877,250,100148,250,99849,250,100154,100,99659,100,100163,100,99634,100,100228,100,99050,100,100260,100,,,100346,100,,,100371,100,,,100622,100,,
2019-06-28 09:44:10.000000000,100125,314,99885,214,100131,214,99877,214,100148,214,99849,214,100154,214,99659,214,100163,100,99634,100,100228,100,99050,100,100260,100,,,100346,100,,,100371,100,,,100622,100,,
2019-06-28 09:44:15.895904937,100125,314,99885,214,100131,214,99877,214,100148,214,99849,214,100154,214,99659,214,100163,100,99634,100,100228,100,99050,100,100260,100,,,100346,100,,,100371,100,,,100622,100,,
2019-06-28 09:44:20.000000000,100125,354,99885,254,100131,250,99877,250,100148,250,99849,250,100154,100,99659,100,100163,100,99634,100,100228,100,99050,100,100260,100,,,100346,100,,,100371,100,,,100622,100,,
2019-06-28 09:44:30.000000000,100125,314,99885,214,100131,214,99877,214,100148,214,99849,214,100154,214,99659,214,100163,100,99634,100,100228,100,99050,100,100260,100,,,100346,100,,,100371,100,,,100622,100,,
2019-06-28 09:44:40.000000000,100125,654,99885,554,100131,100,99877,100,100148,100,99849,100,100154,100,99659,100,100163,100,99634,100,100228,100,99050,100,100260,100,,,100346,100,,,100371,100,,,100622,100,,
2019-06-28 09:44:40.131193757,100125,654,100087,100,100131,100,99885,554,100148,100,99877,100,100154,100,99849,100,100163,100,99659,100,100228,100,99634,100,100260,100,99050,100,100346,100,,,100371,100,,,100622,100,,
2019-06-28 09:44:50.000000000,100125,654,100087,554,100131,100,99885,100,100148,100,99877,100,100154,100,99849,100,100163,100,99659,100,100228,100,99634,100,100260,100,99050,100,100346,100,,,100371,100,,,100622,100,,
2019-06-28 09:44:54.863547879,100125,654,100087,554,100131,100,99885,100,100148,100,99877,100,100154,100,99659,100,100163,100,99634,100,100228,100,99050,100,100260,100,,,100346,100,,,100371,100,,,100621,100,,
2019-06-28 09:45:00.000000000,100125,427,100087,327,100131,327,99885,327,100148,100,99877,100,100154,100,99659,100,100163,100,99634,100,100228,100,99050,100,100260,100,,,100346,100,,,100371,100,,,100621,100,,
2019-06-28 09:45:10.000000000,100125,354,100087,254,100131,250,99885,250,100148,250,99877,250,100154,100,99659,100,100163,100,99634,100,100228,100,99050,100,100260,100,,,100346,100,,,100371,100,,,100621,100,,
2019-06-28 09:45:20.000000000,100125,354,100087,254,100131,250,99885,250,100148,250,99877,250,100154,100,99659,100,100163,100,99634,100,100228,100,99050,100,100260,100,,,100346,100,,,100371,100,,,100621,100,,
2019-06-28 09:45:30.000000000,100125,314,100087,214,100131,214,99885,214,100148,214,99877,214,100154,214,99659,214,100163,100,99634,100,100228,100,99050,100,100260,100,,,100346,100,,,100371,100,,,100621,100,,
2019-06-28 09:45:40.000000000,100125,291,100087,191,100131,191,99885,191,100148,191,99877,191,100154,191,99659,191,100163,191,99634,191,100228,100,99050,100,100260,100,,,100346,100,,,100371,100,,,100621,100,,
2019-06-28 09:45:50.000000000,100125,314,100087,214,100131,214,99885,214,100148,214,99877,214,100154,214,99659,214,100163,100,99634,100,100228,100,99050,100,100260,100,,,100346,100,,,100371,100,,,100621,100,,
2019-06-28 09:45:55.529557964,100125,314,100087,214,100131,214,99885,214,100148,214,99877,214,100154,214,99659,214,100163,100,99634,100,100228,100,99050,100,100260,100,,,100346,100,,,100371,100,,,100621,100,,
2019-06-28 09:45:57.427056503,100125,314,100087,214,100131,214,99885,214,100148,214,99877,214,100154,214,99659,214,100163,100,99634,100,100228,100,99050,100,100260,100,,,100346,100,,,100371,100,,,100622,100,,
2019-06-28 09:46:00.000000000,100125,654,100087,554,100131,100,99885,100,100148,100,99877,100,100154,100,99659,100,100163,100,99634,100,100228,100,99050,100,100260,100,,,100346,100,,,100371,100,,,100622,100,,
2019-06-28 09:46:10.000000000,100125,314,100087,214,100131,214,99885,214,100148,214,99877,214,100154,214,99659,214,100163,100,99634,100,100228,100,99050,100,100260,100,,,100346,100,,,100371,100,,,100622,100,,
2019-06-28 09:46:20.000000000,100125,654,100087,554,100131,100,99885,100,100148,100,99877,100,100154,100,99659,100,100163,100,99634,100,100228,100,99050,100,100260,100,,,100346,100,,,100371,100,,,100622,100,,
2019-06-28 09:46:30.000000000,100125,427,100087,327,100131,327,99885,327,100148,100,99877,100,100154,100,99659,100,100163,100,99634,100,100228,100,99050,100,100260,100,,,100346,100,,,100371,100,,,100622,100,,
2019-06-28 09:46:40.000000000,100125,291,100087,191,100131,191,99885,191,100148,191,99877,191,100154,191,99659,191,100163,191,99634,191,100228,100,99050,100,100260,100,,,100346,100,,,100371,100,,,100622,100,,
2019-06-28 09:46:41.968722735,100125,291,100087,291,100131,191,99885,191,100148,191,99877,191,100154,191,99659,191,100163,191,99634,191,100228,100,99050,100,100260,100,,,100346,100,,,100371,100,,,100622,100,,
2019-06-28 09:46:50.000000000,100125,354,100087,354,100131,250,99885,250,100148,250,99877,250,100154,100,99659,100,100163,100,99634,100,100228,100,99050,100,100260,100,,,100346,100,,,100371,100,,,100622,100,,
2019-06-28 09:47:00.000000000,100125,354,100087,354,100131,250,99885,250,100148,250,99877,250,100154,100,99659,100,100163,100,99634,100,100228,100,99050,100,100260,100,,,100346,100,,,100371,100,,,100622,100,,
2019-06-28 09:47:10.000000000,100125,427,100087,427,100131,327,99885,327,100148,100,99877,100,100154,100,99659,100,100163,100,99634,100,100228,100,99050,100,100260,100,,,100346,100,,,100371,100,,,100622,100,,
2019-06-28 09:47:20.000000000,100125,427,100087,427,100131,327,99885,327,100148,100,99877,100,100154,100,99659,100,100163,100,99634,100,100228,100,99050,100,100260,100,,,100346,100,,,100371,100,,,100622,100,,
2019-06-28 09:47:27.078837548,100125,427,100087,427,100131,327,99885,327,100148,100,99877,100,100154,100,99659,100,100163,100,99634,100,100228,100,99050,100,100260,100,,,100346,100,,,100371,100,,,100506,100,,
2019-06-28 09:47:30.000000000,100125,654,100087,654,100131,100,99885,100,100148,100,99877,100,100154,100,99659,100,100163,100,99634,100,100228,100,99050,100,100260,100,,,100346,100,,,100371,100,,,100506,100,,
2019-06-28 09:47:40.000000000,100125,291,100087,291,100131,191,99885,191,100148,191,99877,191,100154,191,99659,191,100163,191,99634,191,100228,100,99050,100,100260,100,,,100346,100,,,100371,100,,,100506,100,,
2019-06-28 09:47:50.000000000,100125,654,100087,654,100131,100,99885,100,100148,100,99877,100,100154,100,99659,100,100163,100,99634,100,100228,100,99050,100,100260,100,,,100346,100,,,100371,100,,,100506,100,,
2019-06-28 09:48:00.000000000,100125,314,100087,314,100131,214,99885,214,100148,214,99877,214,100154,214,99659,214,100163,100,99634,100,100228,100,99050,100,100260,100,,,100346,100,,,100371,100,,,100506,100,,
2019-06-28 09:48:10.000000000,100125,427,100087,427,100131,327,99885,327,100148,100,99877,100,100154,100,99659,100,100163,100,99634,100,100228,100,99050,100,100260,100,,,100346,100,,,100371,100,,,100506,100,,
2019-06-28 09:48:13.758892024,100125,427,100087,427,100131,227,99885,327,100148,100,99877,100,100154,100,99659,100,100163,100,99634,100,100228,100,99050,100,100260,100,,,100346,100,,,100371,100,,,100506,100,,
2019-06-28 09:48:14.534938127,100125,327,100087,427,100131,227,99885,227,100148,100,99877,100,100154,100,99659,100,100163,100,99634,100,100228,100,99050,100,100260,100,,,100346,100,,,100371,100,,,100506,100,,
2019-06-28 09:48:20.000000000,100125,254,100087,354,100148,250,99877,250,100154,250,99659,250,100163,100,99634,100,100228,100,99050,100,100260,100,,,100346,100,,,100371,100,,,100506,100,,,100622,100,,
2019-06-28 09:48:20.928023035,100125,154,100087,354,100148,250,99877,250,100154,250,99659,250,100163,100,99634,100,100228,100,99050,100,100260,100,,,100346,100,,,100371,100,,,100506,100,,,100622,100,,
2019-06-28 09:48:30.000000000,100148,191,100087,291,100154,191,99877,191,100163,191,99659,191,100228,191,99634,191,100260,191,99050,191,100346,100,,,100371,100,,,100506,100,,,100622,100,,,100711,100,,
2019-06-28 09:48:37.335763562,100148,91,100087,291,100154,191,99877,191,100163,191,99659,191,100228,191,99634,191,100260,191,99050,191,100346,100,,,100371,100,,,100506,100,,,100622,100,,,100711,100,,
2019-06-28 09:48:37.389061526,100154,191,100148,9,100163,191,100087,291,100228,191,99877,191,100260,191,99659,191,100346,100,99634,191,100506,100,99050,191,100622,100,,,100711,100,,,100769,100,,,100805,100,,
2019-06-28 09:48:40.000000000,100154,554,100148,463,100163,100,100087,200,100228,100,99877,100,100260,100,99659,100,100346,100,99634,100,100506,100,99050,100,100622,100,,,100711,100,,,100769,100,,,100805,100,,
2019-06-28 09:48:40.308451884,100154,554,100148,463,100163,100,100087,200,100228,100,99877,100,100260,100,99659,100,100346,100,99634,100,100506,100,,,100622,100,,,100711,100,,,100769,100,,,100805,100,,
2019-06-28 09:48:50.000000000,100154,214,100148,123,100163,214,100087,314,100228,214,99877,214,100260,214,99659,214,100346,100,99634,100,100506,100,,,100622,100,,,100711,100,,,100769,100,,,100805,100,,
2019-06-28 09:49:00.000000000,100154,254,100148,163,100163,250,100087,350,100228,250,99877,250,100260,100,99659,100,100346,100,99634,100,100506,100,,,100622,100,,,100711,100,,,100769,100,,,100805,100,,
2019-06-28 09:49:10.000000000,100154,254,100148,163,100163,250,100087,350,100228,250,99877,250,100260,100,99659,100,100346,100,99634,100,100506,100,,,100622,100,,,100711,100,,,100769,100,,,100805,100,,
2019-06-28 09:49:13.043862858,100154,254,100148,163,100163,250,100125,100,100228,250,100087,350,100260,100,99877,250,100346,100,99659,100,100506,100,99634,100,100622,100,,,100711,100,,,100769,100,,,100805,100,,
2019-06-28 09:49:20.000000000,100154,214,100148,123,100163,214,100125,214,100228,214,100087,314,100260,214,99877,214,100346,100,99659,100,100506,100,99634,100,100622,100,,,100711,100,,,100769,100,,,100805,100,,
2019-06-28 09:49:30.000000000,100154,327,100148,236,100163,327,100125,327,100228,100,100087,200,100260,100,99877,100,100346,100,99659,100,100506,100,99634,100,100622,100,,,100711,100,,,100769,100,,,100805,100,,
2019-06-28 09:49:40.000000000,100154,554,100148,463,100163,100,100125,100,100228,100,100087,200,100260,100,99877,100,100346,100,99659,100,100506,100,99634,100,100622,100,,,100711,100,,,100769,100,,,100805,100,,
2019-06-28 09:49:46.036510815,100154,454,100148,463,100163,100,100125,100,100228,100,100087,200,100260,100,99877,100,100346,100,99659,100,100506,100,99634,100,100622,100,,,100711,100,,,100769,100,,,100805,100,,
2019-06-28 09:49:50.000000000,100163,214,100148,123,100228,214,100125,214,100260,214,100087,314,100346,214,99877,214,100506,100,99659,100,100622,100,99634,100,100711,100,,,100769,100,,,100805,100,,,100808,100,,
2019-06-28 09:50:00.000000000,100163,254,100148,163,100228,250,100125,250,100260,250,100087,350,100346,100,99877,100,100506,100,99659,100,100622,100,99634,100,100711,100,,,100769,100,,,100805,100,,,100808,100,,
2019-06-28 09:50:10.000000000,100163,191,100148,100,100228,191,100125,191,100260,191,100087,291,100346,191,99877,191,100506,191,99659,191,100622,100,99634,100,100711,100,,,100769,100,,,100805,100,,,100808,100,,
2019-06-28 09:50:20.000000000,100163,214,100148,123,100228,214,100125,214,100260,214,100087,314,100346,214,99877,214,100506,100,99659,100,100622,100,99634,100,100711,100,,,100769,100,,,100805,100,,,100808,100,,
2019-06-28 09:50:30.000000000,100163,214,100148,123,100228,214,100125,214,100260,214,100087,314,100346,214,99877,214,100506,100,99659,100,100622,100,99634,100,100711,100,,,100769,100,,,100805,100,,,100808,100,,
2019-06-28 09:50:39.512774255,100163,214,100149,100,100228,214,100148,123,100260,214,100125,214,100346,214,100087,314,100506,100,99877,214,100622,100,99659,100,100711,100,99634,100,100769,100,,,100805,100,,,100808,100,,
2019-06-28 09:50:40.000000000,100163,327,100149,327,100228,327,100148,236,100260,100,100125,100,100346,100,100087,200,100506,100,99877,100,100622,100,99659,100,100711,100,99634,100,100769,100,,,100805,100,,,100808,100,,
2019-06-28 09:50:42.617246593,100163,327,100149,427,100228,327,100148,236,100260,100,100125,100,100346,100,100087,100,100506,100,99877,100,100622,100,99659,100,100711,100,99634,100,100769,100,,,100805,100,,,100808,100,,
2019-06-28 09:50:50.000000000,100163,554,100149,654,100228,100,100148,9,100260,100,100125,100,100346,100,100087,100,100506,100,99877,100,100622,100,99659,100,100711,100,99634,100,100769,100,,,100805,100,,,100808,100,,
2019-06-28 09:50:55.895135338,100163,554,100149,754,100228,100,100148,9,100260,100,100125,100,100346,100,100087,100,100506,100,99877,100,100622,100,99659,100,100711,100,99634,100,100769,100,,,100805,100,,,100808,100,,
2019-06-28 09:51:00.000000000,100163,327,100149,527,100228,327,100148,236,100260,100,100125,100,100346,100,100087,100,100506,100,99877,100,100622,100,99659,100,100711,100,99634,100,100769,100,,,100805,100,,,100808,100,,
2019-06-28 09:51:10.000000000,100163,254,100149,454,100228,250,100148,159,100260,250,100125,250,100346,100,100087,100,100506,100,99877,100,100622,100,99659,100,100711,100,99634,100,100769,100,,,100805,100,,,100808,100,,
2019-06-28 09:51:20.000000000,100163,554,100149,754,100228,100,100148,9,100260,100,100125,100,100346,100,100087,100,100506,100,99877,100,100622,100,99659,100,100711,100,99634,100,100769,100,,,100805,100,,,100808,100,,
2019-06-28 09:51:30.000000000,100163,214,100149,414,100228,214,100148,123,100260,214,100125,214,100346,214,100087,214,100506,100,99877,100,100622,100,99659,100,100711,100,99634,100,100769,100,,,100805,100,,,100808,100,,
2019-06-28 09:51:40.000000000,100163,191,100149,391,100228,191,100148,100,100260,191,100125,191,100346,191,100087,191,100506,191,99877,191,100622,100,99659,100,100711,100,99634,100,100769,100,,,100805,100,,,100808,100,,
2019-06-28 09:51:50.000000000,100163,327,100149,527,100228,327,100148,236,100260,100,100125,100,100346,100,100087,100,100506,100,99877,100,100622,100,99659,100,100711,100,99634,100,100769,100,,,100805,100,,,100808,100,,
2019-06-28 09:51:57.462826936,100163,227,100149,527,100228,327,100148,236,100260,100,100125,100,100346,100,100087,100,100506,100,99877,100,100622,100,99659,100,100711,100,99634,100,100769,100,,,100805,100,,,100808,100,,
2019-06-28 09:52:00.000000000,100228,214,100149,414,100260,214,100148,123,100346,214,100125,214,100506,214,100087,214,100622,100,99877,100,100711,100,99659,100,100769,100,99634,100,100805,100,,,100808,100,,,100879,100,,
2019-06-28 09:52:01.587764506,100228,214,100149,414,100260,214,100148,123,100346,214,100125,214,100506,214,100087,214,100622,100,99877,100,100711,100,99659,100,100769,100,99634,100,100805,100,,,100808,100,,,100879,100,,
2019-06-28 09:52:10.000000000,100228,327,100149,527,100260,327,100148,236,100346,100,100125,100,100506,100,100087,100,100622,100,99877,100,100711,100,99659,100,100769,100,99634,100,100805,100,,,100808,100,,,100879,100,,
2019-06-28 09:52:19.229702789,100228,327,100149,527,100260,327,100148,236,100346,100,100125,100,100506,100,100087,100,100622,100,99877,100,100711,100,99659,100,100769,100,99634,100,100805,100,,,100808,100,,,100879,100,,
2019-06-28 09:52:20.000000000,100228,254,100149,454,100260,250,100148,159,100346,250,100125,250,100506,100,100087,100,100622,100,99877,100,100711,100,99659,100,100769,100,99634,100,100805,100,,,100808,100,,,100879,100,,
2019-06-28 09:52:30.000000000,100228,214,100149,414,100260,214,100148,123,100346,214,100125,214,100506,214,100087,214,100622,100,99877,100,100711,100,99659,100,100769,100,99634,100,100805,100,,,100808,100,,,100879,100,,
2019-06-28 09:52:36.713647221,100228,114,100149,414,100260,214,100148,123,100346,214,100125,214,100506,214,100087,214,100622,100,99877,100,100711,100,99659,100,100769,100,99634,100,100805,100,,,100808,100,,,100879,100,,
2019-06-28 09:52:39.366153126,100228,114,100149,414,100260,214,100148,123,100346,214,100125,214,100506,214,100087,214,100622,100,99877,100,100711,100,99659,100,100769,100,99634,100,100805,100,,,100808,100,,,100879,100,,
2019-06-28 09:52:40.000000000,100260,214,100149,414,100346,214,100148,123,100506,214,100125,214,100622,214,100087,214,100711,100,99877,100,100769,100,99659,100,100805,100,99634,100,100808,100,,,100879,100,,,100897,100,,
2019-06-28 09:52:49.839273485,100260,114,100149,414,100346,214,100148,123,100506,214,100125,214,100622,214,100087,214,100711,100,99877,100,100805,100,99659,100,100808,100,99634,100,100879,100,,,100897,100,,,101059,100,,
2019-06-28 09:52:50.000000000,100346,554,100149,754,100506,100,100148,9,100622,100,100125,100,100711,100,100087,100,100805,100,99877,100,100808,100,99659,100,100879,100,99634,100,100897,100,,,101059,100,,,101116,100,,
2019-06-28 09:53:00.000000000,100346,554,100149,754,100506,100,100148,9,100622,100,100125,100,100711,100,100087,100,100805,100,99877,100,100808,100,99659,100,100879,100,99634,100,100897,100,,,101059,100,,,101116,100,,
2019-06-28 09:53:10.000000000,100346,327,100149,527,100506,327,100148,236,100622,100,100125,100,100711,100,100087,100,100805,100,99877,100,100808,100,99659,100,100879,100,99634,100,100897,100,,,101059,100,,,101116,100,,
2019-06-28 09:53:20.000000000,100346,254,100149,454,100506,250,100148,159,100622,250,100125,250,100711,100,100087,100,100805,100,99877,100,100808,100,99659,100,100879,100,99634,100,100897,100,,,101059,100,,,101116,100,,
2019-06-28 09:53:25.269481093,100346,254,100228,100,100506,250,100149,454,100622,250,100148,159,100711,100,100125,250,100805,100,100087,100,100808,100,99877,100,100879,100,99659,100,100897,100,99634,100,101059,100,,,101116,100,,
2019-06-28 09:53:30.000000000,100346,327,100228,327,100506,327,100149,527,100622,100,100148,9,100711,100,100125,100,100805,100,100087,100,100808,100,99877,100,100879,100,99659,100,100897,100,99634,100,101059,100,,,101116,100,,
2019-06-28 09:53:32.087911705,100346,327,100228,327,100506,327,100149,527,100622,100,100148,9,100711,100,100125,100,100805,100,100087,100,100808,100,99877,100,100879,100,99659,100,100897,100,,,101059,100,,,101091,100,,
2019-06-28 09:53:40.000000000,100346,554,100228,554,100506,100,100149,300,100622,100,100148,9,100711,100,100125,100,100805,100,100087,100,100808,100,99877,100,100879,100,99659,100,100897,100,,,101059,100,,,101091,100,,
2019-06-28 09:53:50.000000000,100346,254,100228,254,100506,250,100149,450,100622,250,100148,159,100711,100,100125,100,100805,100,100087,100,100808,100,99877,100,100879,100,99659,100,100897,100,,,101059,100,,,101091,100,,
2019-06-28 09:53:53.155845341,100346,254,100228,354,100506,250,100149,450,100622,250,100148,159,100711,100,100125,100,100805,100,99877,100,100808,100,99659,100,100879,100,,,100897,100,,,101059,100,,,101091,100,,
2019-06-28 09:54:00.000000000,100346,191,100228,291,100506,191,100149,391,100622,191,100148,100,100711,191,100125,191,100805,191,99877,191,100808,100,99659,100,100879,100,,,100897,100,,,101059,100,,,101091,100,,
2019-06-28 09:54:07.105291741,100346,191,100332,100,100506,91,100228,291,100622,191,100149,391,100711,191,100148,100,100805,191,100125,191,100808,100,99877,191,100879,100,99659,100,100897,100,,,101059,100,,,101091,100,,
2019-06-28 09:54:10.000000000,100346,191,100332,191,100622,191,100228,291,100711,191,100149,391,100805,191,100148,100,100808,191,100125,191,100879,100,99877,100,100897,100,99659,100,101059,100,,,101091,100,,,101116,100,,
2019-06-28 09:54:16.115081997,100346,191,100332,191,100372,100,100228,291,100622,191,100149,391,100711,191,100148,100,100805,191,100125,191,100808,191,99877,100,100879,100,99659,100,100897,100,,,101059,100,,,101091,100,,
2019-06-28 09:54:20.000000000,100346,327,100332,327,100372,327,100228,427,100622,100,100149,300,100711,100,100148,9,100805,100,100125,100,100808,100,99877,100,100879,100,99659,100,100897,100,,,101059,100,,,101091,100,,
2019-06-28 09:54:30.000000000,100346,327,100332,327,100372,327,100228,427,100622,100,100149,300,100711,100,100148,9,100805,100,100125,100,100808,100,99877,100,100879,100,99659,100,100897,100,,,101059,100,,,101091,100,,
2019-06-28 09:54:36.161002066,100346,327,100332,327,100372,327,100257,100,100622,100,100228,427,100711,100,100149,300,100805,100,100148,9,100808,100,100125,100,100879,100,99877,100,100897,100,99659,100,101059,100,,,101091,100,,
2019-06-28 09:54:40.000000000,100346,214,100332,214,100372,214,100257,214,100622,214,100228,314,100711,214,100149,414,100805,100,100148,9,100808,100,100125,100,100879,100,99877,100,100897,100,99659,100,101059,100,,,101091,100,,
2019-06-28 09:54:50.000000000,100346,327,100332,327,100372,327,100257,327,100622,100,100228,200,100711,100,100149,300,100805,100,100148,9,100808,100,100125,100,100879,100,99877,100,100897,100,99659,100,101059,100,,,101091,100,,
2019-06-28 09:55:00.000000000,100346,191,100332,191,100372,191,100257,191,100622,191,100228,291,100711,191,100149,391,100805,191,100148,100,100808,100,100125,100,100879,100,99877,100,100897,100,99659,100,101059,100,,,101091,100,,
2019-06-28 09:55:03.707742371,100346,191,100332,191,100372,191,100257,191,100468,100,100228,291,100622,191,100149,391,100711,191,100148,100,100805,191,100125,100,100808,100,99877,100,100879,100,99659,100,100897,100,,,101059,100,,
2019-06-28 09:55:07.024589008,100346,191,100332,191,100372,191,100257,191,100468,100,100228,291,100622,191,100149,391,100680,100,100148,100,100711,191,100125,100,100805,191,99877,100,100808,100,99659,100,100879,100,,,100897,100,,
2019-06-28 09:55:10.000000000,100346,554,100332,554,100372,100,100257,100,100468,100,100228,200,100622,100,100149,300,100680,100,100148,9,100711,100,100125,100,100805,100,99877,100,100808,100,99659,100,100879,100,,,100897,100,,
2019-06-28 09:55:20.000000000,100346,254,100332,254,100372,250,100257,250,100468,250,100228,350,100622,100,100149,300,100680,100,100148,9,100711,100,100125,100,100805,100,99877,100,100808,100,99659,100,100879,100,,,100897,100,,
2019-06-28 09:55:20.992696983,100346,254,100332,254,100372,150,100257,250,100425,100,100228,350,100468,250,100149,300,100622,100,100148,9,100680,100,100125,100,100711,100,99877,100,100805,100,99659,100,100808,100,,,100879,100,,
2019-06-28 09:55:30.000000000,100346,191,100332,191,100425,191,100257,191,100468,191,100228,291,100622,191,100149,391,100680,191,100148,100,100711,100,100125,100,100805,100,99877,100,100808,100,99659,100,100879,100,,,100897,100,,
2019-06-28 09:55:40.000000000,100346,554,100332,554,100425,100,100257,100,100468,100,100228,200,100622,100,100149,300,100680,100,100148,9,100711,100,100125,100,100805,100,99877,100,100808,100,99659,100,100879,100,,,100897,100,,
2019-06-28 09:55:50.000000000,100346,214,100332,214,100425,214,100257,214,100468,214,100228,314,100622,214,100149,414,100680,100,100148,9,100711,100,100125,100,100805,100,99877,100,100808,100,99659,100,100879,100,,,100897,100,,
2019-06-28 09:56:00.000000000,100346,214,100332,214,100425,214,100257,214,100468,214,100228,314,100622,214,100149,414,100680,100,100148,9,100711,100,100125,100,100805,100,99877,100,100808,100,99659,100,100879,100,,,100897,100,,
2019-06-28 09:56:10.000000000,100346,254,100332,254,100425,250,100257,250,100468,250,100228,350,100622,100,100149,300,100680,100,100148,9,100711,100,100125,100,100805,100,99877,100,100808,100,99659,100,100879,100,,,100897,100,,
2019-06-28 09:56:20.000000000,100346,254,100332,254,100425,250,100257,250,100468,250,100228,350,100622,100,100149,300,100680,100,100148,9,100711,100,100125,100,100805,100,99877,100,100808,100,99659,100,100879,100,,,100897,100,,
2019-06-28 09:56:30.000000000,100346,214,100332,214,100425,214,100257,214,100468,214,100228,314,100622,214,100149,414,100680,100,100148,9,100711,100,100125,100,100805,100,99877,100,100808,100,99659,100,100879,100,,,100897,100,,
2019-06-28 09:56:36.796180858,100346,214,100332,214,100425,214,100257,214,100468,214,100228,414,100622,214,100149,414,100680,100,100148,9,100711,100,100125,100,100805,100,99877,100,100808,100,99659,100,100879,100,,,100897,100,,
2019-06-28 09:56:39.355459500,100346,214,100332,214,100425,214,100257,214,100468,114,100228,414,100622,214,100149,414,100674,100,100148,9,100680,100,100125,100,100711,100,99877,100,100805,100,99659,100,100808,100,,,100879,100,,
2019-06-28 09:56:40.000000000,100346,214,100332,214,100425,214,100257,214,100622,214,100228,414,100674,214,100149,414,100680,100,100148,9,100711,100,100125,100,100805,100,99877,100,100808,100,99659,100,100879,100,,,100897,100,,
2019-06-28 09:56:50.000000000,100346,214,100332,214,100425,214,100257,214,100622,214,100228,414,100674,214,100149,414,100680,100,100148,9,100711,100,100125,100,100805,100,99877,100,100808,100,99659,100,100879,100,,,100897,100,,
2019-06-28 09:57:00.000000000,100346,554,100332,554,100425,100,100257,100,100622,100,100228,300,100674,100,100149,300,100680,100,100148,9,100711,100,100125,100,100805,100,99877,100,100808,100,99659,100,100879,100,,,100897,100,,
2019-06-28 09:57:10.000000000,100346,254,100332,254,100425,250,100257,250,100622,250,100228,450,100674,100,100149,300,100680,100,100148,9,100711,100,100125,100,100805,100,99877,100,100808,100,99659,100,100879,100,,,100897,100,,
2019-06-28 09:57:16.939451427,100346,254,100332,254,100425,250,100257,250,100622,250,100228,450,100674,100,100149,300,100680,100,100148,9,100711,100,100125,100,100805,100,100028,100,100808,100,99877,100,100879,100,99659,100,100897,100,,
2019-06-28 09:57:20.000000000,100346,554,100332,554,100425,100,100257,100,100622,100,100228,300,100674,100,100149,300,100680,100,100148,9,100711,100,100125,100,100805,100,100028,100,100808,100,99877,100,100879,100,99659,100,100897,100,,
2019-06-28 09:57:30.000000000,100346,254,100332,254,100425,250,100257,250,100622,250,100228,450,100674,100,100149,300,100680,100,100148,9,100711,100,100125,100,100805,100,100028,100,100808,100,99877,100,100879,100,99659,100,100897,100,,
2019-06-28 09:57:40.000000000,100346,214,100332,214,100425,214,100257,214,100622,214,100228,414,100674,214,100149,414,100680,100,100148,9,100711,100,100125,100,100805,100,100028,100,100808,100,99877,100,100879,100,99659,100,100897,100,,
2019-06-28 09:57:50.000000000,100346,254,100332,254,100425,250,100257,250,100622,250,100228,450,100674,100,100149,300,100680,100,100148,9,100711,100,100125,100,100805,100,100028,100,100808,100,99877,100,100879,100,99659,100,100897,100,,
2019-06-28 09:57:52.994052834,100346,254,100332,154,100425,250,100257,250,100622,250,100228,450,100674,100,100149,300,100680,100,100148,9,100711,100,100125,100,100805,100,100028,100,100808,100,99965,100,100879,100,99877,100,100897,100,99659,100
2019-06-28 09:57:55.915225137,100346,254,100332,154,100425,250,100257,250,100622,250,100228,450,100674,100,100149,300,100680,100,100148,9,100711,100,100125,100,100805,100,100068,100,100808,100,100028,100,100879,100,99965,100,100897,100,99877,100
2019-06-28 09:58:00.000000000,100346,554,100257,554,100425,100,100228,300,100622,100,100149,300,100674,100,100148,9,100680,100,100125,100,100711,100,100068,100,100805,100,100028,100,100808,100,99965,100,100879,100,99877,100,100897,100,99659,100
2019-06-28 09:58:10.000000000,100346,191,100257,191,100425,191,100228,391,100622,191,100149,391,100674,191,100148,100,100680,191,100125,191,100711,100,100068,100,100805,100,100028,100,100808,100,99965,100,100879,100,99877,100,100897,100,99659,100
2019-06-28 09:58:14.656448871,100290,100,100257,191,100346,191,100228,391,100425,191,100149,391,100622,191,100148,100,100674,191,100125,191,100680,191,100068,100,100711,100,100028,100,100805,100,99965,100,100808,100,99877,100,100879,100,99659,100
2019-06-28 09:58:20.000000000,100290,214,100257,214,100346,214,100228,414,100425,214,100149,414,100622,214,100148,123,100674,100,100125,100,100680,100,100068,100,100711,100,100028,100,100805,100,99965,100,100808,100,99877,100,100879,100,99659,100
2019-06-28 09:58:30.000000000,100290,254,100257,254,100346,250,100228,450,100425,250,100149,450,100622,100,100148,9,100674,100,100125,100,100680,100,100068,100,100711,100,100028,100,100805,100,99965,100,100808,100,99877,100,100879,100,99659,100
2019-06-28 09:58:40.000000000,100290,554,100257,554,100346,100,100228,300,100425,100,100149,300,100622,100,100148,9,100674,100,100125,100,100680,100,100068,100,100711,100,100028,100,100805,100,99965,100,100808,100,99877,100,100879,100,99659,100
2019-06-28 09:58:43.217277996,100290,554,100257,554,100346,100,100228,300,100421,100,100149,300,100425,100,100148,9,100622,100,100125,100,100674,100,100068,100,100680,100,100028,100,100711,100,99965,100,100805,100,99877,100,100808,100,99659,100
2019-06-28 09:58:50.000000000,100290,327,100257,327,100346,327,100228,527,100421,100,100149,300,100425,100,100148,9,100622,100,100125,100,100674,100,100068,100,100680,100,100028,100,100711,100,99965,100,100805,100,99877,100,100808,100,99659,100
2019-06-28 09:58:51.684834515,100290,327,100257,327,100346,327,100228,527,100421,100,100149,300,100425,100,100148,9,100494,100,100125,100,100622,100,100068,100,100674,100,100028,100,100680,100,99965,100,100711,100,99877,100,100805,100,99659,100
2019-06-28 09:59:00.000000000,100290,191,100257,191,100346,191,100228,391,100421,191,100149,391,100425,191,100148,100,100494,191,100125,191,100622,100,100068,100,100674,100,100028,100,100680,100,99965,100,100711,100,99877,100,100805,100,99659,100
2019-06-28 09:59:10.000000000,100290,254,100257,254,100346,250,100228,450,100421,250,100149,450,100425,100,100148,9,100494,100,100125,100,100622,100,100068,100,100674,100,100028,100,100680,100,99965,100,100711,100,99877,100,100805,100,99659,100
2019-06-28 09:59:15.883873313,100290,254,100257,254,100346,250,100228,450,100421,250,100196,100,100425,100,100149,450,100494,100,100148,9,100622,100,100125,100,100674,100,100068,100,100680,100,100028,100,100711,100,99965,100,100805,100,99877,100
2019-06-28 09:59:20.000000000,100290,191,100257,191,100346,191,100228,391,100421,191,100196,191,100425,191,100149,391,100494,191,100148,100,100622,100,100125,100,100674,100,100068,100,100680,100,100028,100,100711,100,99965,100,100805,100,99877,100
2019-06-28 09:59:22.110542594,100262,100,100257,191,100290,191,100228,391,100346,191,100196,191,100421,191,100149,391,100425,191,100148,100,100494,191,100125,100,100622,100,100068,100,100674,100,100028,100,100680,100,99965,100,100805,100,99877,100
2019-06-28 09:59:30.000000000,100262,327,100257,327,100290,327,100228,527,100346,100,100196,100,100421,100,100149,300,100425,100,100148,9,100494,100,100125,100,100622,100,100068,100,100674,100,100028,100,100680,100,99965,100,100805,100,99877,100
2019-06-28 09:59:31.485895961,100262,327,100257,327,100290,327,100228,527,100346,100,100204,100,100421,100,100196,100,100425,100,100149,300,100494,100,100148,9,100622,100,100125,100,100674,100,100068,100,100680,100,100028,100,100805,100,99965,100
2019-06-28 09:59:40.000000000,100262,554,100257,554,100290,100,100228,300,100346,100,100204,100,100421,100,100196,100,100425,100,100149,300,100494,100,100148,9,100622,100,100125,100,100674,100,100068,100,100680,100,100028,100,100805,100,99965,100
2019-06-28 09:59:50.000000000,100262,554,100257,554,100290,100,100228,300,100346,100,100204,100,100421,100,100196,100,100425,100,100149,300,100494,100,100148,9,100622,100,100125,100,100674,100,100068,100,100680,100,100028,100,100805,100,99965,100
2019-06-28 09:59:59.616079908,100262,454,100257,554,100290,100,100228,300,100346,100,100204,100,100421,100,100149,300,100425,100,100148,9,100494,100,100125,100,100622,100,100068,100,100674,100,100028,100,100680,100,99965,100,100805,100,99877,100
2019-06-28 10:00:00.000000000,100290,254,100257,254,100346,250,100228,450,100421,250,100204,250,100425,100,100149,300,100494,100,100148,9,100622,100,100125,100,100674,100,100068,100,100680,100,100028,100,100805,100,99965,100,100808,100,99877,100
2019-06-28 10:00:05.166352005,100290,254,100257,254,100332,100,100228,350,100346,250,100204,250,100421,250,100149,300,100425,100,100148,9,100494,100,100125,100,100622,100,100068,100,100674,100,100028,100,100680,100,99965,100,100805,100,99877,100
2019-06-28 10:00:10.000000000,100290,554,100257,554,100332,100,100228,200,100346,100,100204,100,100421,100,100149,300,100425,100,100148,9,100494,100,100125,100,100622,100,100068,100,100674,100,100028,100,100680,100,99965,100,100805,100,99877,100
2019-06-28 10:00:12.771573971,100290,554,100257,554,100346,100,100228,200,100421,100,100204,100,100425,100,100149,300,100494,100,100148,9,100622,100,100125,100,100674,100,100068,100,100680,100,100028,100,100805,100,99965,100,100808,100,99877,100
2019-06-28 10:00:20.000000000,100290,214,100257,214,100346,214,100228,314,100421,214,100204,214,100425,214,100149,414,100494,100,100148,9,100622,100,100125,100,100674,100,100068,100,100680,100,100028,100,100805,100,99965,100,100808,100,99877,100
2019-06-28 10:00:30.000000000,100290,254,100257,254,100346,250,100228,350,100421,250,100204,250,100425,100,100149,300,100494,100,100148,9,100622,100,100125,100,100674,100,100068,100,100680,100,100028,100,100805,100,99965,100,100808,100,99877,100
2019-06-28 10:00:40.000000000,100290,327,100257,327,100346,327,100228,427,100421,100,100204,100,100425,100,100149,300,100494,100,100148,9,100622,100,100125,100,100674,100,100068,100,100680,100,100028,100,100805,100,99965,100,100808,100,99877,100
2019-06-28 10:00:50.000000000,100290,191,100257,191,100346,191,100228,291,100421,191,100204,191,100425,191,100149,391,100494,191,100148,100,100622,100,100125,100,100674,100,100068,100,100680,100,100028,100,100805,100,99965,100,100808,100,99877,100
2019-06-28 10:01:00.000000000,100290,327,100257,327,100346,327,100228,427,100421,100,100204,100,100425,100,100149,300,100494,100,100148,9,100622,100,100125,100,100674,100,100068,100,100680,100,100028,100,100805,100,99965,100,100808,100,99877,100
2019-06-28 10:01:07.859055439,100290,327,100262,100,100346,327,100257,327,100421,100,100228,427,100425,100,100204,100,100494,100,100149,300,100622,100,100148,9,100674,100,100125,100,100680,100,100068,100,100805,100,100028,100,100808,100,99965,100
2019-06-28 10:01:10.000000000,100290,254,100262,254,100346,250,100257,250,100421,250,100228,350,100425,100,100204,100,100494,100,100149,300,100622,100,100148,9,100674,100,100125,100,100680,100,100068,100,100805,100,100028,100,100808,100,99965,100
2019-06-28 10:01:20.000000000,100290,191,100262,191,100346,191,100257,191,100421,191,100228,291,100425,191,100204,191,100494,191,100149,391,100622,100,100148,9,100674,100,100125,100,100680,100,100068,100,100805,100,100028,100,100808,100,99965,100
2019-06-28 10:01:30.000000000,100290,191,100262,191,100346,191,100257,191,100421,191,100228,291,100425,191,100204,191,100494,191,100149,391,100622,100,100148,9,100674,100,100125,100,100680,100,100068,100,100805,100,100028,100,100808,100,99965,100
2019-06-28 10:01:40.000000000,100290,327,100262,327,100346,327,100257,327,100421,100,100228,200,100425,100,100204,100,100494,100,100149,300,100622,100,100148,9,100674,100,100125,100,100680,100,100068,100,100805,100,100028,100,100808,100,99965,100
2019-06-28 10:01:48.283490847,100290,327,100262,227,100346,327,100257,327,100421,100,100228,200,100425,100,100204,100,100494,100,100149,300,100622,100,100148,9,100674,100,100125,100,100680,100,100068,100,100805,100,100028,100,100808,100,99965,100
2019-06-28 10:01:50.000000000,100290,191,100257,191,100346,191,100228,291,100421,191,100204,191,100425,191,100149,391,100494,191,100148,100,100622,100,100125,100,100674,100,100068,100,100680,100,100028,100,100805,100,99965,100,100808,100,99877,100
2019-06-28 10:02:00.000000000,100290,327,100257,327,100346,327,100228,427,100421,100,100204,100,100425,100,100149,300,100494,100,100148,9,100622,100,100125,100,100674,100,100068,100,100680,100,100028,100,100805,100,99965,100,100808,100,99877,100
2019-06-28 10:02:10.000000000,100290,554,100257,554,100346,100,100228,200,100421,100,100204,100,100425,100,100149,300,100494,100,100148,9,100622,100,100125,100,100674,100,100068,100,100680,100,100028,100,100805,100,99965,100,100808,100,99877,100
2019-06-28 10:02:14.764735156,100290,554,100257,554,100346,100,100228,200,100421,100,100204,100,100425,100,100149,300,100494,100,100148,9,100622,100,100068,100,100674,100,100028,100,100680,100,99965,100,100805,100,99877,100,100808,100,99659,100
2019-06-28 10:02:16.032940187,100290,454,100257,554,100346,100,100228,200,100421,100,100204,100,100425,100,100149,300,100494,100,100148,9,100622,100,100068,100,100674,100,100028,100,100680,100,99965,100,100805,100,99877,100,100808,100,99659,100
2019-06-28 10:02:20.000000000,100346,214,100257,214,100421,214,100228,314,100425,214,100204,214,100494,214,100149,414,100622,100,100148,9,100674,100,100068,100,100680,100,100028,100,100805,100,99965,100,100808,100,99877,100,100897,100,99659,100
2019-06-28 10:02:20.970436243,100346,214,100257,214,100421,214,100228,314,100425,214,100204,214,100487,100,100149,414,100494,214,100148,9,100622,100,100068,100,100674,100,100028,100,100680,100,99965,100,100805,100,99659,100,100808,100,,
2019-06-28 10:02:30.000000000,100346,254,100257,254,100421,250,100228,350,100425,250,100204,250,100487,100,100149,300,100494,100,100148,9,100622,100,100068,100,100674,100,100028,100,100680,100,99965,100,100805,100,99659,100,100808,100,,
2019-06-28 10:02:40.000000000,100346,327,100257,327,100421,327,100228,427,100425,100,100204,100,100487,100,100149,300,100494,100,100148,9,100622,100,100068,100,100674,100,100028,100,100680,100,99965,100,100805,100,99659,100,100808,100,,
2019-06-28 10:02:43.952695091,100346,327,100257,327,100421,327,100228,327,100425,100,100204,100,100487,100,100149,300,100494,100,100148,9,100622,100,100068,100,100674,100,100028,100,100680,100,99965,100,100805,100,99659,100,100808,100,,
2019-06-28 10:02:50.000000000,100346,327,100257,327,100421,327,100228,327,100425,100,100204,100,100487,100,100149,300,100494,100,100148,9,100622,100,100068,100,100674,100,100028,100,100680,100,99965,100,100805,100,99659,100,100808,100,,
2019-06-28 10:03:00.000000000,100346,191,100257,191,100421,191,100228,191,100425,191,100204,191,100487,191,100149,391,100494,191,100148,100,100622,100,100068,100,100674,100,100028,100,100680,100,99965,100,100805,100,99659,100,100808,100,,
2019-06-28 10:03:10.000000000,100346,554,100257,554,100421,100,100228,100,100425,100,100204,100,100487,100,100149,300,100494,100,100148,9,100622,100,100068,100,100674,100,100028,100,100680,100,99965,100,100805,100,99659,100,100808,100,,
2019-06-28 10:03:20.000000000,100346,214,100257,214,100421,214,100228,214,100425,214,100204,214,100487,214,100149,414,100494,100,100148,9,100622,100,100068,100,100674,100,100028,100,100680,100,99965,100,100805,100,99659,100,100808,100,,
2019-06-28 10:03:30.000000000,100346,327,100257,327,100421,327,100228,327,100425,100,100204,100,100487,100,100149,300,100494,100,100148,9,100622,100,100068,100,100674,100,100028,100,100680,100,99965,100,100805,100,99659,100,100808,100,,
2019-06-28 10:03:40.000000000,100346,191,100257,191,100421,191,100228,191,100425,191,100204,191,100487,191,100149,391,100494,191,100148,100,100622,100,100068,100,100674,100,100028,100,100680,100,99965,100,100805,100,99659,100,100808,100,,
2019-06-28 10:03:49.757413620,100289,100,100257,191,100346,191,100228,191,100421,191,100204,191,100425,191,100149,391,100487,191,100148,100,100494,191,100068,100,100622,100,100028,100,100674,100,99965,100,100680,100,99659,100,100805,100,,
2019-06-28 10:03:49.878732076,100289,200,100257,191,100346,191,100228,191,100421,191,100204,191,100425,191,100149,391,100487,191,100148,100,100494,191,100068,100,100622,100,100028,100,100674,100,99965,100,100680,100,99659,100,100805,100,,
2019-06-28 10:03:50.000000000,100289,427,100257,327,100346,327,100228,327,100421,100,100204,100,100425,100,100149,300,100487,100,100148,9,100494,100,100068,100,100622,100,100028,100,100674,100,99965,100,100680,100,99659,100,100805,100,,
2019-06-28 10:03:52.099571933,100289,427,100257,327,100346,327,100228,327,100421,100,100204,100,100425,100,100149,300,100487,100,100148,9,100494,100,100068,100,100622,100,100028,100,100674,100,99965,100,100680,100,99659,100,100805,100,,
2019-06-28 10:04:00.000000000,100289,654,100257,554,100346,100,100228,100,100421,100,100204,100,100425,100,100149,300,100487,100,100148,9,100494,100,100068,100,100622,100,100028,100,100674,100,99965,100,100680,100,99659,100,100805,100,,
2019-06-28 10:04:05.888710579,100289,654,100257,554,100346,100,100228,100,100421,100,100204,100,100425,100,100149,300,100487,100,100148,9,100494,100,100068,100,100622,100,100028,100,100674,100,99965,100,100680,100,99659,100,100805,100,99092,100
2019-06-28 10:04:10.000000000,100289,291,100257,191,100346,191,100228,191,100421,191,100204,191,100425,191,100149,391,100487,191,100148,100,100494,100,100068,100,100622,100,100028,100,100674,100,99965,100,100680,100,99659,100,100805,100,99092,100
2019-06-28 10:04:20.000000000,100289,314,100257,214,100346,214,100228,214,100421,214,100204,214,100425,214,100149,414,100487,100,100148,9,100494,100,100068,100,100622,100,100028,100,100674,100,99965,100,100680,100,99659,100,100805,100,99092,100
2019-06-28 10:04:30.000000000,100289,291,100257,191,100346,191,100228,191,100421,191,100204,191,100425,191,100149,391,100487,191,100148,100,100494,100,100068,100,100622,100,100028,100,100674,100,99965,100,100680,100,99659,100,100805,100,99092,100
2019-06-28 10:04:40.000000000,100289,314,100257,214,100346,214,100228,214,100421,214,100204,214,100425,214,100149,414,100487,100,100148,9,100494,100,100068,100,100622,100,100028,100,100674,100,99965,100,100680,100,99659,100,100805,100,99092,100
2019-06-28 10:04:44.633873545,100289,314,100257,214,100346,214,100228,214,100421,214,100204,214,100425,214,100149,414,100487,100,100148,9,100494,100,100068,100,100622,100,100028,100,100674,100,99965,100,100680,100,99659,100,100805,100,99288,100
2019-06-28 10:04:50.000000000,100289,654,100257,554,100346,100,100228,100,100421,100,100204,100,100425,100,100149,300,100487,100,100148,9,100494,100,100068,100,100622,100,100028,100,100674,100,99965,100,100680,100,99659,100,100805,100,99288,100
2019-06-28 10:05:00.000000000,100289,291,100257,191,100346,191,100228,191,100421,191,100204,191,100425,191,100149,391,100487,191,100148,100,100494,100,100068,100,100622,100,100028,100,100674,100,99965,100,100680,100,99659,100,100805,100,99288,100
2019-06-28 10:05:05.063408392,100289,291,100257,191,100346,191,100228,191,100421,191,100204,191,100425,191,100149,391,100487,191,100148,100,100494,100,100068,100,100622,100,100028,100,100674,100,99965,100,100680,100,99659,100,100805,100,99444,100
2019-06-28 10:05:10.000000000,100289,291,100257,191,100346,191,100228,191,100421,191,100204,191,100425,191,100149,391,100487,191,100148,100,100494,100,100068,100,100622,100,100028,100,100674,100,99965,100,100680,100,99659,100,100805,100,99444,100
2019-06-28 10:05:12.827983651,100289,391,100257,191,100346,191,100228,191,100421,191,100204,191,100425,191,100149,391,100487,191,100148,100,100494,100,100068,100,100622,100,100028,100,100674,100,99965,100,100680,100,99659,100,100805,100,99444,100
2019-06-28 10:05:14.131076750,100289,391,100257,191,100346,191,100228,191,100421,191,100204,191,100425,191,100149,291,100487,191,100148,100,100494,100,100068,100,100622,100,100028,100,100674,100,99965,100,100680,100,99659,100,100805,100,99444,100
2019-06-28 10:05:15.106253303,100289,391,100257,91,100346,191,100228,191,100421,191,100204,191,100425,191,100149,291,100487,191,100148,100,100494,100,100068,100,100622,100,100028,100,100674,100,99965,100,100680,100,99659,100,100805,100,99644,100
2019-06-28 10:05:20.000000000,100289,754,100228,554,100346,100,100204,100,100421,100,100149,200,100425,100,100148,9,100487,100,100068,100,100494,100,100028,100,100622,100,99965,100,100674,100,99659,100,100680,100,99644,100,100805,100,99444,100
2019-06-28 10:05:20.274434168,100289,754,100228,554,100346,100,100204,100,100421,100,100149,200,100425,100,100068,100,100487,100,100028,100,100494,100,99965,100,100622,100,99659,100,100674,100,99644,100,100680,100,99444,100,100805,100,99288,100
2019-06-28 10:05:30.000000000,100289,414,100228,214,100346,214,100204,214,100421,214,100149,314,100425,214,100068,214,100487,100,100028,100,100494,100,99965,100,100622,100,99659,100,100674,100,99644,100,100680,100,99444,100,100805,100,99288,100
2019-06-28 10:05:40.000000000,100289,754,100228,554,100346,100,100204,100,100421,100,100149,200,100425,100,100068,100,100487,100,100028,100,100494,100,99965,100,100622,100,99659,100,100674,100,99644,100,100680,100,99444,100,100805,100,99288,100
2019-06-28 10:05:50.000000000,100289,414,100228,214,100346,214,100204,214,100421,214,100149,314,100425,214,100068,214,100487,100,100028,100,100494,100,99965,100,100622,100,99659,100,100674,100,99644,100,100680,100,99444,100,100805,100,99288,100
2019-06-28 10:06:00.000000000,100289,391,100228,191,100346,191,100204,191,100421,191,100149,291,100425,191,100068,191,100487,191,100028,191,100494,100,99965,100,100622,100,99659,100,100674,100,99644,100,100680,100,99444,100,100805,100,99288,100
2019-06-28 10:06:10.000000000,100289,527,100228,327,100346,327,100204,327,100421,100,100149,200,100425,100,100068,100,100487,100,100028,100,100494,100,99965,100,100622,100,99659,100,100674,100,99644,100,100680,100,99444,100,100805,100,99288,100
2019-06-28 10:06:19.100440403,100289,527,100228,327,100346,327,100204,327,100421,100,100149,200,100425,100,100068,100,100487,100,100028,100,100494,100,99965,100,100622,100,99659,100,100674,100,99644,100,100680,100,99444,100,100805,100,99288,100
2019-06-28 10:06:20.000000000,100289,454,100228,254,100346,250,100204,250,100421,250,100149,350,100425,100,100068,100,100487,100,100028,100,100494,100,99965,100,100622,100,99659,100,100674,100,99644,100,100680,100,99444,100,100805,100,99288,100
2019-06-28 10:06:30.000000000,100289,454,100228,254,100346,250,100204,250,100421,250,100149,350,100425,100,100068,100,100487,100,100028,100,100494,100,99965,100,100622,100,99659,100,100674,100,99644,100,100680,100,99444,100,100805,100,99288,100
2019-06-28 10:06:40.000000000,100289,414,100228,214,100346,214,100204,214,100421,214,100149,314,100425,214,100068,214,100487,100,100028,100,100494,100,99965,100,100622,100,99659,100,100674,100,99644,100,100680,100,99444,100,100805,100,99288,100
2019-06-28 10:06:50.000000000,100289,414,100228,214,100346,214,100204,214,100421,214,100149,314,100425,214,100068,214,100487,100,100028,100,100494,100,99965,100,100622,100,99659,100,100674,100,99644,100,100680,100,99444,100,100805,100,99288,100
2019-06-28 10:07:00.000000000,100289,454,100228,254,100346,250,100204,250,100421,250,100149,350,100425,100,100068,100,100487,100,100028,100,100494,100,99965,100,100622,100,99659,100,100674,100,99644,100,100680,100,99444,100,100805,100,99288,100
2019-06-28 10:07:10.000000000,100289,754,100228,554,100346,100,100204,100,100421,100,100149,200,100425,100,100068,100,100487,100,100028,100,100494,100,99965,100,100622,100,99659,100,100674,100,99644,100,100680,100,99444,100,100805,100,99288,100
2019-06-28 10:07:20.000000000,100289,527,100228,327,100346,327,100204,327,100421,100,100149,200,100425,100,100068,100,100487,100,100028,100,100494,100,99965,100,100622,100,99659,100,100674,100,99644,100,100680,100,99444,100,100805,100,99288,100
2019-06-28 10:07:22.488372060,100289,527,100228,227,100346,327,100204,327,100421,100,100149,200,100425,100,100068,100,100487,100,100028,100,100494,100,99965,100,100622,100,99659,100,100674,100,99644,100,100680,100,99444,100,100805,100,99288,100
2019-06-28 10:07:30.000000000,100289,754,100204,554,100346,100,100149,200,100421,100,100068,100,100425,100,100028,100,100487,100,99965,100,100494,100,99659,100,100622,100,99644,100,100674,100,99444,100,100680,100,99288,100,100805,100,99092,100
2019-06-28 10:07:40.000000000,100289,414,100204,214,100346,214,100149,314,100421,214,100068,214,100425,214,100028,214,100487,100,99965,100,100494,100,99659,100,100622,100,99644,100,100674,100,99444,100,100680,100,99288,100,100805,100,99092,100
2019-06-28 10:07:40.789520238,100288,100,100204,214,100289,414,100149,314,100346,214,100068,214,100421,214,100028,214,100425,214,99965,100,100487,100,99659,100,100494,100,99644,100,100622,100,99444,100,100674,100,99288,100,100680,100,99092,100
2019-06-28 10:07:50.000000000,100288,191,100204,191,100289,391,100149,291,100346,191,100068,191,100421,191,100028,191,100425,191,99965,191,100487,100,99659,100,100494,100,99644,100,100622,100,99444,100,100674,100,99288,100,100680,100,99092,100
2019-06-28 10:08:00.000000000,100288,214,100204,214,100289,414,100149,314,100346,214,100068,214,100421,214,100028,214,100425,100,99965,100,100487,100,99659,100,100494,100,99644,100,100622,100,99444,100,100674,100,99288,100,100680,100,99092,100
2019-06-28 10:08:06.611562770,100288,214,100204,114,100289,414,100149,314,100346,214,100068,214,100421,214,100028,214,100425,100,99965,100,100487,100,99659,100,100494,100,99644,100,100622,100,99444,100,100674,100,99288,100,100680,100,,
2019-06-28 10:08:10.000000000,100288,254,100149,354,100289,450,100068,250,100346,250,100028,250,100421,100,99965,100,100425,100,99659,100,100487,100,99644,100,100494,100,99444,100,100622,100,99288,100,100674,100,,,100680,100,,
2019-06-28 10:08:15.399279231,100288,254,100149,254,100289,450,100068,250,100346,250,100028,250,100421,100,99965,100,100425,100,99659,100,100487,100,99644,100,100494,100,99444,100,100622,100,99288,100,100674,100,,,100680,100,,
2019-06-28 10:08:15.464002817,100288,254,100149,254,100289,450,100068,250,100346,250,100028,250,100421,100,99965,100,100425,100,99659,100,100487,100,99644,100,100494,100,99444,100,100622,100,99288,100,100674,100,98013,100,100680,100,,
2019-06-28 10:08:17.041686402,100288,254,100149,154,100289,450,100068,250,100346,250,100028,250,100421,100,99965,100,100425,100,99659,100,100487,100,99644,100,100494,100,99444,100,100622,100,99288,100,100674,100,98013,100,100680,100,,
2019-06-28 10:08:20.000000000,100288,214,100068,214,100289,414,100028,214,100346,214,99965,214,100421,214,99659,214,100425,100,99644,100,100487,100,99444,100,100494,100,99288,100,100622,100,98013,100,100674,100,,,100680,100,,
2019-06-28 10:08:23.546448704,100288,214,100068,214,100289,414,100028,214,100346,214,99965,214,100421,214,99659,214,100425,100,99644,100,100487,100,99444,100,100494,100,99288,100,100622,100,98209,100,100674,100,98013,100,100680,100,,
2019-06-28 10:08:26.707870241,100149,100,100068,214,100288,214,100028,214,100289,414,99965,214,100346,214,99659,214,100421,214,99644,100,100425,100,99444,100,100487,100,99288,100,100494,100,98209,100,100622,100,98013,100,100674,100,,
2019-06-28 10:08:30.000000000,100149,327,100068,327,100288,327,100028,327,100289,300,99965,100,100346,100,99659,100,100421,100,99644,100,100425,100,99444,100,100487,100,99288,100,100494,100,98209,100,100622,100,98013,100,100674,100,,
2019-06-28 10:08:40.000000000,100149,327,100068,327,100288,327,100028,327,100289,300,99965,100,100346,100,99659,100,100421,100,99644,100,100425,100,99444,100,100487,100,99288,100,100494,100,98209,100,100622,100,98013,100,100674,100,,
2019-06-28 10:08:50.000000000,100149,214,100068,214,100288,214,100028,214,100289,414,99965,214,100346,214,99659,214,100421,100,99644,100,100425,100,99444,100,100487,100,99288,100,100494,100,98209,100,100622,100,98013,100,100674,100,,
2019-06-28 10:08:52.144897134,100149,214,100068,114,100288,214,100028,214,100289,414,99965,214,100346,214,99659,214,100421,100,99644,100,100425,100,99444,100,100487,100,99288,100,100494,100,98209,100,100622,100,98013,100,100674,100,,
2019-06-28 10:09:00.000000000,100149,327,100028,327,100288,327,99965,327,100289,300,99659,100,100346,100,99644,100,100421,100,99444,100,100425,100,99288,100,100487,100,98209,100,100494,100,98013,100,100622,100,,,100674,100,,
2019-06-28 10:09:01.481455187,100149,327,100028,327,100288,327,99965,327,100289,300,99659,100,100346,100,99644,100,100425,100,99444,100,100487,100,99288,100,100494,100,98209,100,100622,100,98034,100,100674,100,98013,100,100680,100,,
2019-06-28 10:09:04.172204152,100149,327,100028,227,100288,327,99965,327,100289,300,99659,100,100346,100,99644,100,100425,100,99444,100,100487,100,99288,100,100494,100,98209,100,100622,100,98034,100,100674,100,98013,100,100680,100,,
2019-06-28 10:09:10.000000000,100149,327,99965,327,100288,327,99659,327,100289,300,99644,100,100346,100,99444,100,100425,100,99288,100,100487,100,98209,100,100494,100,98034,100,100622,100,98013,100,100674,100,,,100680,100,,
2019-06-28 10:09:20.000000000,100149,327,99965,327,100288,327,99659,327,100289,300,99644,100,100346,100,99444,100,100425,100,99288,100,100487,100,98209,100,100494,100,98034,100,100622,100,98013,100,100674,100,,,100680,100,,
2019-06-28 10:09:30.000000000,100149,191,99965,191,100288,191,99659,191,100289,391,99644,191,100346,191,99444,191,100425,191,99288,191,100487,100,98209,100,100494,100,98034,100,100622,100,98013,100,100674,100,,,100680,100,,
2019-06-28 10:09:39.497111067,100068,100,99965,191,100149,191,99659,191,100288,191,99644,191,100289,291,99444,191,100346,191,99288,191,100425,191,98209,100,100487,100,98034,100,100494,100,98013,100,100622,100,,,100674,100,,
2019-06-28 10:09:39.521311248,100068,100,99965,191,100149,191,99659,191,100288,191,99644,191,100289,291,99444,191,100346,191,99288,191,100425,191,98343,100,100487,100,98209,100,100494,100,98034,100,100622,100,98013,100,100674,100,,
2019-06-28 10:09:40.000000000,100068,554,99965,554,100149,100,99659,100,100288,100,99644,100,100289,200,99444,100,100346,100,99288,100,100425,100,98343,100,100487,100,98209,100,100494,100,98034,100,100622,100,98013,100,100674,100,,
2019-06-28 10:09:40.441287594,100068,654,99965,554,100149,100,99659,100,100288,100,99644,100,100289,200,99444,100,100346,100,99288,100,100425,100,98343,100,100487,100,98209,100,100494,100,98034,100,100622,100,98013,100,100674,100,,
2019-06-28 10:09:49.839249439,100068,654,99965,554,100149,100,99659,100,100288,100,99644,100,100289,200,99444,100,100346,100,99288,100,100425,100,98343,100,100487,100,98272,100,100494,100,98209,100,100622,100,98034,100,100674,100,98013,100
2019-06-28 10:09:50.000000000,100068,314,99965,214,100149,214,99659,214,100288,214,99644,214,100289,314,99444,214,100346,100,99288,100,100425,100,98343,100,100487,100,98272,100,100494,100,98209,100,100622,100,98034,100,100674,100,98013,100
2019-06-28 10:09:56.839197151,100068,414,99965,214,100149,214,99659,214,100288,214,99644,214,100289,314,99444,214,100346,100,99288,100,100425,100,98343,100,100487,100,98272,100,100494,100,98209,100,100622,100,98034,100,100674,100,98013,100
2019-06-28 10:10:00.000000000,100068,414,99965,214,100149,214,99659,214,100288,214,99644,214,100289,314,99444,214,100346,100,99288,100,100425,100,98343,100,100487,100,98272,100,100494,100,98209,100,100622,100,98034,100,100674,100,98013,100
2019-06-28 10:10:10.000000000,100068,527,99965,327,100149,327,99659,327,100288,100,99644,100,100289,200,99444,100,100346,100,99288,100,100425,100,98343,100,100487,100,98272,100,100494,100,98209,100,100622,100,98034,100,100674,100,98013,100
2019-06-28 10:10:20.000000000,100068,391,99965,191,100149,191,99659,191,100288,191,99644,191,100289,291,99444,191,100346,191,99288,191,100425,100,98343,100,100487,100,98272,100,100494,100,98209,100,100622,100,98034,100,100674,100,98013,100
2019-06-28 10:10:30.000000000,100068,454,99965,254,100149,250,99659,250,100288,250,99644,250,100289,200,99444,100,100346,100,99288,100,100425,100,98343,100,100487,100,98272,100,100494,100,98209,100,100622,100,98034,100,100674,100,98013,100
2019-06-28 10:10:40.000000000,100068,391,99965,191,100149,191,99659,191,100288,191,99644,191,100289,291,99444,191,100346,191,99288,191,100425,100,98343,100,100487,100,98272,100,100494,100,98209,100,100622,100,98034,100,100674,100,98013,100
2019-06-28 10:10:40.144508342,100068,491,99965,191,100149,191,99659,191,100288,191,99644,191,100289,291,99444,191,100346,191,99288,191,100425,100,98343,100,100487,100,98272,100,100494,100,98209,100,100622,100,98034,100,100674,100,98013,100
2019-06-28 10:10:43.864764393,100068,491,99965,191,100149,191,99659,191,100288,191,99644,191,100289,291,99444,191,100346,191,99288,191,100425,100,98814,100,100487,100,98343,100,100494,100,98272,100,100622,100,98209,100,100674,100,98034,100
2019-06-28 10:10:44.849544967,100068,491,99965,191,100149,191,99659,191,100288,191,99644,191,100289,291,99444,191,100346,191,99288,191,100425,100,98814,100,100487,100,98742,100,100494,100,98343,100,100622,100,98272,100,100674,100,98209,100
2019-06-28 10:10:50.000000000,100068,514,99965,214,100149,214,99659,214,100288,214,99644,214,100289,314,99444,214,100346,100,99288,100,100425,100,98814,100,100487,100,98742,100,100494,100,98343,100,100622,100,98272,100,100674,100,98209,100
2019-06-28 10:10:57.923270575,100068,514,99965,114,100149,214,99659,214,100288,214,99644,214,100289,314,99444,214,100346,100,99288,100,100425,100,98814,100,100487,100,98742,100,100494,100,98343,100,100622,100,98272,100,100674,100,98209,100
