,ask_price_1,ask_size_1,bid_price_1,bid_size_1,ask_price_2,ask_size_2,bid_price_2,bid_size_2,ask_price_3,ask_size_3,bid_price_3,bid_size_3,ask_price_4,ask_size_4,bid_price_4,bid_size_4,ask_price_5,ask_size_5,bid_price_5,bid_size_5,ask_price_6,ask_size_6,bid_price_6,bid_size_6,ask_price_7,ask_size_7,bid_price_7,bid_size_7,ask_price_8,ask_size_8,bid_price_8,bid_size_8,ask_price_9,ask_size_9,bid_price_9,bid_size_9,ask_price_10,ask_size_10,bid_price_10,bid_size_10
2019-06-28 09:30:00.000000000,,,99862,100,,,,,,,,,,,,,,,,,,,,,,,,,,,,,,,,,,,,
2019-06-28 09:30:00.000000002,99934,100,99862,100,100012,100,,,,,,,,,,,,,,,,,,,,,,,,,,,,,,,,,,
2019-06-28 09:30:00.000000003,100012,100,99862,100,,,,,,,,,,,,,,,,,,,,,,,,,,,,,,,,,,,,
2019-06-28 09:30:00.000000004,100012,100,99862,100,100204,100,,,,,,,,,,,,,,,,,,,,,,,,,,,,,,,,,,
2019-06-28 09:30:00.000000005,100012,100,99862,100,100068,100,,,100204,100,,,,,,,,,,,,,,,,,,,,,,,,,,,,,,
2019-06-28 09:30:00.000000006,100012,100,99862,100,100065,100,,,100068,100,,,100204,100,,,,,,,,,,,,,,,,,,,,,,,,,,
2019-06-28 09:30:00.000000008,100012,100,99862,100,100054,100,,,100065,100,,,100068,100,,,100204,100,,,,,,,,,,,,,,,,,,,,,,
2019-06-28 09:30:00.000000009,100012,100,99923,100,100054,100,99862,100,100065,100,,,100068,100,,,100146,100,,,100204,100,,,,,,,,,,,,,,,,,,
2019-06-28 09:30:00.000000010,99976,100,99923,100,100012,100,99862,100,100054,100,,,100065,100,,,100068,100,,,100146,100,,,100204,100,,,,,,,,,,,,,,
2019-06-28 09:30:00.000000012,99976,100,99862,100,100012,100,,,100054,100,,,100065,100,,,100068,100,,,100146,100,,,100204,100,,,,,,,,,,,,,,
2019-06-28 09:30:00.000000013,99976,100,99862,100,100012,100,,,100054,100,,,100060,100,,,100065,100,,,100068,100,,,100146,100,,,100204,100,,,,,,,,,,
2019-06-28 09:30:00.000000014,99967,100,99862,100,99976,100,,,100012,100,,,100054,100,,,100060,100,,,100065,100,,,100068,100,,,100146,100,,,100204,100,,,,,,
2019-06-28 09:30:00.000000015,99967,100,99923,100,99976,100,99862,100,100012,100,,,100054,100,,,100060,100,,,100065,100,,,100068,100,,,100146,100,,,100204,100,,,,,,
2019-06-28 09:30:00.000000017,99967,100,99923,100,99976,100,99862,100,100012,100,,,100054,100,,,100060,100,,,100065,100,,,100068,100,,,100090,100,,,100146,100,,,100204,100,,
2019-06-28 09:30:00.000000018,99967,100,99923,100,99976,100,99862,100,100012,100,,,100017,100,,,100054,100,,,100060,100,,,100065,100,,,100068,100,,,100090,100,,,100146,100,,
2019-06-28 09:30:00.000000019,99935,100,99923,100,99967,100,99862,100,99976,100,,,100012,100,,,100017,100,,,100054,100,,,100060,100,,,100065,100,,,100068,100,,,100090,100,,
2019-06-28 09:30:00.000000020,99935,100,99923,100,99967,100,99889,100,99976,100,99862,100,100012,100,,,100017,100,,,100054,100,,,100060,100,,,100065,100,,,100068,100,,,100090,100,,
2019-06-28 09:30:00.000000021,99935,100,99923,100,99967,100,99889,100,99976,100,99862,100,100012,100,99860,100,100017,100,,,100054,100,,,100060,100,,,100065,100,,,100068,100,,,100090,100,,
2019-06-28 09:30:00.000000024,99935,100,99923,200,99967,100,99889,100,99976,100,99862,100,100012,100,99860,100,100017,100,,,100054,100,,,100060,100,,,100065,100,,,100068,100,,,100090,100,,
2019-06-28 09:30:00.000000025,99935,100,99924,100,99967,100,99923,200,99976,100,99889,100,100012,100,99862,100,100017,100,99860,100,100054,100,,,100060,100,,,100065,100,,,100068,100,,,100090,100,,
2019-06-28 09:30:00.000000030,99935,100,99924,100,99967,100,99923,200,99976,100,99909,100,100012,100,99889,100,100017,100,99862,100,100054,100,99860,100,100060,100,,,100065,100,,,100068,100,,,100090,100,,
2019-06-28 09:30:00.000000032,99967,100,99924,100,99976,100,99923,200,100012,100,99909,100,100017,100,99889,100,100054,100,99862,100,100060,100,99860,100,100065,100,,,100068,100,,,100090,100,,,100146,100,,
2019-06-28 09:30:00.000000036,99967,100,99925,100,99976,100,99924,100,100012,100,99923,200,100017,100,99909,100,100054,100,99889,100,100056,100,99862,100,100060,100,99860,100,100065,100,,,100068,100,,,100090,100,,
2019-06-28 09:30:00.000000037,99967,100,99925,100,99976,100,99924,100,100012,100,99923,200,100017,100,99909,100,100048,100,99889,100,100054,100,99862,100,100056,100,99860,100,100060,100,,,100065,100,,,100068,100,,
2019-06-28 09:30:00.000000039,99967,100,99942,100,99976,100,99925,100,100012,100,99924,100,100017,100,99923,200,100048,100,99909,100,100054,100,99889,100,100056,100,99876,100,100060,100,99862,100,100065,100,99860,100,100068,100,,
2019-06-28 09:30:00.000000040,99976,100,99942,100,100012,100,99925,100,100017,100,99924,100,100048,100,99923,200,100054,100,99909,100,100056,100,99889,100,100060,100,99876,100,100065,100,99862,100,100068,100,99860,100,100090,100,,
2019-06-28 09:30:00.000000043,99976,100,99942,100,100012,100,99925,100,100017,100,99924,100,100048,100,99923,200,100054,100,99909,100,100056,100,99889,100,100060,100,99876,100,100065,100,99862,100,100068,100,99860,100,100090,100,,
2019-06-28 09:30:00.000000045,99976,100,99942,100,100012,100,99925,100,100017,100,99924,100,100048,100,99923,200,100054,100,99909,100,100056,100,99889,100,100060,100,99876,100,100065,100,99862,100,100068,100,99860,100,100090,100,99848,100
2019-06-28 09:30:00.000000048,100012,100,99967,100,100013,100,99942,100,100017,100,99925,100,100048,100,99924,100,100054,100,99923,200,100056,100,99909,100,100060,100,99889,100,100065,100,99876,100,100068,100,99862,100,100090,100,99860,100
2019-06-28 09:30:00.000000049,100012,100,99942,100,100013,100,99925,100,100017,100,99924,100,100048,100,99923,200,100054,100,99909,100,100056,100,99889,100,100060,100,99876,100,100065,100,99862,100,100068,100,99860,100,100090,100,99848,100
2019-06-28 09:30:00.000000050,100012,100,99942,100,100013,100,99925,100,100017,100,99924,100,100048,100,99923,200,100054,100,99909,100,100056,100,99889,100,100060,100,99876,100,100065,100,99862,100,100068,100,99860,100,100090,100,99848,100
2019-06-28 09:30:00.000000053,100012,100,99991,100,100013,100,99942,100,100017,100,99925,100,100048,100,99924,100,100054,100,99923,200,100056,100,99909,100,100060,100,99889,100,100065,100,99876,100,100068,100,99862,100,100090,100,99860,100
2019-06-28 09:30:00.000000060,100012,100,99942,100,100013,100,99925,100,100017,100,99924,100,100048,100,99923,200,100054,100,99909,100,100056,100,99889,100,100060,100,99876,100,100065,100,99862,100,100068,100,99860,100,100090,100,99848,100
2019-06-28 09:30:00.000000062,100012,100,99967,200,100013,100,99942,100,100017,100,99925,100,100048,100,99924,100,100054,100,99923,200,100056,100,99909,100,100060,100,99889,100,100065,100,99876,100,100068,100,99862,100,100087,100,99860,100
2019-06-28 09:30:00.000000064,100012,100,99967,200,100013,100,99942,100,100017,100,99928,100,100048,100,99925,100,100054,100,99924,100,100056,100,99923,200,100060,100,99909,100,100065,100,99889,100,100068,100,99876,100,100087,100,99862,100
2019-06-28 09:30:00.000000067,99975,100,99967,200,100012,100,99942,100,100013,100,99928,100,100017,100,99925,100,100048,100,99924,100,100054,100,99923,200,100056,100,99909,100,100060,100,99889,100,100065,100,99876,100,100068,100,99862,100
2019-06-28 09:30:00.000000069,99975,100,99967,200,100012,100,99942,100,100013,100,99928,100,100017,100,99925,100,100048,100,99924,100,100054,100,99923,200,100056,100,99909,100,100060,100,99889,100,100065,100,99876,100,100068,100,99862,100
2019-06-28 09:30:00.000000071,99975,100,99967,200,100012,100,99948,100,100013,100,99942,100,100017,100,99928,100,100048,100,99925,100,100054,100,99924,100,100056,100,99923,200,100060,100,99909,100,100065,100,99889,100,100068,100,99876,100
2019-06-28 09:30:00.000000074,99997,100,99967,200,100012,100,99948,100,100013,100,99942,100,100017,100,99928,100,100030,100,99925,100,100048,100,99924,100,100054,100,99923,200,100056,100,99909,100,100060,100,99889,100,100065,100,99876,100
2019-06-28 09:30:00.000000075,99991,100,99967,200,99997,100,99948,100,100012,100,99942,100,100013,100,99928,100,100017,100,99925,100,100030,100,99924,100,100048,100,99923,200,100054,100,99909,100,100056,100,99889,100,100060,100,99876,100
2019-06-28 09:30:00.000000079,99991,100,99967,100,99997,100,99948,100,100012,100,99942,100,100013,100,99928,100,100017,100,99925,100,100030,100,99924,100,100048,100,99923,200,100054,100,99909,100,100056,100,99889,100,100060,100,99876,100
2019-06-28 09:30:00.000000080,99983,100,99967,100,99991,100,99948,100,99997,100,99942,100,100012,100,99928,100,100013,100,99925,100,100017,100,99924,100,100030,100,99923,200,100048,100,99909,100,100054,100,99889,100,100056,100,99876,100
2019-06-28 09:30:00.000000082,99991,100,99967,100,99997,100,99948,100,100012,100,99942,100,100013,100,99928,100,100017,100,99925,100,100030,100,99924,100,100048,100,99923,200,100054,100,99909,100,100056,100,99889,100,100060,100,99876,100
2019-06-28 09:30:00.000000086,99991,100,99967,200,99997,100,99948,100,100012,100,99942,100,100013,100,99938,100,100017,100,99928,100,100030,100,99925,100,100048,100,99924,100,100054,100,99923,200,100056,100,99909,100,100060,100,99889,100
2019-06-28 09:30:00.000000087,99991,100,99967,300,99997,100,99948,100,100012,100,99942,100,100013,100,99938,100,100017,100,99928,100,100030,100,99925,100,100048,100,99924,100,100054,100,99923,200,100056,100,99909,100,100060,100,99889,100
2019-06-28 09:30:00.000000089,99991,100,99967,300,99997,100,99948,100,100012,100,99942,100,100013,100,99938,100,100017,100,99928,100,100030,100,99925,100,100048,100,99924,100,100054,100,99923,200,100056,100,99909,100,100060,100,99889,100
2019-06-28 09:30:00.000000090,99997,100,99967,300,100012,100,99948,100,100013,100,99942,100,100017,100,99938,100,100030,100,99928,100,100048,100,99925,100,100054,100,99924,100,100056,100,99923,200,100060,100,99909,100,100065,100,99889,100
2019-06-28 09:30:00.000000091,99997,100,99974,100,100012,100,99967,300,100013,100,99948,100,100017,100,99942,100,100030,100,99938,100,100048,100,99928,100,100054,100,99925,100,100056,100,99924,100,100060,100,99923,200,100065,100,99909,100
2019-06-28 09:30:00.000000092,99991,100,99974,100,99997,100,99967,300,100012,100,99948,100,100013,100,99942,100,100017,100,99938,100,100030,100,99928,100,100048,100,99925,100,100054,100,99924,100,100056,200,99923,200,100060,100,99909,100
2019-06-28 09:30:00.000000093,99991,100,99967,300,99997,100,99948,100,100012,100,99942,100,100013,100,99938,100,100017,100,99928,100,100030,100,99925,100,100048,100,99924,100,100054,100,99923,200,100056,200,99909,100,100060,100,99889,100
2019-06-28 09:30:00.000000094,99979,100,99967,300,99990,100,99948,100,99991,100,99942,100,99997,100,99938,100,100012,100,99928,100,100013,100,99925,100,100017,100,99924,100,100030,100,99923,200,100048,100,99909,100,100054,100,99889,100
2019-06-28 09:30:00.000000095,99979,100,99967,300,99990,100,99948,100,99991,100,99942,100,99997,100,99938,100,100012,100,99928,100,100013,100,99925,100,100017,100,99924,100,100030,100,99923,200,100046,100,99909,100,100048,100,99889,100
2019-06-28 09:30:00.000000096,99979,100,99967,300,99990,200,99948,100,99991,100,99942,100,99997,100,99938,100,100012,100,99928,100,100013,100,99925,100,100017,100,99924,100,100030,100,99923,200,100046,100,99909,100,100048,100,99889,100
2019-06-28 09:30:10.000000000,99979,187,99967,387,99990,287,99948,187,99991,187,99942,187,99997,187,99938,187,100012,187,99928,187,100013,100,99925,100,100017,100,99924,100,100030,100,99923,200,100046,100,99909,100,100048,100,99889,100
2019-06-28 09:30:20.000000000,99979,318,99967,518,99990,418,99948,318,99991,100,99942,100,99997,100,99938,100,100012,100,99928,100,100013,100,99925,100,100017,100,99924,100,100030,100,99923,200,100046,100,99909,100,100048,100,99889,100
2019-06-28 09:30:30.000000000,99979,318,99967,518,99990,418,99948,318,99991,100,99942,100,99997,100,99938,100,100012,100,99928,100,100013,100,99925,100,100017,100,99924,100,100030,100,99923,200,100046,100,99909,100,100048,100,99889,100
2019-06-28 09:30:32.059475428,99979,318,99967,518,99990,418,99948,318,99991,100,99942,100,99997,100,99938,100,100012,100,99928,100,100013,100,99925,100,100017,100,99924,100,100030,100,99923,200,100046,100,99909,100,100048,100,99889,100
2019-06-28 09:30:36.293387886,99979,318,99967,418,99990,418,99948,318,99991,100,99942,100,99997,100,99938,100,100012,100,99928,100,100013,100,99925,100,100017,100,99924,100,100030,100,99923,200,100046,100,99909,100,100048,100,99889,100
2019-06-28 09:30:37.653102810,99974,100,99967,418,99979,318,99948,318,99990,418,99942,100,99991,100,99938,100,99997,100,99928,100,100012,100,99925,100,100013,100,99924,100,100017,100,99923,200,100030,100,99909,100,100046,100,99889,100
2019-06-28 09:30:40.000000000,99974,537,99967,637,99979,100,99948,100,99990,200,99942,100,99991,100,99938,100,99997,100,99928,100,100012,100,99925,100,100013,100,99924,100,100017,100,99923,200,100030,100,99909,100,100046,100,99889,100
2019-06-28 09:30:50.000000000,99974,537,99967,637,99979,100,99948,100,99990,200,99942,100,99991,100,99938,100,99997,100,99928,100,100012,100,99925,100,100013,100,99924,100,100017,100,99923,200,100030,100,99909,100,100046,100,99889,100
2019-06-28 09:31:00.000000000,99974,249,99967,349,99979,244,99948,244,99990,344,99942,244,99991,100,99938,100,99997,100,99928,100,100012,100,99925,100,100013,100,99924,100,100017,100,99923,200,100030,100,99909,100,100046,100,99889,100
2019-06-28 09:31:10.000000000,99974,209,99967,309,99979,209,99948,209,99990,309,99942,209,99991,209,99938,209,99997,100,99928,100,100012,100,99925,100,100013,100,99924,100,100017,100,99923,200,100030,100,99909,100,100046,100,99889,100
2019-06-28 09:31:14.598917881,99974,209,99967,309,99979,209,99948,209,99990,309,99942,209,99991,209,99938,209,99997,100,99928,100,100012,100,99925,100,100013,100,99924,100,100017,100,99923,200,100030,100,99909,100,100046,100,99889,100
2019-06-28 09:31:20.000000000,99974,187,99967,287,99979,187,99948,187,99990,287,99942,187,99991,187,99938,187,99997,187,99928,187,100012,100,99925,100,100013,100,99924,100,100017,100,99923,200,100030,100,99909,100,100046,100,99889,100
2019-06-28 09:31:30.000000000,99974,187,99967,287,99979,187,99948,187,99990,287,99942,187,99991,187,99938,187,99997,187,99928,187,100012,100,99925,100,100013,100,99924,100,100017,100,99923,200,100030,100,99909,100,100046,100,99889,100
2019-06-28 09:31:40.000000000,99974,187,99967,287,99979,187,99948,187,99990,287,99942,187,99991,187,99938,187,99997,187,99928,187,100012,100,99925,100,100013,100,99924,100,100017,100,99923,200,100030,100,99909,100,100046,100,99889,100
2019-06-28 09:31:43.714699522,99974,187,99967,187,99979,187,99948,187,99990,287,99942,187,99991,187,99938,187,99997,187,99928,187,100012,100,99925,100,100013,100,99924,100,100017,100,99923,200,100030,100,99909,100,100046,100,99889,100
2019-06-28 09:31:50.000000000,99974,187,99967,187,99979,187,99948,187,99990,287,99942,187,99991,187,99938,187,99997,187,99928,187,100012,100,99925,100,100013,100,99924,100,100017,100,99923,200,100030,100,99909,100,100046,100,99889,100
2019-06-28 09:32:00.000000000,99974,187,99967,187,99979,187,99948,187,99990,287,99942,187,99991,187,99938,187,99997,187,99928,187,100012,100,99925,100,100013,100,99924,100,100017,100,99923,200,100030,100,99909,100,100046,100,99889,100
2019-06-28 09:32:10.000000000,99974,318,99967,318,99979,318,99948,318,99990,200,99942,100,99991,100,99938,100,99997,100,99928,100,100012,100,99925,100,100013,100,99924,100,100017,100,99923,200,100030,100,99909,100,100046,100,99889,100
2019-06-28 09:32:16.573082347,99974,318,99967,218,99979,318,99948,318,99990,200,99942,100,99991,100,99938,100,99997,100,99928,100,100012,100,99925,100,100017,100,99924,100,100030,100,99923,200,100046,100,99909,100,100048,100,99889,100
2019-06-28 09:32:19.706070200,99974,318,99967,218,99979,318,99948,318,99990,200,99942,100,99991,100,99938,100,99997,100,99928,100,100012,100,99924,100,100017,100,99923,200,100030,100,99909,100,100046,100,99889,100,100048,100,99876,100
2019-06-28 09:32:20.000000000,99974,249,99948,249,99979,244,99942,244,99990,344,99938,244,99991,100,99928,100,99997,100,99924,100,100012,100,99923,200,100017,100,99909,100,100030,100,99889,100,100046,100,99876,100,100048,100,99868,100
2019-06-28 09:32:30.000000000,99974,187,99948,187,99979,187,99942,187,99990,287,99938,187,99991,187,99928,187,99997,187,99924,187,100012,100,99923,200,100017,100,99909,100,100030,100,99889,100,100046,100,99876,100,100048,100,99868,100
2019-06-28 09:32:34.851996402,99974,187,99948,187,99979,187,99942,187,99990,287,99938,187,99991,187,99928,187,99997,187,99924,187,100012,100,99923,200,100017,100,99909,100,100030,100,99889,100,100046,100,99876,100,100048,100,99868,100
2019-06-28 09:32:40.000000000,99974,187,99948,187,99979,187,99942,187,99990,287,99938,187,99991,187,99928,187,99997,187,99924,187,100012,100,99923,200,100017,100,99909,100,100030,100,99889,100,100046,100,99876,100,100048,100,99868,100
2019-06-28 09:32:50.000000000,99974,537,99948,537,99979,100,99942,100,99990,200,99938,100,99991,100,99928,100,99997,100,99924,100,100012,100,99923,200,100017,100,99909,100,100030,100,99889,100,100046,100,99876,100,100048,100,99868,100
2019-06-28 09:33:00.000000000,99974,249,99948,249,99979,244,99942,244,99990,344,99938,244,99991,100,99928,100,99997,100,99924,100,100012,100,99923,200,100017,100,99909,100,100030,100,99889,100,100046,100,99876,100,100048,100,99868,100
2019-06-28 09:33:10.000000000,99974,318,99948,318,99979,318,99942,318,99990,200,99938,100,99991,100,99928,100,99997,100,99924,100,100012,100,99923,200,100017,100,99909,100,100030,100,99889,100,100046,100,99876,100,100048,100,99868,100
2019-06-28 09:33:20.000000000,99974,249,99948,249,99979,244,99942,244,99990,344,99938,244,99991,100,99928,100,99997,100,99924,100,100012,100,99923,200,100017,100,99909,100,100030,100,99889,100,100046,100,99876,100,100048,100,99868,100
2019-06-28 09:33:30.000000000,99974,187,99948,187,99979,187,99942,187,99990,287,99938,187,99991,187,99928,187,99997,187,99924,187,100012,100,99923,200,100017,100,99909,100,100030,100,99889,100,100046,100,99876,100,100048,100,99868,100
2019-06-28 09:33:40.000000000,99974,187,99948,187,99979,187,99942,187,99990,287,99938,187,99991,187,99928,187,99997,187,99924,187,100012,100,99923,200,100017,100,99909,100,100030,100,99889,100,100046,100,99876,100,100048,100,99868,100
2019-06-28 09:33:50.000000000,99974,537,99948,537,99979,100,99942,100,99990,200,99938,100,99991,100,99928,100,99997,100,99924,100,100012,100,99923,200,100017,100,99909,100,100030,100,99889,100,100046,100,99876,100,100048,100,99868,100
2019-06-28 09:33:50.226383462,99974,537,99948,537,99979,100,99942,100,99990,200,99938,100,99991,100,99928,100,99997,100,99924,100,100012,100,99923,200,100017,100,99909,100,100030,100,99889,100,100046,100,99876,100,100048,100,99868,100
2019-06-28 09:33:55.262831158,99967,100,99948,537,99974,537,99942,100,99979,100,99938,100,99990,200,99928,100,99991,100,99924,100,99997,100,99923,200,100012,100,99909,100,100017,100,99889,100,100030,100,99876,100,100046,100,99868,100
2019-06-28 09:33:59.852189619,99967,100,99948,437,99974,537,99942,100,99979,100,99938,100,99990,200,99928,100,99991,100,99924,100,99997,100,99923,200,100012,100,99909,100,100017,100,99889,100,100030,100,99876,100,100046,100,99868,100
2019-06-28 09:34:00.000000000,99967,249,99942,249,99974,244,99938,244,99979,244,99928,244,99990,200,99924,100,99991,100,99923,200,99997,100,99909,100,100012,100,99889,100,100017,100,99876,100,100030,100,99868,100,100046,100,99867,100
2019-06-28 09:34:10.000000000,99967,249,99942,249,99974,244,99938,244,99979,244,99928,244,99990,200,99924,100,99991,100,99923,200,99997,100,99909,100,100012,100,99889,100,100017,100,99876,100,100030,100,99868,100,100046,100,99867,100
2019-06-28 09:34:20.000000000,99967,187,99942,187,99974,187,99938,187,99979,187,99928,187,99990,287,99924,187,99991,187,99923,287,99997,100,99909,100,100012,100,99889,100,100017,100,99876,100,100030,100,99868,100,100046,100,99867,100
2019-06-28 09:34:30.000000000,99967,187,99942,187,99974,187,99938,187,99979,187,99928,187,99990,287,99924,187,99991,187,99923,287,99997,100,99909,100,100012,100,99889,100,100017,100,99876,100,100030,100,99868,100,100046,100,99867,100
2019-06-28 09:34:40.000000000,99967,209,99942,209,99974,209,99938,209,99979,209,99928,209,99990,309,99924,209,99991,100,99923,200,99997,100,99909,100,100012,100,99889,100,100017,100,99876,100,100030,100,99868,100,100046,100,99867,100
2019-06-28 09:34:42.202067758,99967,209,99952,100,99974,209,99942,209,99979,209,99938,209,99990,309,99928,209,99991,100,99924,209,99997,100,99923,200,100012,100,99909,100,100017,100,99889,100,100030,100,99876,100,100046,100,99868,100
2019-06-28 09:34:50.000000000,99967,187,99952,187,99974,187,99942,187,99979,187,99938,187,99990,287,99928,187,99991,187,99924,187,99997,100,99923,200,100012,100,99909,100,100017,100,99889,100,100030,100,99876,100,100046,100,99868,100
2019-06-28 09:34:53.610002675,99967,187,99952,87,99974,187,99942,187,99979,187,99938,187,99990,287,99928,187,99991,187,99924,187,99997,100,99923,200,100012,100,99909,100,100017,100,99889,100,100030,100,99876,100,100046,100,99868,100
2019-06-28 09:35:00.000000000,99967,318,99942,318,99974,318,99938,318,99979,100,99928,100,99990,200,99924,100,99991,100,99923,200,99997,100,99909,100,100012,100,99889,100,100017,100,99876,100,100030,100,99868,100,100046,100,99867,100
2019-06-28 09:35:10.000000000,99967,537,99942,537,99974,100,99938,100,99979,100,99928,100,99990,200,99924,100,99991,100,99923,200,99997,100,99909,100,100012,100,99889,100,100017,100,99876,100,100030,100,99868,100,100046,100,99867,100
2019-06-28 09:35:19.171290275,99967,537,99942,537,99974,100,99938,100,99979,100,99928,100,99990,200,99924,100,99991,100,99923,200,99997,100,99909,100,100012,100,99889,100,100017,100,99876,100,100030,100,99868,100,100046,100,99867,100
2019-06-28 09:35:19.566098760,99967,437,99942,537,99974,100,99938,100,99979,100,99928,100,99990,200,99924,100,99991,100,99923,200,99997,100,99909,100,100012,100,99889,100,100017,100,99876,100,100046,100,99868,100,100048,100,99867,100
2019-06-28 09:35:20.000000000,99974,318,99942,318,99979,318,99938,318,99990,200,99928,100,99991,100,99924,100,99997,100,99923,200,100012,100,99909,100,100017,100,99889,100,100046,100,99876,100,100048,100,99868,100,100056,100,99867,100
2019-06-28 09:35:30.000000000,99974,537,99942,537,99979,100,99938,100,99990,200,99928,100,99991,100,99924,100,99997,100,99923,200,100012,100,99909,100,100017,100,99889,100,100046,100,99876,100,100048,100,99868,100,100056,100,99867,100
2019-06-28 09:35:32.602030145,99974,537,99942,537,99979,100,99938,100,99990,200,99928,100,99991,100,99924,100,99997,100,99923,200,100012,100,99921,100,100017,100,99909,100,100046,100,99889,100,100048,100,99876,100,100056,100,99868,100
2019-06-28 09:35:40.000000000,99974,249,99942,249,99979,244,99938,244,99990,344,99928,244,99991,100,99924,100,99997,100,99923,200,100012,100,99921,100,100017,100,99909,100,100046,100,99889,100,100048,100,99876,100,100056,100,99868,100
2019-06-28 09:35:50.000000000,99974,209,99942,209,99979,209,99938,209,99990,309,99928,209,99991,209,99924,209,99997,100,99923,200,100012,100,99921,100,100017,100,99909,100,100046,100,99889,100,100048,100,99876,100,100056,100,99868,100
2019-06-28 09:35:50.653807275,99974,209,99942,209,99979,209,99938,209,99990,309,99928,209,99991,209,99924,209,99997,100,99923,200,100012,100,99921,100,100017,100,99909,100,100046,100,99889,100,100048,100,99876,100,100056,100,99868,100
2019-06-28 09:36:00.000000000,99974,537,99942,537,99979,100,99938,100,99990,200,99928,100,99991,100,99924,100,99997,100,99923,200,100012,100,99921,100,100017,100,99909,100,100046,100,99889,100,100048,100,99876,100,100056,100,99868,100
2019-06-28 09:36:02.325130349,99974,537,99942,537,99979,100,99938,100,99990,200,99928,100,99991,100,99924,100,99997,100,99923,200,100012,100,99921,100,100017,100,99909,100,100046,100,99889,100,100048,100,99876,100,100056,100,99868,100
2019-06-28 09:36:10.000000000,99974,537,99942,537,99979,100,99938,100,99990,200,99928,100,99991,100,99924,100,99997,100,99923,200,100012,100,99921,100,100017,100,99909,100,100046,100,99889,100,100048,100,99876,100,100056,100,99868,100
2019-06-28 09:36:12.175899469,99974,437,99942,537,99979,100,99938,100,99990,200,99928,100,99991,100,99924,100,99997,100,99923,200,100012,100,99921,100,100017,100,99909,100,100046,100,99889,100,100048,100,99868,100,100056,100,99867,100
2019-06-28 09:36:18.113360569,99974,337,99942,537,99979,100,99938,100,99990,200,99928,100,99991,100,99924,100,99997,100,99923,200,100012,100,99921,100,100017,100,99909,100,100046,100,99889,100,100048,100,99868,100,100056,100,99867,100
2019-06-28 09:36:20.000000000,99979,249,99942,249,99990,344,99938,244,99991,244,99928,244,99997,100,99924,100,100012,100,99923,200,100017,100,99921,100,100046,100,99909,100,100048,100,99889,100,100056,100,99868,100,100060,100,99867,100
2019-06-28 09:36:30.000000000,99979,187,99942,187,99990,287,99938,187,99991,187,99928,187,99997,187,99924,187,100012,187,99923,287,100017,100,99921,100,100046,100,99909,100,100048,100,99889,100,100056,100,99868,100,100060,100,99867,100
2019-06-28 09:36:36.165409271,99979,187,99966,100,99990,287,99942,187,99991,187,99938,187,99997,187,99928,187,100012,187,99924,187,100017,100,99923,287,100046,100,99921,100,100048,100,99909,100,100056,100,99889,100,100060,100,99868,100
2019-06-28 09:36:40.000000000,99979,318,99966,318,99990,418,99942,318,99991,100,99938,100,99997,100,99928,100,100012,100,99924,100,100017,100,99923,200,100046,100,99921,100,100048,100,99909,100,100056,100,99889,100,100060,100,99868,100
2019-06-28 09:36:40.753753296,99979,318,99974,100,99990,418,99966,318,99991,100,99942,318,99997,100,99938,100,100012,100,99928,100,100017,100,99924,100,100046,100,99923,200,100048,100,99921,100,100056,100,99909,100,100060,100,99889,100
2019-06-28 09:36:41.560181974,99979,318,99974,200,99990,418,99966,318,99991,100,99942,318,99997,100,99938,100,100012,100,99928,100,100017,100,99924,100,100046,100,99923,200,100048,100,99921,100,100056,100,99909,100,100060,100,99889,100
2019-06-28 09:36:50.000000000,99979,209,99974,309,99990,309,99966,209,99991,209,99942,209,99997,209,99938,209,100012,100,99928,100,100017,100,99924,100,100046,100,99923,200,100048,100,99921,100,100056,100,99909,100,100060,100,99889,100
2019-06-28 09:36:58.255606305,99979,209,99974,309,99990,309,99966,209,99991,209,99942,209,99997,209,99938,209,100012,100,99928,100,100017,100,99924,100,100046,100,99923,200,100048,100,99921,100,100056,100,99909,100,100060,100,99889,100
2019-06-28 09:37:00.000000000,99979,249,99974,349,99990,344,99966,244,99991,244,99942,244,99997,100,99938,100,100012,100,99928,100,100017,100,99924,100,100046,100,99923,200,100048,100,99921,100,100056,100,99909,100,100060,100,99889,100
2019-06-28 09:37:06.593714317,99979,249,99974,349,99990,344,99966,244,99991,244,99942,244,99997,100,99938,100,100012,100,99928,100,100017,100,99924,100,100046,100,99923,200,100048,100,99921,100,100056,100,99909,100,100060,100,99889,100
2019-06-28 09:37:10.000000000,99979,318,99974,418,99990,418,99966,318,99991,100,99942,100,99997,100,99938,100,100012,100,99928,100,100017,100,99924,100,100046,100,99923,200,100048,100,99921,100,100056,100,99909,100,100060,100,99889,100
2019-06-28 09:37:10.307443843,99979,318,99974,418,99990,418,99966,318,99991,100,99942,100,99997,100,99938,100,100017,100,99928,100,100046,100,99924,100,100048,100,99923,200,100056,100,99921,100,100060,100,99909,100,100065,100,99889,100
2019-06-28 09:37:17.289766309,99979,218,99974,418,99990,418,99966,318,99991,100,99942,100,99997,100,99938,100,100017,100,99928,100,100046,100,99924,100,100048,100,99923,200,100056,100,99921,100,100060,100,99909,100,100065,100,99868,100
2019-06-28 09:37:20.000000000,99990,349,99974,349,99991,244,99966,244,99997,244,99942,244,100017,100,99938,100,100046,100,99928,100,100048,100,99924,100,100056,100,99923,200,100060,100,99921,100,100065,100,99909,100,100066,100,99868,100
2019-06-28 09:37:26.268115798,99990,349,99974,349,99991,244,99966,244,99997,244,99942,244,100017,100,99938,100,100046,100,99928,100,100048,100,99924,100,100056,100,99923,200,100060,100,99921,100,100065,100,99909,100,100066,100,99867,100
2019-06-28 09:37:30.000000000,99990,637,99974,637,99991,100,99966,100,99997,100,99942,100,100017,100,99938,100,100046,100,99928,100,100048,100,99924,100,100056,100,99923,200,100060,100,99921,100,100065,100,99909,100,100066,100,99867,100
2019-06-28 09:37:35.491881424,99990,637,99974,637,99991,100,99966,100,99997,100,99942,100,100017,100,99938,100,100046,100,99928,100,100048,100,99923,200,100056,100,99921,100,100060,100,99909,100,100065,100,99867,100,100066,100,99862,100
2019-06-28 09:37:39.065527336,99990,537,99974,637,99991,100,99966,100,99997,100,99938,100,100017,100,99928,100,100046,100,99923,200,100048,100,99921,100,100056,100,99909,100,100060,100,99867,100,100065,100,99862,100,100066,100,99860,100
2019-06-28 09:37:40.000000000,99990,537,99974,637,99991,100,99966,100,99997,100,99938,100,100017,100,99928,100,100046,100,99923,200,100048,100,99921,100,100056,100,99909,100,100060,100,99867,100,100065,100,99862,100,100066,100,99860,100
2019-06-28 09:37:45.738996267,99990,537,99979,100,99991,100,99974,637,99997,100,99966,100,100017,100,99938,100,100046,100,99928,100,100048,100,99923,200,100056,100,99921,100,100060,100,99909,100,100065,100,99867,100,100066,100,99862,100
2019-06-28 09:37:50.000000000,99990,537,99979,537,99991,100,99974,200,99997,100,99966,100,100017,100,99938,100,100046,100,99928,100,100048,100,99923,200,100056,100,99921,100,100060,100,99909,100,100065,100,99867,100,100066,100,99862,100
2019-06-28 09:38:00.000000000,99990,318,99979,318,99991,318,99974,418,99997,100,99966,100,100017,100,99938,100,100046,100,99928,100,100048,100,99923,200,100056,100,99921,100,100060,100,99909,100,100065,100,99867,100,100066,100,99862,100
2019-06-28 09:38:02.999094275,99990,318,99979,318,99991,318,99974,418,99997,100,99966,100,100017,100,99928,100,100046,100,99923,200,100048,100,99921,100,100056,100,99909,100,100060,100,99867,100,100065,100,99862,100,100066,100,99860,100
2019-06-28 09:38:10.000000000,99990,318,99979,318,99991,318,99974,418,99997,100,99966,100,100017,100,99928,100,100046,100,99923,200,100048,100,99921,100,100056,100,99909,100,100060,100,99867,100,100065,100,99862,100,100066,100,99860,100
2019-06-28 09:38:20.000000000,99990,209,99979,209,99991,209,99974,309,99997,209,99966,209,100017,209,99928,209,100046,100,99923,200,100048,100,99921,100,100056,100,99909,100,100060,100,99867,100,100065,100,99862,100,100066,100,99860,100
2019-06-28 09:38:26.831377714,99990,209,99979,209,99991,209,99974,309,99997,209,99966,209,100017,209,99928,209,100046,100,99923,200,100048,100,99921,100,100056,100,99867,100,100060,100,99862,100,100065,100,99860,100,100066,100,99848,100
2019-06-28 09:38:30.000000000,99990,249,99979,249,99991,244,99974,344,99997,244,99966,244,100017,100,99928,100,100046,100,99923,200,100048,100,99921,100,100056,100,99867,100,100060,100,99862,100,100065,100,99860,100,100066,100,99848,100
2019-06-28 09:38:36.819827980,99990,249,99979,349,99991,244,99974,244,99997,244,99966,244,100017,100,99928,100,100046,100,99923,200,100048,100,99921,100,100056,100,99867,100,100060,100,99862,100,100065,100,99860,100,100066,100,99848,100
2019-06-28 09:38:40.000000000,99990,187,99979,287,99991,187,99974,187,99997,187,99966,187,100017,187,99928,187,100046,187,99923,287,100048,100,99921,100,100056,100,99867,100,100060,100,99862,100,100065,100,99860,100,100066,100,99848,100
2019-06-28 09:38:50.000000000,99990,318,99979,418,99991,318,99974,318,99997,100,99966,100,100017,100,99928,100,100046,100,99923,200,100048,100,99921,100,100056,100,99867,100,100060,100,99862,100,100065,100,99860,100,100066,100,99848,100
2019-06-28 09:39:00.000000000,99990,318,99979,418,99991,318,99974,318,99997,100,99966,100,100017,100,99928,100,100046,100,99923,200,100048,100,99921,100,100056,100,99867,100,100060,100,99862,100,100065,100,99860,100,100066,100,99848,100
2019-06-28 09:39:10.000000000,99990,187,99979,287,99991,187,99974,187,99997,187,99966,187,100017,187,99928,187,100046,187,99923,287,100048,100,99921,100,100056,100,99867,100,100060,100,99862,100,100065,100,99860,100,100066,100,99848,100
2019-06-28 09:39:15.636024250,99990,87,99979,287,99991,187,99974,187,99997,187,99966,187,100017,187,99928,187,100046,187,99923,287,100048,100,99921,100,100056,100,99867,100,100060,100,99862,100,100065,100,99860,100,100066,100,99848,100
2019-06-28 09:39:20.000000000,99991,318,99979,418,99997,318,99974,318,100017,100,99966,100,100046,100,99928,100,100048,100,99923,200,100056,100,99921,100,100060,100,99867,100,100065,100,99862,100,100066,100,99860,100,100087,100,99848,100
2019-06-28 09:39:30.000000000,99991,537,99979,637,99997,100,99974,100,100017,100,99966,100,100046,100,99928,100,100048,100,99923,200,100056,100,99921,100,100060,100,99867,100,100065,100,99862,100,100066,100,99860,100,100087,100,99848,100
2019-06-28 09:39:31.522146122,99991,537,99979,637,99997,100,99974,100,100017,100,99966,100,100046,100,99928,100,100048,100,99923,100,100056,100,99921,100,100060,100,99867,100,100065,100,99862,100,100066,100,99860,100,100087,100,99848,100
2019-06-28 09:39:40.000000000,99991,537,99979,637,99997,100,99974,100,100017,100,99966,100,100046,100,99928,100,100048,100,99923,100,100056,100,99921,100,100060,100,99867,100,100065,100,99862,100,100066,100,99860,100,100087,100,99848,100
2019-06-28 09:39:44.525458276,99991,537,99979,637,99997,100,99974,100,100046,100,99966,100,100048,100,99928,100,100056,100,99923,100,100060,100,99921,100,100065,100,99867,100,100066,100,99862,100,100087,100,99860,100,100094,100,99848,100
2019-06-28 09:39:50.000000000,99991,187,99979,287,99997,187,99974,187,100046,187,99966,187,100048,187,99928,187,100056,187,99923,187,100060,100,99921,100,100065,100,99867,100,100066,100,99862,100,100087,100,99860,100,100094,100,99848,100
2019-06-28 09:40:00.000000000,99991,187,99979,287,99997,187,99974,187,100046,187,99966,187,100048,187,99928,187,100056,187,99923,187,100060,100,99921,100,100065,100,99867,100,100066,100,99862,100,100087,100,99860,100,100094,100,99848,100
2019-06-28 09:40:06.874515182,99991,187,99990,100,99997,187,99979,287,100046,187,99974,187,100048,187,99966,187,100056,187,99928,187,100060,100,99923,187,100065,100,99921,100,100066,100,99867,100,100087,100,99862,100,100094,100,99860,100
2019-06-28 09:40:10.000000000,99991,187,99990,187,99997,187,99979,287,100046,187,99974,187,100048,187,99966,187,100056,187,99928,187,100060,100,99923,100,100065,100,99921,100,100066,100,99867,100,100087,100,99862,100,100094,100,99860,100
2019-06-28 09:40:20.000000000,99991,537,99990,537,99997,100,99979,200,100046,100,99974,100,100048,100,99966,100,100056,100,99928,100,100060,100,99923,100,100065,100,99921,100,100066,100,99867,100,100087,100,99862,100,100094,100,99860,100
2019-06-28 09:40:22.891868382,99991,437,99990,537,99997,100,99979,200,100046,100,99974,100,100048,100,99966,100,100056,100,99928,100,100060,100,99923,100,100065,100,99921,100,100066,100,99867,100,100087,100,99862,100,100094,100,99860,100
2019-06-28 09:40:30.000000000,99997,537,99990,537,100046,100,99979,200,100048,100,99974,100,100056,100,99966,100,100060,100,99928,100,100065,100,99923,100,100066,100,99921,100,100087,100,99867,100,100094,100,99862,100,100106,100,99860,100
2019-06-28 09:40:37.211279776,99997,437,99990,537,100046,100,99979,200,100048,100,99974,100,100056,100,99966,100,100060,100,99928,100,100065,100,99923,100,100066,100,99921,100,100087,100,99867,100,100094,100,99862,100,100106,100,99860,100
2019-06-28 09:40:40.000000000,100046,537,99990,537,100048,100,99979,200,100056,100,99974,100,100060,100,99966,100,100065,100,99928,100,100066,100,99923,100,100087,100,99921,100,100094,100,99867,100,100106,100,99862,100,100124,100,99860,100
2019-06-28 09:40:50.000000000,100046,209,99990,209,100048,209,99979,309,100056,209,99974,209,100060,209,99966,209,100065,100,99928,100,100066,100,99923,100,100087,100,99921,100,100094,100,99867,100,100106,100,99862,100,100124,100,99860,100
2019-06-28 09:40:55.336454047,100046,209,99990,209,100048,209,99979,309,100056,209,99974,209,100060,209,99966,209,100065,100,99928,100,100066,100,99923,100,100087,100,99921,100,100094,100,99867,100,100106,100,99862,100,100124,100,99860,100
2019-06-28 09:40:56.137591339,100046,209,99991,100,100048,209,99990,209,100056,209,99979,309,100060,209,99974,209,100065,100,99966,209,100066,100,99928,100,100087,100,99923,100,100094,100,99921,100,100106,100,99867,100,100124,100,99862,100
2019-06-28 09:41:00.000000000,100046,209,99991,209,100048,209,99990,209,100056,209,99979,309,100060,209,99974,209,100065,100,99966,100,100066,100,99928,100,100087,100,99923,100,100094,100,99921,100,100106,100,99867,100,100124,100,99862,100
2019-06-28 09:41:10.000000000,100046,537,99991,537,100048,100,99990,100,100056,100,99979,200,100060,100,99974,100,100065,100,99966,100,100066,100,99928,100,100087,100,99923,100,100094,100,99921,100,100106,100,99867,100,100124,100,99862,100
2019-06-28 09:41:20.000000000,100046,187,99991,187,100048,187,99990,187,100056,187,99979,287,100060,187,99974,187,100065,187,99966,187,100066,100,99928,100,100087,100,99923,100,100094,100,99921,100,100106,100,99867,100,100124,100,99862,100
2019-06-28 09:41:29.814095069,100046,187,99991,87,100048,187,99990,87,100056,187,99979,287,100060,187,99974,187,100065,187,99966,187,100066,100,99928,100,100087,100,99923,100,100094,100,99921,100,100106,100,99867,100,100124,100,99862,100
2019-06-28 09:41:30.000000000,100046,187,99979,287,100048,187,99974,187,100056,187,99966,187,100060,187,99928,187,100065,187,99923,187,100066,100,99921,100,100087,100,99867,100,100094,100,99862,100,100106,100,99860,100,100124,100,99848,100
2019-06-28 09:41:40.000000000,100046,537,99979,637,100048,100,99974,100,100056,100,99966,100,100060,100,99928,100,100065,100,99923,100,100066,100,99921,100,100087,100,99867,100,100094,100,99862,100,100106,100,99860,100,100124,100,99848,100
2019-06-28 09:41:50.000000000,100046,209,99979,309,100048,209,99974,209,100056,209,99966,209,100060,209,99928,209,100065,100,99923,100,100066,100,99921,100,100087,100,99867,100,100094,100,99862,100,100106,100,99860,100,100124,100,99848,100
2019-06-28 09:42:00.000000000,100046,187,99979,287,100048,187,99974,187,100056,187,99966,187,100060,187,99928,187,100065,187,99923,187,100066,100,99921,100,100087,100,99867,100,100094,100,99862,100,100106,100,99860,100,100124,100,99848,100
2019-06-28 09:42:05.871431577,100046,187,99979,287,100048,187,99974,187,100056,187,99966,187,100060,187,99928,187,100065,187,99923,187,100066,100,99921,100,100087,100,99867,100,100094,100,99862,100,100106,100,99860,100,100124,100,99848,100
2019-06-28 09:42:10.000000000,100046,318,99979,418,100048,318,99974,318,100056,100,99966,100,100060,100,99928,100,100065,100,99923,100,100066,100,99921,100,100087,100,99867,100,100094,100,99862,100,100106,100,99860,100,100124,100,99848,100
2019-06-28 09:42:20.000000000,100046,318,99979,418,100048,318,99974,318,100056,100,99966,100,100060,100,99928,100,100065,100,99923,100,100066,100,99921,100,100087,100,99867,100,100094,100,99862,100,100106,100,99860,100,100124,100,99848,100
2019-06-28 09:42:23.975407362,100046,318,99979,318,100048,318,99974,318,100056,100,99966,100,100060,100,99928,100,100065,100,99923,100,100066,100,99921,100,100087,100,99867,100,100094,100,99862,100,100106,100,99860,100,100124,100,99848,100
2019-06-28 09:42:30.000000000,100046,209,99979,209,100048,209,99974,209,100056,209,99966,209,100060,209,99928,209,100065,100,99923,100,100066,100,99921,100,100087,100,99867,100,100094,100,99862,100,100106,100,99860,100,100124,100,99848,100
2019-06-28 09:42:30.164581019,100046,209,99979,209,100048,209,99974,209,100056,209,99966,209,100060,209,99928,209,100065,100,99923,100,100066,100,99921,100,100087,100,99867,100,100094,100,99862,100,100099,100,99860,100,100106,100,99848,100
2019-06-28 09:42:40.000000000,100046,318,99979,318,100048,318,99974,318,100056,100,99966,100,100060,100,99928,100,100065,100,99923,100,100066,100,99921,100,100087,100,99867,100,100094,100,99862,100,100099,100,99860,100,100106,100,99848,100
2019-06-28 09:42:46.387203606,99996,100,99979,318,100046,318,99974,318,100048,318,99966,100,100056,100,99928,100,100060,100,99923,100,100065,100,99921,100,100066,100,99867,100,100087,100,99862,100,100094,100,99860,100,100099,100,99848,100
2019-06-28 09:42:50.000000000,99996,187,99979,187,100046,187,99974,187,100048,187,99966,187,100056,187,99928,187,100060,187,99923,187,100065,100,99921,100,100066,100,99867,100,100087,100,99862,100,100094,100,99860,100,100099,100,99848,100
2019-06-28 09:43:00.000000000,99996,187,99979,187,100046,187,99974,187,100048,187,99966,187,100056,187,99928,187,100060,187,99923,187,100065,100,99921,100,100066,100,99867,100,100087,100,99862,100,100094,100,99860,100,100099,100,99848,100
2019-06-28 09:43:04.564237359,99996,187,99979,187,100046,187,99974,187,100048,187,99966,187,100056,187,99928,187,100060,187,99923,187,100065,100,99921,100,100066,100,99895,100,100087,100,99867,100,100094,100,99862,100,100099,100,99860,100
2019-06-28 09:43:08.676083560,99996,287,99979,187,100046,187,99974,187,100048,187,99966,187,100056,187,99928,187,100060,187,99923,187,100065,100,99921,100,100066,100,99895,100,100087,100,99867,100,100094,100,99862,100,100099,100,99860,100
2019-06-28 09:43:10.000000000,99996,349,99979,249,100046,244,99974,244,100048,244,99966,244,100056,100,99928,100,100060,100,99923,100,100065,100,99921,100,100066,100,99895,100,100087,100,99867,100,100094,100,99862,100,100099,100,99860,100
2019-06-28 09:43:20.000000000,99996,349,99979,249,100046,244,99974,244,100048,244,99966,244,100056,100,99928,100,100060,100,99923,100,100065,100,99921,100,100066,100,99895,100,100087,100,99867,100,100094,100,99862,100,100099,100,99860,100
2019-06-28 09:43:30.000000000,99996,287,99979,187,100046,187,99974,187,100048,187,99966,187,100056,187,99928,187,100060,187,99923,187,100065,100,99921,100,100066,100,99895,100,100087,100,99867,100,100094,100,99862,100,100099,100,99860,100
2019-06-28 09:43:40.000000000,99996,309,99979,209,100046,209,99974,209,100048,209,99966,209,100056,209,99928,209,100060,100,99923,100,100065,100,99921,100,100066,100,99895,100,100087,100,99867,100,100094,100,99862,100,100099,100,99860,100
2019-06-28 09:43:50.000000000,99996,349,99979,249,100046,244,99974,244,100048,244,99966,244,100056,100,99928,100,100060,100,99923,100,100065,100,99921,100,100066,100,99895,100,100087,100,99867,100,100094,100,99862,100,100099,100,99860,100
2019-06-28 09:44:00.000000000,99996,287,99979,187,100046,187,99974,187,100048,187,99966,187,100056,187,99928,187,100060,187,99923,187,100065,100,99921,100,100066,100,99895,100,100087,100,99867,100,100094,100,99862,100,100099,100,99860,100
2019-06-28 09:44:07.098221844,99996,287,99979,187,100046,187,99974,187,100048,187,99966,187,100056,87,99928,187,100060,187,99923,187,100065,100,99921,100,100066,100,99895,100,100087,100,99867,100,100094,100,99862,100,100099,100,99860,100
2019-06-28 09:44:10.000000000,99996,287,99979,187,100046,187,99974,187,100048,187,99966,187,100060,187,99928,187,100065,187,99923,187,100066,100,99921,100,100087,100,99895,100,100094,100,99867,100,100099,100,99862,100,100106,100,99860,100
2019-06-28 09:44:20.000000000,99996,287,99979,187,100046,187,99974,187,100048,187,99966,187,100060,187,99928,187,100065,187,99923,187,100066,100,99921,100,100087,100,99895,100,100094,100,99867,100,100099,100,99862,100,100106,100,99860,100
2019-06-28 09:44:30.000000000,99996,309,99979,209,100046,209,99974,209,100048,209,99966,209,100060,209,99928,209,100065,100,99923,100,100066,100,99921,100,100087,100,99895,100,100094,100,99867,100,100099,100,99862,100,100106,100,99860,100
2019-06-28 09:44:40.000000000,99996,418,99979,318,100046,318,99974,318,100048,100,99966,100,100060,100,99928,100,100065,100,99923,100,100066,100,99921,100,100087,100,99895,100,100094,100,99867,100,100099,100,99862,100,100106,100,99860,100
2019-06-28 09:44:41.225235058,99996,418,99979,218,100046,318,99974,318,100048,100,99966,100,100060,100,99928,100,100065,100,99923,100,100066,100,99921,100,100087,100,99895,100,100094,100,99867,100,100099,100,99862,100,100106,100,99860,100
2019-06-28 09:44:50.000000000,99996,287,99974,187,100046,187,99966,187,100048,187,99928,187,100060,187,99923,187,100065,187,99921,187,100066,100,99895,100,100087,100,99867,100,100094,100,99862,100,100099,100,99860,100,100106,100,99848,100
2019-06-28 09:45:00.000000000,99996,637,99974,537,100046,100,99966,100,100048,100,99928,100,100060,100,99923,100,100065,100,99921,100,100066,100,99895,100,100087,100,99867,100,100094,100,99862,100,100099,100,99860,100,100106,100,99848,100
2019-06-28 09:45:06.736712286,99996,637,99974,437,100046,100,99966,100,100048,100,99928,100,100060,100,99923,100,100065,100,99921,100,100066,100,99895,100,100087,100,99867,100,100094,100,99862,100,100099,100,99860,100,100106,100,99848,100
2019-06-28 09:45:10.000000000,99996,637,99966,537,100046,100,99928,100,100048,100,99923,100,100060,100,99921,100,100065,100,99895,100,100066,100,99867,100,100087,100,99862,100,100094,100,99860,100,100099,100,99848,100,100106,100,99823,100
2019-06-28 09:45:17.101490588,99996,637,99966,437,100046,100,99928,100,100048,100,99923,100,100060,100,99921,100,100065,100,99895,100,100066,100,99867,100,100087,100,99862,100,100094,100,99860,100,100099,100,99848,100,100106,100,99823,100
2019-06-28 09:45:20.000000000,99996,418,99928,318,100046,318,99923,318,100048,100,99921,100,100060,100,99895,100,100065,100,99867,100,100066,100,99862,100,100087,100,99860,100,100094,100,99848,100,100099,100,99823,100,100106,100,99810,100
2019-06-28 09:45:30.000000000,99996,637,99928,537,100046,100,99923,100,100048,100,99921,100,100060,100,99895,100,100065,100,99867,100,100066,100,99862,100,100087,100,99860,100,100094,100,99848,100,100099,100,99823,100,100106,100,99810,100
2019-06-28 09:45:35.630982080,99974,100,99928,537,99996,637,99923,100,100046,100,99921,100,100048,100,99895,100,100060,100,99867,100,100065,100,99862,100,100066,100,99860,100,100087,100,99848,100,100094,100,99823,100,100099,100,99810,100
2019-06-28 09:45:40.000000000,99974,537,99928,537,99996,200,99923,100,100046,100,99921,100,100048,100,99895,100,100060,100,99867,100,100065,100,99862,100,100066,100,99860,100,100087,100,99848,100,100094,100,99823,100,100099,100,99810,100
2019-06-28 09:45:45.821019155,99974,537,99928,537,99996,200,99923,100,100046,100,99921,100,100048,100,99895,100,100060,100,99867,100,100065,100,99862,100,100066,100,99860,100,100087,100,99848,100,100094,100,99823,100,100099,100,99810,100
2019-06-28 09:45:46.944276504,99974,537,99928,537,99996,200,99923,100,100046,100,99921,100,100048,100,99895,100,100060,100,99867,100,100065,100,99862,100,100066,100,99860,100,100087,100,99848,100,100094,100,99810,100,100099,100,99809,100
2019-06-28 09:45:50.000000000,99974,318,99928,318,99996,418,99923,318,100046,100,99921,100,100048,100,99895,100,100060,100,99867,100,100065,100,99862,100,100066,100,99860,100,100087,100,99848,100,100094,100,99810,100,100099,100,99809,100
2019-06-28 09:45:55.347773496,99974,318,99928,318,99996,418,99923,318,100046,100,99921,100,100048,100,99895,100,100060,100,99867,100,100065,100,99860,100,100066,100,99848,100,100087,100,99810,100,100094,100,99809,100,100099,100,99633,100
2019-06-28 09:46:00.000000000,99974,209,99928,209,99996,309,99923,209,100046,209,99921,209,100048,209,99895,209,100060,100,99867,100,100065,100,99860,100,100066,100,99848,100,100087,100,99810,100,100094,100,99809,100,100099,100,99633,100
2019-06-28 09:46:10.000000000,99974,537,99928,537,99996,200,99923,100,100046,100,99921,100,100048,100,99895,100,100060,100,99867,100,100065,100,99860,100,100066,100,99848,100,100087,100,99810,100,100094,100,99809,100,100099,100,99633,100
2019-06-28 09:46:20.000000000,99974,249,99928,249,99996,344,99923,244,100046,244,99921,244,100048,100,99895,100,100060,100,99867,100,100065,100,99860,100,100066,100,99848,100,100087,100,99810,100,100094,100,99809,100,100099,100,99633,100
2019-06-28 09:46:30.000000000,99974,318,99928,318,99996,418,99923,318,100046,100,99921,100,100048,100,99895,100,100060,100,99867,100,100065,100,99860,100,100066,100,99848,100,100087,100,99810,100,100094,100,99809,100,100099,100,99633,100
2019-06-28 09:46:38.183610364,99974,318,99928,318,99996,418,99923,318,100046,100,99921,100,100048,100,99895,100,100060,100,99867,100,100065,100,99860,100,100066,100,99848,100,100087,100,99810,100,100094,100,99809,100,100106,100,99633,100
2019-06-28 09:46:40.000000000,99974,537,99928,537,99996,200,99923,100,100046,100,99921,100,100048,100,99895,100,100060,100,99867,100,100065,100,99860,100,100066,100,99848,100,100087,100,99810,100,100094,100,99809,100,100106,100,99633,100
2019-06-28 09:46:50.000000000,99974,318,99928,318,99996,418,99923,318,100046,100,99921,100,100048,100,99895,100,100060,100,99867,100,100065,100,99860,100,100066,100,99848,100,100087,100,99810,100,100094,100,99809,100,100106,100,99633,100
2019-06-28 09:46:52.288128151,99974,318,99928,218,99996,418,99923,318,100046,100,99921,100,100048,100,99895,100,100060,100,99867,100,100065,100,99860,100,100066,100,99848,100,100087,100,99810,100,100094,100,99809,100,100106,100,99633,100
2019-06-28 09:46:52.612858898,99974,318,99928,218,99996,418,99923,318,100046,100,99921,100,100048,100,99895,100,100060,100,99867,100,100065,100,99860,100,100066,100,99848,100,100087,100,99810,100,100094,100,99809,100,100106,100,99700,100
2019-06-28 09:46:56.350288318,99974,318,99928,218,99996,418,99923,318,100046,100,99921,100,100048,100,99895,100,100060,100,99867,100,100065,100,99860,100,100066,100,99848,100,100087,100,99810,100,100094,100,99809,100,100106,100,99722,100
2019-06-28 09:47:00.000000000,99974,537,99923,537,99996,200,99921,100,100046,100,99895,100,100048,100,99867,100,100060,100,99860,100,100065,100,99848,100,100066,100,99810,100,100087,100,99809,100,100094,100,99722,100,100106,100,99700,100
2019-06-28 09:47:10.000000000,99974,187,99923,187,99996,287,99921,187,100046,187,99895,187,100048,187,99867,187,100060,187,99860,187,100065,100,99848,100,100066,100,99810,100,100087,100,99809,100,100094,100,99722,100,100106,100,99700,100
2019-06-28 09:47:20.000000000,99974,209,99923,209,99996,309,99921,209,100046,209,99895,209,100048,209,99867,209,100060,100,99860,100,100065,100,99848,100,100066,100,99810,100,100087,100,99809,100,100094,100,99722,100,100106,100,99700,100
2019-06-28 09:47:30.000000000,99974,249,99923,249,99996,344,99921,244,100046,244,99895,244,100048,100,99867,100,100060,100,99860,100,100065,100,99848,100,100066,100,99810,100,100087,100,99809,100,100094,100,99722,100,100106,100,99700,100
2019-06-28 09:47:40.000000000,99974,318,99923,318,99996,418,99921,318,100046,100,99895,100,100048,100,99867,100,100060,100,99860,100,100065,100,99848,100,100066,100,99810,100,100087,100,99809,100,100094,100,99722,100,100106,100,99700,100
2019-06-28 09:47:50.000000000,99974,318,99923,318,99996,418,99921,318,100046,100,99895,100,100048,100,99867,100,100060,100,99860,100,100065,100,99848,100,100066,100,99810,100,100087,100,99809,100,100094,100,99722,100,100106,100,99700,100
2019-06-28 09:47:50.152772663,99966,100,99923,218,99974,318,99921,318,99996,418,99895,100,100046,100,99867,100,100048,100,99860,100,100060,100,99848,100,100065,100,99810,100,100066,100,99809,100,100087,100,99722,100,100094,100,99700,100
2019-06-28 09:48:00.000000000,99966,537,99921,537,99974,100,99895,100,99996,200,99867,100,100046,100,99860,100,100048,100,99848,100,100060,100,99810,100,100065,100,99809,100,100066,100,99722,100,100087,100,99700,100,100094,100,99633,100
2019-06-28 09:48:10.000000000,99966,187,99921,187,99974,187,99895,187,99996,287,99867,187,100046,187,99860,187,100048,187,99848,187,100060,100,99810,100,100065,100,99809,100,100066,100,99722,100,100087,100,99700,100,100094,100,99633,100
2019-06-28 09:48:20.000000000,99966,249,99921,249,99974,244,99895,244,99996,344,99867,244,100046,100,99860,100,100048,100,99848,100,100060,100,99810,100,100065,100,99809,100,100066,100,99722,100,100087,100,99700,100,100094,100,99633,100
2019-06-28 09:48:30.000000000,99966,209,99921,209,99974,209,99895,209,99996,309,99867,209,100046,209,99860,209,100048,100,99848,100,100060,100,99810,100,100065,100,99809,100,100066,100,99722,100,100087,100,99700,100,100094,100,99633,100
2019-06-28 09:48:40.000000000,99966,209,99921,209,99974,209,99895,209,99996,309,99867,209,100046,209,99860,209,100048,100,99848,100,100060,100,99810,100,100065,100,99809,100,100066,100,99722,100,100087,100,99700,100,100094,100,99633,100
2019-06-28 09:48:50.000000000,99966,187,99921,187,99974,187,99895,187,99996,287,99867,187,100046,187,99860,187,100048,187,99848,187,100060,100,99810,100,100065,100,99809,100,100066,100,99722,100,100087,100,99700,100,100094,100,99633,100
2019-06-28 09:48:51.483768005,99966,187,99921,187,99974,187,99895,187,99996,287,99867,187,100046,187,99860,187,100048,187,99848,187,100060,100,99810,100,100065,100,99809,100,100066,100,99722,100,100087,100,99700,100,100106,100,99633,100
2019-06-28 09:48:55.690025923,99966,187,99921,87,99974,187,99895,187,99996,287,99867,187,100046,187,99860,187,100048,187,99848,187,100060,100,99810,100,100065,100,99809,100,100066,100,99722,100,100087,100,99700,100,100106,100,99633,100
2019-06-28 09:49:00.000000000,99966,318,99895,318,99974,318,99867,318,99996,200,99860,100,100046,100,99848,100,100048,100,99810,100,100060,100,99809,100,100065,100,99722,100,100066,100,99700,100,100087,100,99633,100,100106,100,99612,100
2019-06-28 09:49:10.000000000,99966,249,99895,249,99974,244,99867,244,99996,344,99860,244,100046,100,99848,100,100048,100,99810,100,100060,100,99809,100,100065,100,99722,100,100066,100,99700,100,100087,100,99633,100,100106,100,99612,100
2019-06-28 09:49:16.752923616,99966,249,99895,249,99974,244,99867,244,99996,344,99860,244,100046,100,99848,100,100048,100,99810,100,100060,100,99809,100,100065,100,99722,100,100087,100,99700,100,100106,100,99633,100,100124,100,99612,100
2019-06-28 09:49:20.000000000,99966,318,99895,318,99974,318,99867,318,99996,200,99860,100,100046,100,99848,100,100048,100,99810,100,100060,100,99809,100,100065,100,99722,100,100087,100,99700,100,100106,100,99633,100,100124,100,99612,100
2019-06-28 09:49:30.000000000,99966,537,99895,537,99974,100,99867,100,99996,200,99860,100,100046,100,99848,100,100048,100,99810,100,100060,100,99809,100,100065,100,99722,100,100087,100,99700,100,100106,100,99633,100,100124,100,99612,100
2019-06-28 09:49:32.713853315,99966,537,99895,537,99974,100,99867,100,99996,200,99860,100,100046,100,99848,100,100048,100,99810,100,100060,100,99809,100,100065,100,99722,100,100087,100,99700,100,100106,100,99633,100,100124,100,99612,100
2019-06-28 09:49:35.271273413,99966,537,99895,437,99974,100,99867,100,99996,200,99860,100,100046,100,99848,100,100048,100,99810,100,100060,100,99809,100,100065,100,99722,100,100087,100,99700,100,100106,100,99633,100,100124,100,99612,100
2019-06-28 09:49:40.000000000,99966,187,99867,187,99974,187,99860,187,99996,287,99848,187,100046,187,99810,187,100048,187,99809,187,100060,100,99722,100,100065,100,99700,100,100087,100,99633,100,100106,100,99612,100,100124,100,99603,100
2019-06-28 09:49:50.000000000,99966,318,99867,318,99974,318,99860,318,99996,200,99848,100,100046,100,99810,100,100048,100,99809,100,100060,100,99722,100,100065,100,99700,100,100087,100,99633,100,100106,100,99612,100,100124,100,99603,100
2019-06-28 09:49:52.176738873,99966,318,99867,218,99974,318,99860,318,99996,200,99848,100,100046,100,99810,100,100048,100,99809,100,100060,100,99722,100,100065,100,99700,100,100087,100,99633,100,100106,100,99612,100,100124,100,99603,100
2019-06-28 09:49:53.529704402,99966,318,99867,118,99974,318,99860,318,99996,200,99848,100,100046,100,99810,100,100048,100,99809,100,100060,100,99722,100,100087,100,99700,100,100106,100,99633,100,100124,100,99612,100,100129,100,99603,100
2019-06-28 09:50:00.000000000,99966,249,99860,249,99974,244,99848,244,99996,344,99810,244,100046,100,99809,100,100048,100,99722,100,100060,100,99700,100,100087,100,99633,100,100106,100,99612,100,100124,100,99603,100,100129,100,99410,100
2019-06-28 09:50:10.000000000,99966,187,99860,187,99974,187,99848,187,99996,287,99810,187,100046,187,99809,187,100048,187,99722,187,100060,100,99700,100,100087,100,99633,100,100106,100,99612,100,100124,100,99603,100,100129,100,99410,100
2019-06-28 09:50:20.000000000,99966,537,99860,537,99974,100,99848,100,99996,200,99810,100,100046,100,99809,100,100048,100,99722,100,100060,100,99700,100,100087,100,99633,100,100106,100,99612,100,100124,100,99603,100,100129,100,99410,100
2019-06-28 09:50:30.000000000,99966,209,99860,209,99974,209,99848,209,99996,309,99810,209,100046,209,99809,209,100048,100,99722,100,100060,100,99700,100,100087,100,99633,100,100106,100,99612,100,100124,100,99603,100,100129,100,99410,100
2019-06-28 09:50:35.093595775,99966,209,99860,109,99974,209,99848,209,99996,309,99810,209,100046,209,99809,209,100048,100,99722,100,100060,100,99700,100,100087,100,99633,100,100106,100,99612,100,100124,100,99603,100,100129,100,99410,100
2019-06-28 09:50:40.000000000,99966,249,99848,249,99974,244,99810,244,99996,344,99809,244,100046,100,99722,100,100048,100,99700,100,100060,100,99633,100,100087,100,99612,100,100106,100,99603,100,100124,100,99410,100,100129,100,99312,100
2019-06-28 09:50:50.000000000,99966,318,99848,318,99974,318,99810,318,99996,200,99809,100,100046,100,99722,100,100048,100,99700,100,100060,100,99633,100,100087,100,99612,100,100106,100,99603,100,100124,100,99410,100,100129,100,99312,100
2019-06-28 09:50:56.118698208,99966,318,99848,318,99974,318,99810,318,99996,100,99809,100,100046,100,99722,100,100048,100,99700,100,100060,100,99633,100,100087,100,99612,100,100106,100,99603,100,100124,100,99410,100,100129,100,99312,100
2019-06-28 09:51:00.000000000,99966,249,99848,249,99974,244,99810,244,99996,244,99809,244,100046,100,99722,100,100048,100,99700,100,100060,100,99633,100,100087,100,99612,100,100106,100,99603,100,100124,100,99410,100,100129,100,99312,100
2019-06-28 09:51:01.941010214,99867,100,99848,249,99966,249,99810,244,99974,244,99809,244,99996,244,99722,100,100046,100,99700,100,100048,100,99633,100,100060,100,99612,100,100087,100,99603,100,100106,100,99410,100,100124,100,99312,100
2019-06-28 09:51:07.466651216,99867,200,99848,249,99966,249,99810,244,99974,244,99809,244,99996,244,99722,100,100046,100,99700,100,100048,100,99633,100,100060,100,99612,100,100087,100,99603,100,100106,100,99410,100,100124,100,99312,100
2019-06-28 09:51:10.000000000,99867,349,99848,249,99966,244,99810,244,99974,244,99809,244,99996,100,99722,100,100046,100,99700,100,100048,100,99633,100,100060,100,99612,100,100087,100,99603,100,100106,100,99410,100,100124,100,99312,100
2019-06-28 09:51:13.145447658,99867,349,99848,249,99966,244,99810,244,99974,244,99809,244,99996,100,99722,100,100046,100,99700,100,100048,100,99633,100,100060,100,99612,100,100087,100,99603,100,100106,100,99410,100,100124,100,99312,100
2019-06-28 09:51:20.000000000,99867,637,99848,537,99966,100,99810,100,99974,100,99809,100,99996,100,99722,100,100046,100,99700,100,100048,100,99633,100,100060,100,99612,100,100087,100,99603,100,100106,100,99410,100,100124,100,99312,100
2019-06-28 09:51:30.000000000,99867,309,99848,209,99966,209,99810,209,99974,209,99809,209,99996,209,99722,209,100046,100,99700,100,100048,100,99633,100,100060,100,99612,100,100087,100,99603,100,100106,100,99410,100,100124,100,99312,100
2019-06-28 09:51:40.000000000,99867,418,99848,318,99966,318,99810,318,99974,100,99809,100,99996,100,99722,100,100046,100,99700,100,100048,100,99633,100,100060,100,99612,100,100087,100,99603,100,100106,100,99410,100,100124,100,99312,100
2019-06-28 09:51:42.706031423,99867,418,99848,318,99966,218,99810,318,99974,100,99809,100,99996,100,99722,100,100046,100,99700,100,100048,100,99633,100,100060,100,99612,100,100087,100,99603,100,100106,100,99410,100,100124,100,99312,100
2019-06-28 09:51:50.000000000,99867,309,99848,209,99974,209,99810,209,99996,209,99809,209,100046,209,99722,209,100048,100,99700,100,100060,100,99633,100,100087,100,99612,100,100106,100,99603,100,100124,100,99410,100,100129,100,99312,100
2019-06-28 09:52:00.000000000,99867,309,99848,209,99974,209,99810,209,99996,209,99809,209,100046,209,99722,209,100048,100,99700,100,100060,100,99633,100,100087,100,99612,100,100106,100,99603,100,100124,100,99410,100,100129,100,99312,100
2019-06-28 09:52:03.846982692,99867,309,99848,209,99974,209,99810,209,99996,209,99809,209,100046,209,99722,209,100048,100,99700,100,100060,100,99633,100,100087,100,99612,100,100106,100,99603,100,100124,100,99434,100,100129,100,99410,100
2019-06-28 09:52:07.336763793,99867,309,99848,209,99974,209,99810,209,99996,209,99809,209,100046,209,99722,209,100060,100,99700,100,100087,100,99633,100,100106,100,99612,100,100124,100,99603,100,100129,100,99434,100,100204,100,99410,100
2019-06-28 09:52:10.000000000,99867,287,99848,187,99974,187,99810,187,99996,187,99809,187,100046,187,99722,187,100060,187,99700,187,100087,100,99633,100,100106,100,99612,100,100124,100,99603,100,100129,100,99434,100,100204,100,99410,100
2019-06-28 09:52:20.000000000,99867,349,99848,249,99974,244,99810,244,99996,244,99809,244,100046,100,99722,100,100060,100,99700,100,100087,100,99633,100,100106,100,99612,100,100124,100,99603,100,100129,100,99434,100,100204,100,99410,100
2019-06-28 09:52:27.280951295,99867,349,99861,100,99974,244,99848,249,99996,244,99810,244,100046,100,99809,244,100060,100,99722,100,100087,100,99700,100,100106,100,99633,100,100124,100,99612,100,100129,100,99603,100,100204,100,99434,100
2019-06-28 09:52:30.000000000,99867,637,99861,537,99974,100,99848,100,99996,100,99810,100,100046,100,99809,100,100060,100,99722,100,100087,100,99700,100,100106,100,99633,100,100124,100,99612,100,100129,100,99603,100,100204,100,99434,100
2019-06-28 09:52:36.041113339,99867,737,99861,537,99974,100,99848,100,99996,100,99810,100,100046,100,99809,100,100060,100,99722,100,100087,100,99700,100,100106,100,99633,100,100124,100,99612,100,100129,100,99603,100,100204,100,99434,100
2019-06-28 09:52:40.000000000,99867,387,99861,187,99974,187,99848,187,99996,187,99810,187,100046,187,99809,187,100060,187,99722,187,100087,100,99700,100,100106,100,99633,100,100124,100,99612,100,100129,100,99603,100,100204,100,99434,100
2019-06-28 09:52:40.388139175,99867,287,99861,187,99974,187,99848,187,99996,187,99810,187,100046,187,99809,187,100060,187,99722,187,100087,100,99700,100,100106,100,99633,100,100124,100,99612,100,100129,100,99603,100,100204,100,99434,100
2019-06-28 09:52:50.000000000,99867,309,99861,209,99974,209,99848,209,99996,209,99810,209,100046,209,99809,209,100060,100,99722,100,100087,100,99700,100,100106,100,99633,100,100124,100,99612,100,100129,100,99603,100,100204,100,99434,100
2019-06-28 09:52:56.165113063,99867,309,99861,209,99974,209,99848,209,99996,209,99810,209,100046,209,99809,209,100060,100,99722,100,100087,100,99700,100,100106,100,99633,100,100124,100,99612,100,100129,100,99603,100,100204,100,99434,100
2019-06-28 09:53:00.000000000,99867,637,99861,537,99974,100,99848,100,99996,100,99810,100,100046,100,99809,100,100060,100,99722,100,100087,100,99700,100,100106,100,99633,100,100124,100,99612,100,100129,100,99603,100,100204,100,99434,100
2019-06-28 09:53:05.473433407,99867,637,99862,100,99974,100,99861,437,99996,100,99848,100,100046,100,99810,100,100060,100,99809,100,100087,100,99722,100,100106,100,99700,100,100124,100,99633,100,100129,100,99612,100,100204,100,99603,100
2019-06-28 09:53:06.475421529,99867,637,99862,200,99974,100,99861,437,99996,100,99848,100,100046,100,99810,100,100060,100,99809,100,100087,100,99722,100,100106,100,99700,100,100124,100,99633,100,100129,100,99612,100,100204,100,99603,100
2019-06-28 09:53:10.000000000,99867,349,99862,349,99974,244,99848,244,99996,244,99810,244,100046,100,99809,100,100060,100,99722,100,100087,100,99700,100,100106,100,99633,100,100124,100,99612,100,100129,100,99603,100,100204,100,99434,100
2019-06-28 09:53:20.000000000,99867,418,99862,418,99974,318,99848,318,99996,100,99810,100,100046,100,99809,100,100060,100,99722,100,100087,100,99700,100,100106,100,99633,100,100124,100,99612,100,100129,100,99603,100,100204,100,99434,100
2019-06-28 09:53:21.118675067,99867,418,99862,418,99974,318,99848,318,99996,100,99810,100,100046,100,99809,100,100060,100,99722,100,100087,100,99700,100,100106,100,99633,100,100124,100,99612,100,100129,100,99603,100,100204,100,99434,100
2019-06-28 09:53:23.339522387,99867,418,99862,418,99974,318,99848,318,99996,100,99810,100,100013,100,99809,100,100046,100,99722,100,100060,100,99700,100,100087,100,99633,100,100106,100,99612,100,100124,100,99603,100,100129,100,99434,100
2019-06-28 09:53:26.885366304,99867,318,99862,418,99974,318,99848,318,99996,100,99810,100,100013,100,99809,100,100046,100,99722,100,100060,100,99700,100,100087,100,99633,100,100106,100,99612,100,100124,100,99603,100,100129,100,99434,100
2019-06-28 09:53:30.000000000,99867,209,99862,309,99974,209,99848,209,99996,209,99810,209,100013,209,99809,209,100046,100,99722,100,100060,100,99700,100,100087,100,99633,100,100106,100,99612,100,100124,100,99603,100,100129,100,99434,100
2019-06-28 09:53:40.000000000,99867,187,99862,287,99974,187,99848,187,99996,187,99810,187,100013,187,99809,187,100046,187,99722,187,100060,100,99700,100,100087,100,99633,100,100106,100,99612,100,100124,100,99603,100,100129,100,99434,100
2019-06-28 09:53:43.235208963,99867,87,99862,287,99974,187,99848,187,99996,187,99810,187,100013,187,99809,187,100046,187,99722,187,100060,100,99700,100,100087,100,99633,100,100106,100,99612,100,100124,100,99603,100,100129,100,99434,100
2019-06-28 09:53:50.000000000,99974,318,99862,418,99996,318,99848,318,100013,100,99810,100,100046,100,99809,100,100060,100,99722,100,100087,100,99700,100,100106,100,99633,100,100124,100,99612,100,100129,100,99603,100,100254,100,99434,100
2019-06-28 09:53:53.094324513,99974,218,99862,418,99996,318,99848,318,100013,100,99810,100,100046,100,99809,100,100060,100,99722,100,100087,100,99700,100,100106,100,99633,100,100124,100,99612,100,100129,100,99603,100,100254,100,99434,100
2019-06-28 09:54:00.000000000,99996,537,99862,637,100013,100,99848,100,100046,100,99810,100,100060,100,99809,100,100087,100,99722,100,100106,100,99700,100,100124,100,99633,100,100129,100,99612,100,100254,100,99603,100,100280,100,99434,100
2019-06-28 09:54:00.397343656,99996,537,99867,100,100013,100,99862,637,100046,100,99848,100,100060,100,99810,100,100087,100,99809,100,100106,100,99722,100,100124,100,99700,100,100129,100,99633,100,100254,100,99612,100,100280,100,99603,100
2019-06-28 09:54:02.703439238,99996,537,99867,100,100013,100,99862,637,100046,100,99810,100,100060,100,99809,100,100087,100,99722,100,100106,100,99700,100,100124,100,99633,100,100129,100,99612,100,100254,100,99603,100,100280,100,99434,100
2019-06-28 09:54:10.000000000,99996,537,99867,537,100013,100,99862,200,100046,100,99810,100,100060,100,99809,100,100087,100,99722,100,100106,100,99700,100,100124,100,99633,100,100129,100,99612,100,100254,100,99603,100,100280,100,99434,100
2019-06-28 09:54:20.000000000,99996,537,99867,537,100013,100,99862,200,100046,100,99810,100,100060,100,99809,100,100087,100,99722,100,100106,100,99700,100,100124,100,99633,100,100129,100,99612,100,100254,100,99603,100,100280,100,99434,100
2019-06-28 09:54:30.000000000,99996,318,99867,318,100013,318,99862,418,100046,100,99810,100,100060,100,99809,100,100087,100,99722,100,100106,100,99700,100,100124,100,99633,100,100129,100,99612,100,100254,100,99603,100,100280,100,99434,100
2019-06-28 09:54:40.000000000,99996,187,99867,187,100013,187,99862,287,100046,187,99810,187,100060,187,99809,187,100087,187,99722,187,100106,100,99700,100,100124,100,99633,100,100129,100,99612,100,100254,100,99603,100,100280,100,99434,100
2019-06-28 09:54:50.000000000,99996,318,99867,318,100013,318,99862,418,100046,100,99810,100,100060,100,99809,100,100087,100,99722,100,100106,100,99700,100,100124,100,99633,100,100129,100,99612,100,100254,100,99603,100,100280,100,99434,100
2019-06-28 09:55:00.000000000,99996,318,99867,318,100013,318,99862,418,100046,100,99810,100,100060,100,99809,100,100087,100,99722,100,100106,100,99700,100,100124,100,99633,100,100129,100,99612,100,100254,100,99603,100,100280,100,99434,100
2019-06-28 09:55:10.000000000,99996,318,99867,318,100013,318,99862,418,100046,100,99810,100,100060,100,99809,100,100087,100,99722,100,100106,100,99700,100,100124,100,99633,100,100129,100,99612,100,100254,100,99603,100,100280,100,99434,100
2019-06-28 09:55:20.000000000,99996,209,99867,209,100013,209,99862,309,100046,209,99810,209,100060,209,99809,209,100087,100,99722,100,100106,100,99700,100,100124,100,99633,100,100129,100,99612,100,100254,100,99603,100,100280,100,99434,100
2019-06-28 09:55:30.000000000,99996,209,99867,209,100013,209,99862,309,100046,209,99810,209,100060,209,99809,209,100087,100,99722,100,100106,100,99700,100,100124,100,99633,100,100129,100,99612,100,100254,100,99603,100,100280,100,99434,100
2019-06-28 09:55:30.416332810,99996,109,99867,209,100013,209,99862,309,100046,209,99810,209,100060,209,99809,209,100087,100,99722,100,100106,100,99700,100,100124,100,99633,100,100129,100,99612,100,100254,100,99603,100,100280,100,99434,100
2019-06-28 09:55:40.000000000,100013,209,99867,209,100046,209,99862,309,100060,209,99810,209,100087,209,99809,209,100106,100,99722,100,100124,100,99700,100,100129,100,99633,100,100254,100,99612,100,100280,100,99603,100,100302,100,99434,100
2019-06-28 09:55:50.000000000,100013,318,99867,318,100046,318,99862,418,100060,100,99810,100,100087,100,99809,100,100106,100,99722,100,100124,100,99700,100,100129,100,99633,100,100254,100,99612,100,100280,100,99603,100,100302,100,99434,100
2019-06-28 09:55:57.857702235,100013,318,99974,100,100046,318,99867,318,100060,100,99862,418,100087,100,99810,100,100106,100,99809,100,100124,100,99722,100,100129,100,99700,100,100254,100,99633,100,100280,100,99612,100,100302,100,99603,100
2019-06-28 09:56:00.000000000,100013,537,99974,537,100046,100,99867,100,100060,100,99862,200,100087,100,99810,100,100106,100,99809,100,100124,100,99722,100,100129,100,99700,100,100254,100,99633,100,100280,100,99612,100,100302,100,99603,100
2019-06-28 09:56:03.818928226,100013,437,99974,537,100046,100,99867,100,100060,100,99862,200,100087,100,99810,100,100106,100,99809,100,100124,100,99722,100,100129,100,99700,100,100254,100,99633,100,100280,100,99612,100,100302,100,99434,100
2019-06-28 09:56:10.000000000,100046,209,99974,209,100060,209,99867,209,100087,209,99862,309,100106,209,99810,209,100124,100,99809,100,100129,100,99722,100,100254,100,99700,100,100280,100,99633,100,100302,100,99612,100,100330,100,99434,100
2019-06-28 09:56:12.083880131,100046,209,99996,100,100060,209,99974,209,100087,209,99867,109,100106,209,99862,309,100124,100,99810,209,100129,100,99809,100,100254,100,99722,100,100280,100,99700,100,100302,100,99633,100,100330,100,99612,100
2019-06-28 09:56:20.000000000,100046,249,99996,249,100060,244,99974,244,100087,244,99862,344,100106,100,99810,100,100124,100,99809,100,100129,100,99722,100,100254,100,99700,100,100280,100,99633,100,100302,100,99612,100,100330,100,99434,100
2019-06-28 09:56:25.889019128,100046,149,99996,249,100060,244,99974,244,100087,244,99862,344,100106,100,99810,100,100124,100,99809,100,100129,100,99722,100,100254,100,99700,100,100280,100,99633,100,100302,100,99612,100,100330,100,99434,100
2019-06-28 09:56:30.000000000,100060,209,99996,209,100087,209,99974,209,100106,209,99862,309,100124,209,99810,209,100129,100,99809,100,100254,100,99722,100,100280,100,99700,100,100302,100,99633,100,100330,100,99612,100,,,99434,100
2019-06-28 09:56:32.110533455,100060,209,99996,209,100087,209,99974,209,100106,209,99862,209,100124,209,99810,209,100129,100,99809,100,100254,100,99722,100,100280,100,99700,100,100302,100,99633,100,100330,100,99612,100,,,99434,100
2019-06-28 09:56:32.914812799,100060,109,99996,209,100087,209,99974,209,100106,209,99862,209,100124,209,99810,209,100129,100,99809,100,100254,100,99722,100,100280,100,99700,100,100302,100,99633,100,100330,100,99612,100,,,99434,100
2019-06-28 09:56:34.616392037,100060,109,99996,209,100087,209,99974,209,100106,209,99862,209,100124,209,99810,209,100129,100,99809,100,100254,100,99722,100,100280,100,99700,100,100302,100,99633,100,100330,100,99612,100,101807,100,99434,100
2019-06-28 09:56:40.000000000,100087,249,99996,249,100106,244,99974,244,100124,244,99862,244,100129,100,99810,100,100254,100,99809,100,100280,100,99722,100,100302,100,99700,100,100330,100,99633,100,101807,100,99612,100,,,99434,100
2019-06-28 09:56:41.645628521,100087,149,99996,249,100106,244,99974,244,100124,244,99862,244,100129,100,99810,100,100254,100,99809,100,100280,100,99722,100,100302,100,99700,100,100330,100,99633,100,101807,100,99612,100,,,99434,100
2019-06-28 09:56:42.770302171,100087,149,99996,249,100106,244,99974,244,100124,244,99862,244,100129,100,99810,100,100254,100,99809,100,100280,100,99722,100,100302,100,99700,100,100330,100,99633,100,101807,100,99612,100,101915,100,99434,100
2019-06-28 09:56:48.560072284,100087,149,99996,249,100106,244,99974,244,100124,244,99862,244,100129,100,99810,100,100254,100,99809,100,100280,100,99722,100,100302,100,99700,100,100330,100,99633,100,101807,100,99612,100,101862,100,99434,100
2019-06-28 09:56:50.000000000,100106,249,99996,249,100124,244,99974,244,100129,244,99862,244,100254,100,99810,100,100280,100,99809,100,100302,100,99722,100,100330,100,99700,100,101807,100,99633,100,101862,100,99612,100,101915,100,99434,100
2019-06-28 09:57:00.000000000,100106,249,99996,249,100124,244,99974,244,100129,244,99862,244,100254,100,99810,100,100280,100,99809,100,100302,100,99722,100,100330,100,99700,100,101807,100,99633,100,101862,100,99612,100,101915,100,99434,100
2019-06-28 09:57:05.469828861,100106,149,99996,249,100124,244,99974,244,100129,244,99862,244,100254,100,99810,100,100280,100,99809,100,100302,100,99722,100,100330,100,99700,100,101807,100,99633,100,101862,100,99612,100,101915,100,99434,100
2019-06-28 09:57:10.000000000,100124,537,99996,537,100129,100,99974,100,100254,100,99862,100,100280,100,99810,100,100302,100,99809,100,100330,100,99722,100,101807,100,99700,100,101862,100,99633,100,101915,100,99612,100,,,99434,100
2019-06-28 09:57:18.494378776,100124,437,99996,537,100129,100,99974,100,100254,100,99862,100,100280,100,99810,100,100330,100,99809,100,101807,100,99722,100,101862,100,99700,100,101915,100,99633,100,,,99612,100,,,99434,100
2019-06-28 09:57:20.000000000,100129,249,99996,249,100254,244,99974,244,100280,244,99862,244,100330,100,99810,100,101807,100,99809,100,101862,100,99722,100,101915,100,99700,100,,,99633,100,,,99612,100,,,99434,100
2019-06-28 09:57:30.000000000,100129,318,99996,318,100254,318,99974,318,100280,100,99862,100,100330,100,99810,100,101807,100,99809,100,101862,100,99722,100,101915,100,99700,100,,,99633,100,,,99612,100,,,99434,100
2019-06-28 09:57:30.068443092,100129,218,99996,318,100254,318,99974,318,100280,100,99862,100,100330,100,99810,100,101807,100,99809,100,101862,100,99722,100,101915,100,99700,100,,,99633,100,,,99612,100,,,99434,100
2019-06-28 09:57:40.000000000,100254,249,99996,249,100280,244,99974,244,100330,244,99862,244,101807,100,99810,100,101862,100,99809,100,101915,100,99722,100,,,99700,100,,,99633,100,,,99612,100,,,99434,100
2019-06-28 09:57:42.525811385,100254,149,99996,249,100280,144,99974,244,100330,244,99862,244,101807,100,99810,100,101862,100,99809,100,101915,100,99722,100,,,99700,100,,,99633,100,,,99612,100,,,99434,100
2019-06-28 09:57:50.000000000,100330,249,99996,249,101807,244,99974,244,101862,244,99862,244,101915,100,99810,100,,,99809,100,,,99722,100,,,99700,100,,,99633,100,,,99612,100,,,99434,100
2019-06-28 09:58:00.000000000,100330,249,99996,249,101807,244,99974,244,101862,244,99862,244,101915,100,99810,100,,,99809,100,,,99722,100,,,99700,100,,,99633,100,,,99612,100,,,99434,100
2019-06-28 09:58:10.000000000,100330,187,99996,187,101807,187,99974,187,101862,187,99862,187,101915,187,99810,187,101916,87,99809,187,,,99722,100,,,99700,100,,,99633,100,,,99612,100,,,99434,100
2019-06-28 09:58:19.632418597,100330,187,99996,187,101789,100,99974,187,101807,187,99862,187,101862,187,99810,187,101915,187,99809,187,101916,87,99722,100,,,99700,100,,,99633,100,,,99612,100,,,99434,100
2019-06-28 09:58:20.000000000,100330,209,99996,209,101789,209,99974,209,101807,209,99862,209,101862,209,99810,209,101915,100,99809,100,,,99722,100,,,99700,100,,,99633,100,,,99612,100,,,99434,100
2019-06-28 09:58:30.000000000,100330,209,99996,209,101789,209,99974,209,101807,209,99862,209,101862,209,99810,209,101915,100,99809,100,,,99722,100,,,99700,100,,,99633,100,,,99612,100,,,99434,100
2019-06-28 09:58:30.272463726,100330,209,99996,209,101397,100,99974,209,101789,209,99862,209,101807,209,99810,209,101862,209,99809,100,101915,100,99722,100,,,99700,100,,,99633,100,,,99612,100,,,99434,100
2019-06-28 09:58:39.367021729,100330,109,99996,209,101397,100,99974,209,101789,209,99862,209,101807,209,99810,209,101859,100,99809,100,101862,209,99722,100,101915,100,99700,100,,,99633,100,,,99612,100,,,99434,100
2019-06-28 09:58:40.000000000,101397,209,99996,209,101789,209,99974,209,101807,209,99862,209,101859,209,99810,209,101862,100,99809,100,101915,100,99722,100,,,99700,100,,,99633,100,,,99612,100,,,99434,100
2019-06-28 09:58:50.000000000,101397,318,99996,318,101789,318,99974,318,101807,100,99862,100,101859,100,99810,100,101862,100,99809,100,101915,100,99722,100,,,99700,100,,,99633,100,,,99612,100,,,99434,100
2019-06-28 09:58:53.081244319,101397,318,99996,318,101590,100,99974,318,101789,318,99862,100,101807,100,99810,100,101859,100,99809,100,101862,100,99722,100,101915,100,99700,100,,,99612,100,,,99434,100,,,99410,100
2019-06-28 09:59:00.000000000,101397,318,99996,318,101590,318,99974,318,101789,100,99862,100,101807,100,99810,100,101859,100,99809,100,101862,100,99722,100,101915,100,99700,100,,,99612,100,,,99434,100,,,99410,100
2019-06-28 09:59:10.000000000,101397,318,99996,318,101590,318,99974,318,101789,100,99862,100,101807,100,99810,100,101859,100,99809,100,101862,100,99722,100,101915,100,99700,100,,,99612,100,,,99434,100,,,99410,100
2019-06-28 09:59:20.000000000,101397,209,99996,209,101590,209,99974,209,101789,209,99862,209,101807,209,99810,209,101859,100,99809,100,101862,100,99722,100,101915,100,99700,100,,,99612,100,,,99434,100,,,99410,100
2019-06-28 09:59:30.000000000,101397,318,99996,318,101590,318,99974,318,101789,100,99862,100,101807,100,99810,100,101859,100,99809,100,101862,100,99722,100,101915,100,99700,100,,,99612,100,,,99434,100,,,99410,100
2019-06-28 09:59:38.693617263,101397,318,101298,100,101590,318,99996,318,101789,100,99974,318,101807,100,99862,100,101859,100,99810,100,101862,100,99809,100,101915,100,99722,100,,,99700,100,,,99612,100,,,99434,100
2019-06-28 09:59:40.000000000,101397,249,101298,249,101590,244,99996,244,101789,244,99974,244,101807,100,99862,100,101859,100,99810,100,101862,100,99809,100,101915,100,99722,100,,,99700,100,,,99612,100,,,99434,100
2019-06-28 09:59:42.485705383,101397,249,101298,249,101590,244,101224,100,101789,244,99996,244,101807,100,99974,244,101859,100,99862,100,101862,100,99810,100,101915,100,99809,100,,,99722,100,,,99700,100,,,99612,100
2019-06-28 09:59:50.000000000,101397,537,101298,537,101590,100,101224,100,101789,100,99996,100,101807,100,99974,100,101859,100,99862,100,101862,100,99810,100,101915,100,99809,100,,,99722,100,,,99700,100,,,99612,100
2019-06-28 10:00:00.000000000,101397,318,101298,318,101590,318,101224,318,101789,100,99996,100,101807,100,99974,100,101859,100,99862,100,101862,100,99810,100,101915,100,99809,100,,,99722,100,,,99700,100,,,99612,100
2019-06-28 10:00:08.757419124,101397,318,101298,318,101559,100,101224,318,101590,318,99996,100,101789,100,99974,100,101807,100,99862,100,101859,100,99810,100,101862,100,99809,100,101915,100,99722,100,,,99700,100,,,99612,100
2019-06-28 10:00:10.000000000,101397,249,101298,249,101559,244,101224,244,101590,244,99996,244,101789,100,99974,100,101807,100,99862,100,101859,100,99810,100,101862,100,99809,100,101915,100,99722,100,,,99700,100,,,99612,100
2019-06-28 10:00:20.000000000,101397,187,101298,187,101559,187,101224,187,101590,187,99996,187,101789,187,99974,187,101807,187,99862,187,101859,100,99810,100,101862,100,99809,100,101915,100,99722,100,,,99700,100,,,99612,100
2019-06-28 10:00:29.687341593,101397,187,101298,187,101559,187,101224,187,101590,187,100129,100,101789,187,99996,187,101807,187,99974,187,101859,100,99862,187,101862,100,99810,100,101915,100,99809,100,,,99722,100,,,99700,100
2019-06-28 10:00:30.000000000,101397,537,101298,537,101559,100,101224,100,101590,100,100129,100,101789,100,99996,100,101807,100,99974,100,101859,100,99862,100,101862,100,99810,100,101915,100,99809,100,,,99722,100,,,99700,100
2019-06-28 10:00:40.000000000,101397,318,101298,318,101559,318,101224,318,101590,100,100129,100,101789,100,99996,100,101807,100,99974,100,101859,100,99862,100,101862,100,99810,100,101915,100,99809,100,,,99722,100,,,99700,100
2019-06-28 10:00:45.325237186,101397,218,101298,318,101559,318,101224,318,101590,100,100129,100,101789,100,99996,100,101807,100,99974,100,101859,100,99862,100,101862,100,99810,100,101915,100,99809,100,,,99722,100,,,99700,100
2019-06-28 10:00:50.000000000,101559,209,101298,209,101590,209,101224,209,101789,209,100129,209,101807,209,99996,209,101859,100,99974,100,101862,100,99862,100,101915,100,99810,100,,,99809,100,,,99722,100,,,99700,100
2019-06-28 10:00:51.402711303,101559,209,101298,209,101563,100,101224,209,101590,209,100129,209,101789,209,99996,209,101807,209,99974,100,101859,100,99862,100,101862,100,99810,100,101915,100,99809,100,,,99722,100,,,99700,100
2019-06-28 10:00:52.329498152,101559,209,101298,209,101563,100,101224,209,101590,209,100330,100,101789,209,100129,209,101807,209,99996,209,101859,100,99974,100,101862,100,99810,100,101915,100,99809,100,,,99722,100,,,99700,100
2019-06-28 10:00:58.111799523,101559,209,101298,209,101563,200,101224,209,101590,209,100330,100,101789,209,100129,209,101807,109,99996,209,101859,100,99974,100,101862,100,99810,100,101915,100,99809,100,,,99722,100,,,99700,100
2019-06-28 10:01:00.000000000,101559,249,101298,249,101563,344,101224,244,101590,244,100330,244,101789,100,100129,100,101859,100,99996,100,101862,100,99974,100,101915,100,99810,100,,,99809,100,,,99722,100,,,99700,100
2019-06-28 10:01:01.674908454,101559,249,101493,100,101563,344,101298,249,101590,244,101224,244,101789,100,100330,244,101859,100,100129,100,101862,100,99996,100,101915,100,99974,100,,,99810,100,,,99809,100,,,99722,100
2019-06-28 10:01:05.026586345,101559,249,101493,100,101563,344,101298,249,101590,244,101224,244,101789,100,100330,244,101811,100,100129,100,101859,100,99996,100,101862,100,99974,100,101915,100,99810,100,,,99722,100,,,99700,100
2019-06-28 10:01:10.000000000,101559,187,101493,187,101563,287,101298,187,101590,187,101224,187,101789,187,100330,187,101811,187,100129,187,101859,100,99996,100,101862,100,99974,100,101915,100,99810,100,,,99722,100,,,99700,100
2019-06-28 10:01:12.359613248,101559,187,101515,100,101563,287,101493,187,101590,187,101298,187,101789,187,101224,187,101811,187,100330,187,101859,100,100129,187,101862,100,99996,100,101915,100,99974,100,,,99810,100,,,99722,100
2019-06-28 10:01:20.000000000,101559,318,101515,318,101563,418,101493,318,101590,100,101298,100,101789,100,101224,100,101811,100,100330,100,101859,100,100129,100,101862,100,99996,100,101915,100,99974,100,,,99810,100,,,99722,100
2019-06-28 10:01:30.000000000,101559,318,101515,318,101563,418,101493,318,101590,100,101298,100,101789,100,101224,100,101811,100,100330,100,101859,100,100129,100,101862,100,99996,100,101915,100,99974,100,,,99810,100,,,99722,100
2019-06-28 10:01:33.037753428,101559,318,101515,318,101563,418,101493,318,101590,100,101298,100,101789,100,101224,100,101811,100,100330,100,101816,100,100129,100,101859,100,99996,100,101862,100,99974,100,101915,100,99810,100,,,99700,100
2019-06-28 10:01:40.000000000,101559,187,101515,187,101563,287,101493,187,101590,187,101298,187,101789,187,101224,187,101811,187,100330,187,101816,100,100129,100,101859,100,99996,100,101862,100,99974,100,101915,100,99810,100,,,99700,100
2019-06-28 10:01:50.000000000,101559,249,101515,249,101563,344,101493,244,101590,244,101298,244,101789,100,101224,100,101811,100,100330,100,101816,100,100129,100,101859,100,99996,100,101862,100,99974,100,101915,100,99810,100,,,99700,100
2019-06-28 10:01:52.465529820,101559,249,101515,249,101563,344,101493,244,101590,244,101298,244,101789,100,101224,100,101811,100,100330,100,101816,100,100129,100,101859,100,99996,100,101862,100,99974,100,101915,100,99810,100,101925,100,99700,100
2019-06-28 10:02:00.000000000,101559,318,101515,318,101563,418,101493,318,101590,100,101298,100,101789,100,101224,100,101811,100,100330,100,101816,100,100129,100,101859,100,99996,100,101862,100,99974,100,101915,100,99810,100,101925,100,99700,100
2019-06-28 10:02:10.000000000,101559,249,101515,249,101563,344,101493,244,101590,244,101298,244,101789,100,101224,100,101811,100,100330,100,101816,100,100129,100,101859,100,99996,100,101862,100,99974,100,101915,100,99810,100,101925,100,99700,100
2019-06-28 10:02:20.000000000,101559,537,101515,537,101563,200,101493,100,101590,100,101298,100,101789,100,101224,100,101811,100,100330,100,101816,100,100129,100,101859,100,99996,100,101862,100,99974,100,101915,100,99810,100,101925,100,99700,100
2019-06-28 10:02:22.921333384,101559,437,101515,537,101563,100,101493,100,101590,100,101298,100,101789,100,101224,100,101811,100,100330,100,101816,100,100129,100,101859,100,99996,100,101862,100,99974,100,101915,100,99810,100,101925,100,99700,100
2019-06-28 10:02:30.000000000,101563,209,101515,209,101590,209,101493,209,101789,209,101298,209,101811,209,101224,209,101816,100,100330,100,101859,100,100129,100,101862,100,99996,100,101915,100,99974,100,101925,100,99810,100,,,99700,100
2019-06-28 10:02:31.913350997,101563,9,101515,209,101590,209,101493,209,101789,209,101298,209,101811,209,101224,209,101816,100,100330,100,101859,100,100129,100,101862,100,99996,100,101915,100,99974,100,101925,100,99810,100,,,99700,100
2019-06-28 10:02:40.000000000,101590,537,101515,537,101789,100,101493,100,101811,100,101298,100,101816,100,101224,100,101859,100,100330,100,101862,100,100129,100,101915,100,99996,100,101925,100,99974,100,,,99810,100,,,99700,100
2019-06-28 10:02:50.000000000,101590,318,101515,318,101789,318,101493,318,101811,100,101298,100,101816,100,101224,100,101859,100,100330,100,101862,100,100129,100,101915,100,99996,100,101925,100,99974,100,,,99810,100,,,99700,100
2019-06-28 10:03:00.000000000,101590,209,101515,209,101789,209,101493,209,101811,209,101298,209,101816,209,101224,209,101859,100,100330,100,101862,100,100129,100,101915,100,99996,100,101925,100,99974,100,,,99810,100,,,99700,100
2019-06-28 10:03:07.759172910,101590,109,101515,209,101789,209,101493,209,101811,209,101298,209,101816,209,101224,209,101859,100,100330,100,101862,100,100129,100,101915,100,99996,100,101925,100,99974,100,,,99810,100,,,99700,100
2019-06-28 10:03:10.000000000,101789,209,101515,209,101811,209,101493,209,101816,209,101298,209,101859,209,101224,209,101862,100,100330,100,101915,100,100129,100,101925,100,99996,100,,,99974,100,,,99810,100,,,99700,100
2019-06-28 10:03:19.075798029,101789,209,101555,100,101811,209,101515,209,101816,209,101493,209,101859,209,101298,209,101862,100,101224,209,101915,100,100330,100,101925,100,100129,100,,,99996,100,,,99974,100,,,99810,100
2019-06-28 10:03:20.000000000,101789,209,101555,209,101811,209,101515,209,101816,209,101493,209,101859,209,101298,209,101862,100,101224,100,101915,100,100330,100,101925,100,100129,100,,,99996,100,,,99974,100,,,99810,100
2019-06-28 10:03:30.000000000,101789,209,101555,209,101811,209,101515,209,101816,209,101493,209,101859,209,101298,209,101862,100,101224,100,101915,100,100330,100,101925,100,100129,100,,,99996,100,,,99974,100,,,99810,100
2019-06-28 10:03:31.602285288,101709,100,101555,209,101789,209,101515,209,101811,209,101493,209,101816,209,101298,209,101859,209,101224,100,101862,100,100330,100,101915,100,100129,100,101925,100,99996,100,,,99974,100,,,99810,100
2019-06-28 10:03:35.105568402,101709,100,101555,209,101789,209,101515,209,101811,209,101493,209,101816,209,101298,209,101859,209,101224,100,101862,100,100330,100,101864,100,100129,100,101915,100,99996,100,101925,100,99974,100,,,99700,100
2019-06-28 10:03:38.981399218,101789,209,101555,209,101811,209,101515,209,101816,209,101493,209,101859,209,101298,209,101862,100,101224,100,101864,100,100330,100,101915,100,100129,100,101925,100,99996,100,,,99974,100,,,99700,100
2019-06-28 10:03:40.000000000,101789,249,101555,249,101811,244,101515,244,101816,244,101493,244,101859,100,101298,100,101862,100,101224,100,101864,100,100330,100,101915,100,100129,100,101925,100,99996,100,,,99974,100,,,99700,100
2019-06-28 10:03:43.723024095,101789,249,101555,249,101811,244,101515,244,101816,244,101493,244,101859,100,101298,100,101862,100,101224,100,101864,100,100330,100,101915,100,100129,100,101925,100,99996,100,101942,100,99974,100,,,99700,100
2019-06-28 10:03:49.138665225,101789,249,101768,100,101811,244,101555,249,101816,244,101515,244,101859,100,101493,244,101862,100,101298,100,101864,100,101224,100,101915,100,100330,100,101925,100,100129,100,101942,100,99996,100,,,99974,100
2019-06-28 10:03:50.000000000,101789,187,101768,187,101811,187,101555,187,101816,187,101515,187,101859,187,101493,187,101862,187,101298,187,101864,100,101224,100,101915,100,100330,100,101925,100,100129,100,101942,100,99996,100,,,99974,100
2019-06-28 10:04:00.000000000,101789,187,101768,187,101811,187,101555,187,101816,187,101515,187,101859,187,101493,187,101862,187,101298,187,101864,100,101224,100,101915,100,100330,100,101925,100,100129,100,101942,100,99996,100,,,99974,100
2019-06-28 10:04:10.000000000,101789,318,101768,318,101811,318,101555,318,101816,100,101515,100,101859,100,101493,100,101862,100,101298,100,101864,100,101224,100,101915,100,100330,100,101925,100,100129,100,101942,100,99996,100,,,99974,100
2019-06-28 10:04:20.000000000,101789,209,101768,209,101811,209,101555,209,101816,209,101515,209,101859,209,101493,209,101862,100,101298,100,101864,100,101224,100,101915,100,100330,100,101925,100,100129,100,101942,100,99996,100,,,99974,100
2019-06-28 10:04:30.000000000,101789,187,101768,187,101811,187,101555,187,101816,187,101515,187,101859,187,101493,187,101862,187,101298,187,101864,100,101224,100,101915,100,100330,100,101925,100,100129,100,101942,100,99996,100,,,99974,100
2019-06-28 10:04:40.000000000,101789,209,101768,209,101811,209,101555,209,101816,209,101515,209,101859,209,101493,209,101862,100,101298,100,101864,100,101224,100,101915,100,100330,100,101925,100,100129,100,101942,100,99996,100,,,99974,100
2019-06-28 10:04:50.000000000,101789,318,101768,318,101811,318,101555,318,101816,100,101515,100,101859,100,101493,100,101862,100,101298,100,101864,100,101224,100,101915,100,100330,100,101925,100,100129,100,101942,100,99996,100,,,99974,100
2019-06-28 10:04:54.244562078,101789,318,101768,318,101811,318,101555,318,101816,100,101515,100,101859,100,101493,100,101862,100,101298,100,101864,100,101224,100,101915,100,100330,100,101925,100,100129,100,101942,100,99996,100,102788,100,99974,100
2019-06-28 10:05:00.000000000,101789,187,101768,187,101811,187,101555,187,101816,187,101515,187,101859,187,101493,187,101862,187,101298,187,101864,100,101224,100,101915,100,100330,100,101925,100,100129,100,101942,100,99996,100,102788,100,99974,100
2019-06-28 10:05:04.449176452,101789,187,101768,187,101811,187,101555,187,101816,187,101515,187,101859,187,101493,187,101862,187,101298,187,101864,100,101224,100,101915,100,100330,100,101925,100,100129,100,101942,100,99996,100,102489,100,99974,100
2019-06-28 10:05:10.000000000,101789,537,101768,537,101811,100,101555,100,101816,100,101515,100,101859,100,101493,100,101862,100,101298,100,101864,100,101224,100,101915,100,100330,100,101925,100,100129,100,101942,100,99996,100,102489,100,99974,100
2019-06-28 10:05:20.000000000,101789,209,101768,209,101811,209,101555,209,101816,209,101515,209,101859,209,101493,209,101862,100,101298,100,101864,100,101224,100,101915,100,100330,100,101925,100,100129,100,101942,100,99996,100,102489,100,99974,100
2019-06-28 10:05:29.350807314,101789,109,101768,209,101811,209,101555,109,101816,209,101515,209,101859,209,101493,209,101862,100,101298,100,101864,100,101224,100,101915,100,100330,100,101925,100,100129,100,101942,100,99996,100,102489,100,99974,100
2019-06-28 10:05:30.000000000,101811,249,101768,249,101816,244,101515,244,101859,244,101493,244,101862,100,101298,100,101864,100,101224,100,101915,100,100330,100,101925,100,100129,100,101942,100,99996,100,102489,100,99974,100,102788,100,99700,100
2019-06-28 10:05:40.000000000,101811,249,101768,249,101816,244,101515,244,101859,244,101493,244,101862,100,101298,100,101864,100,101224,100,101915,100,100330,100,101925,100,100129,100,101942,100,99996,100,102489,100,99974,100,102788,100,99700,100
2019-06-28 10:05:50.000000000,101811,187,101768,187,101816,187,101515,187,101859,187,101493,187,101862,187,101298,187,101864,187,101224,187,101915,100,100330,100,101925,100,100129,100,101942,100,99996,100,102489,100,99974,100,102788,100,99700,100
2019-06-28 10:06:00.000000000,101811,187,101768,187,101816,187,101515,187,101859,187,101493,187,101862,187,101298,187,101864,187,101224,187,101915,100,100330,100,101925,100,100129,100,101942,100,99996,100,102489,100,99974,100,102788,100,99700,100
2019-06-28 10:06:06.389799079,101811,187,101769,100,101816,187,101768,187,101859,187,101515,187,101862,187,101493,187,101864,187,101298,187,101915,100,101224,187,101925,100,100330,100,101942,100,100129,100,102489,100,99996,100,102788,100,99974,100
2019-06-28 10:06:09.450835762,101811,187,101769,100,101816,187,101768,187,101859,187,101515,187,101862,187,101493,187,101864,187,101298,187,101915,100,101224,187,101925,100,100330,100,101942,100,100129,100,102489,100,99996,100,102653,100,99974,100
2019-06-28 10:06:10.000000000,101811,249,101769,249,101816,244,101768,244,101859,244,101515,244,101862,100,101493,100,101864,100,101298,100,101915,100,101224,100,101925,100,100330,100,101942,100,100129,100,102489,100,99996,100,102653,100,99974,100
2019-06-28 10:06:14.315561344,101811,149,101769,249,101816,244,101768,244,101859,244,101515,244,101862,100,101493,100,101864,100,101298,100,101915,100,101224,100,101925,100,100330,100,101942,100,100129,100,102489,100,99996,100,102653,100,99974,100
2019-06-28 10:06:20.000000000,101816,318,101769,318,101859,318,101768,318,101862,100,101515,100,101864,100,101493,100,101915,100,101298,100,101925,100,101224,100,101942,100,100330,100,102489,100,100129,100,102653,100,99996,100,102788,100,99974,100
2019-06-28 10:06:30.000000000,101816,537,101769,537,101859,100,101768,100,101862,100,101515,100,101864,100,101493,100,101915,100,101298,100,101925,100,101224,100,101942,100,100330,100,102489,100,100129,100,102653,100,99996,100,102788,100,99974,100
2019-06-28 10:06:30.432577467,101816,537,101789,100,101859,100,101769,537,101862,100,101768,100,101864,100,101515,100,101915,100,101493,100,101925,100,101298,100,101942,100,101224,100,102489,100,100330,100,102653,100,100129,100,102788,100,99996,100
2019-06-28 10:06:40.000000000,101816,209,101789,209,101859,209,101769,209,101862,209,101768,209,101864,209,101515,209,101915,100,101493,100,101925,100,101298,100,101942,100,101224,100,102489,100,100330,100,102653,100,100129,100,102788,100,99996,100
2019-06-28 10:06:50.000000000,101816,318,101789,318,101859,318,101769,318,101862,100,101768,100,101864,100,101515,100,101915,100,101493,100,101925,100,101298,100,101942,100,101224,100,102489,100,100330,100,102653,100,100129,100,102788,100,99996,100
2019-06-28 10:07:00.000000000,101816,209,101789,209,101859,209,101769,209,101862,209,101768,209,101864,209,101515,209,101915,100,101493,100,101925,100,101298,100,101942,100,101224,100,102489,100,100330,100,102653,100,100129,100,102788,100,99996,100
2019-06-28 10:07:10.000000000,101816,318,101789,318,101859,318,101769,318,101862,100,101768,100,101864,100,101515,100,101915,100,101493,100,101925,100,101298,100,101942,100,101224,100,102489,100,100330,100,102653,100,100129,100,102788,100,99996,100
2019-06-28 10:07:20.000000000,101816,537,101789,537,101859,100,101769,100,101862,100,101768,100,101864,100,101515,100,101915,100,101493,100,101925,100,101298,100,101942,100,101224,100,102489,100,100330,100,102653,100,100129,100,102788,100,99996,100
2019-06-28 10:07:30.000000000,101816,318,101789,318,101859,318,101769,318,101862,100,101768,100,101864,100,101515,100,101915,100,101493,100,101925,100,101298,100,101942,100,101224,100,102489,100,100330,100,102653,100,100129,100,102788,100,99996,100
2019-06-28 10:07:40.000000000,101816,318,101789,318,101859,318,101769,318,101862,100,101768,100,101864,100,101515,100,101915,100,101493,100,101925,100,101298,100,101942,100,101224,100,102489,100,100330,100,102653,100,100129,100,102788,100,99996,100
2019-06-28 10:07:41.846448512,101816,318,101789,318,101859,318,101769,318,101862,100,101768,100,101864,100,101718,100,101915,100,101515,100,101925,100,101493,100,101942,100,101298,100,102489,100,101224,100,102653,100,100330,100,102788,100,100129,100
2019-06-28 10:07:50.000000000,101816,209,101789,209,101859,209,101769,209,101862,209,101768,209,101864,209,101718,209,101915,100,101515,100,101925,100,101493,100,101942,100,101298,100,102489,100,101224,100,102653,100,100330,100,102788,100,100129,100
2019-06-28 10:07:57.145018012,101816,209,101789,109,101859,209,101769,209,101862,209,101768,209,101864,209,101718,209,101915,100,101515,100,101925,100,101493,100,101942,100,101298,100,102489,100,101224,100,102653,100,100330,100,102788,100,100129,100
2019-06-28 10:08:00.000000000,101816,318,101769,318,101859,318,101768,318,101862,100,101718,100,101864,100,101515,100,101915,100,101493,100,101925,100,101298,100,101942,100,101224,100,102489,100,100330,100,102653,100,100129,100,102788,100,99996,100
2019-06-28 10:08:04.712859800,101816,318,101769,318,101859,318,101768,318,101862,100,101718,100,101864,100,101708,100,101915,100,101515,100,101925,100,101493,100,101942,100,101298,100,102489,100,101224,100,102653,100,100330,100,102788,100,100129,100
2019-06-28 10:08:08.693631618,101816,318,101769,218,101859,318,101768,318,101862,100,101718,100,101864,100,101708,100,101915,100,101515,100,101925,100,101493,100,101942,100,101298,100,102489,100,101224,100,102653,100,100330,100,102788,100,100129,100
2019-06-28 10:08:10.000000000,101816,187,101768,187,101859,187,101718,187,101862,187,101708,187,101864,187,101515,187,101915,187,101493,187,101925,100,101298,100,101942,100,101224,100,102489,100,100330,100,102653,100,100129,100,102788,100,99996,100
2019-06-28 10:08:20.000000000,101816,187,101768,187,101859,187,101718,187,101862,187,101708,187,101864,187,101515,187,101915,187,101493,187,101925,100,101298,100,101942,100,101224,100,102489,100,100330,100,102653,100,100129,100,102788,100,99996,100
2019-06-28 10:08:22.009742443,101789,100,101768,187,101816,187,101718,187,101859,187,101708,187,101862,187,101515,187,101864,187,101493,187,101915,187,101298,100,101925,100,101224,100,101942,100,100330,100,102489,100,100129,100,102653,100,99996,100
2019-06-28 10:08:30.000000000,101789,318,101768,318,101816,318,101718,318,101859,100,101708,100,101862,100,101515,100,101864,100,101493,100,101915,100,101298,100,101925,100,101224,100,101942,100,100330,100,102489,100,100129,100,102653,100,99996,100
2019-06-28 10:08:32.734053341,101789,318,101768,218,101816,318,101718,318,101859,100,101708,100,101862,100,101515,100,101864,100,101493,100,101915,100,101298,100,101925,100,101224,100,101942,100,100330,100,102489,100,100129,100,102653,100,99996,100
2019-06-28 10:08:35.260534111,101789,318,101768,118,101816,318,101718,318,101859,100,101708,100,101862,100,101515,100,101864,100,101493,100,101915,100,101298,100,101925,100,101224,100,101942,100,100330,100,102653,100,100129,100,102788,100,99996,100
2019-06-28 10:08:40.000000000,101789,209,101718,209,101816,209,101708,209,101859,209,101515,209,101862,209,101493,209,101864,100,101298,100,101915,100,101224,100,101925,100,100330,100,101942,100,100129,100,102653,100,99996,100,102788,100,99974,100
