,ask_price_1,ask_size_1,bid_price_1,bid_size_1,ask_price_2,ask_size_2,bid_price_2,bid_size_2,ask_price_3,ask_size_3,bid_price_3,bid_size_3,ask_price_4,ask_size_4,bid_price_4,bid_size_4,ask_price_5,ask_size_5,bid_price_5,bid_size_5,ask_price_6,ask_size_6,bid_price_6,bid_size_6,ask_price_7,ask_size_7,bid_price_7,bid_size_7,ask_price_8,ask_size_8,bid_price_8,bid_size_8,ask_price_9,ask_size_9,bid_price_9,bid_size_9,ask_price_10,ask_size_10,bid_price_10,bid_size_10
2019-06-28 09:30:00.000000003,100007,100,,,,,,,,,,,,,,,,,,,,,,,,,,,,,,,,,,,,,,
2019-06-28 09:30:00.000000005,100007,100,,,100025,100,,,100103,100,,,,,,,,,,,,,,,,,,,,,,,,,,,,,,
2019-06-28 09:30:00.000000006,100007,100,,,100025,100,,,100026,100,,,100103,100,,,,,,,,,,,,,,,,,,,,,,,,,,
2019-06-28 09:30:00.000000008,100007,100,99902,100,100025,100,99873,100,100026,100,,,100103,100,,,,,,,,,,,,,,,,,,,,,,,,,,
2019-06-28 09:30:00.000000011,100007,100,99902,100,100025,100,99873,100,100026,100,,,100063,100,,,100103,100,,,,,,,,,,,,,,,,,,,,,,
2019-06-28 09:30:00.000000012,100006,100,99902,100,100007,100,99873,100,100025,100,99862,100,100026,100,99837,100,100063,100,,,100103,100,,,,,,,,,,,,,,,,,,
2019-06-28 09:30:00.000000013,100006,100,99902,100,100007,100,99873,100,100025,100,99862,100,100026,100,99837,100,100055,100,,,100063,100,,,100065,100,,,100103,100,,,,,,,,,,
2019-06-28 09:30:00.000000014,100007,100,99902,100,100025,100,99873,100,100026,100,99862,100,100055,100,99837,100,100063,100,,,100065,100,,,100103,100,,,,,,,,,,,,,,
2019-06-28 09:30:00.000000015,100007,100,99902,100,100025,100,99873,100,100026,100,99862,100,100055,100,99837,100,100062,100,,,100063,100,,,100065,100,,,100088,100,,,100103,100,,,,,,
2019-06-28 09:30:00.000000018,100004,100,99902,100,100007,100,99873,100,100025,100,99862,100,100026,100,99837,100,100055,100,,,100062,100,,,100063,100,,,100065,100,,,100088,100,,,100103,100,,
2019-06-28 09:30:00.000000020,100007,100,99949,100,100025,100,99902,100,100026,100,99873,100,100055,100,99862,100,100062,100,99837,100,100063,100,,,100065,100,,,100088,100,,,100103,100,,,,,,
2019-06-28 09:30:00.000000021,100006,100,99949,100,100007,100,99902,100,100025,100,99873,100,100026,100,99862,100,100055,100,99837,100,100062,100,,,100063,100,,,100065,100,,,100088,100,,,100103,100,,
2019-06-28 09:30:00.000000022,100006,100,99949,100,100007,100,99902,100,100025,100,99873,100,100026,100,99862,100,100051,100,99837,100,100055,100,,,100062,100,,,100063,100,,,100065,100,,,100088,100,,
2019-06-28 09:30:00.000000023,100006,100,99949,100,100007,100,99902,100,100025,100,99873,100,100026,100,99862,100,100051,100,99837,100,100055,100,,,100062,100,,,100063,100,,,100065,100,,,100088,100,,
2019-06-28 09:30:00.000000027,100006,200,99949,100,100007,100,99902,100,100025,100,99873,100,100026,100,99862,100,100051,100,99837,100,100055,100,,,100062,100,,,100063,100,,,100065,100,,,100088,100,,
2019-06-28 09:30:00.000000029,100006,300,99949,100,100007,100,99902,100,100025,100,99873,100,100026,100,99862,100,100051,100,99837,100,100055,100,,,100062,100,,,100063,100,,,100065,100,,,100088,100,,
2019-06-28 09:30:00.000000032,100006,400,99949,100,100007,100,99902,100,100025,100,99873,100,100026,100,99862,100,100051,100,99837,100,100055,100,,,100062,100,,,100063,100,,,100065,100,,,100088,100,,
2019-06-28 09:30:00.000000034,100006,400,99949,100,100007,100,99947,100,100025,100,99902,100,100026,100,99873,100,100051,100,99862,100,100055,100,99837,100,100062,100,,,100063,100,,,100065,100,,,100088,100,,
2019-06-28 09:30:00.000000035,100006,500,99949,100,100007,100,99947,100,100025,100,99902,100,100026,100,99873,100,100051,100,99862,100,100055,100,99837,100,100062,100,,,100063,100,,,100065,100,,,100088,100,,
2019-06-28 09:30:00.000000037,100006,500,99949,100,100007,100,99947,100,100025,100,99917,100,100026,100,99902,100,100051,100,99873,100,100055,100,99862,100,100062,100,99837,100,100063,100,,,100065,100,,,100088,100,,
2019-06-28 09:30:00.000000038,100006,600,99949,100,100007,100,99947,100,100025,100,99917,100,100026,100,99902,100,100051,100,99873,100,100055,100,99862,100,100062,100,99837,100,100063,100,,,100065,100,,,100088,100,,
2019-06-28 09:30:00.000000039,100006,600,99949,100,100007,100,99947,100,100025,100,99917,100,100026,100,99902,100,100050,100,99873,100,100051,100,99862,100,100055,100,99837,100,100062,100,,,100063,100,,,100065,100,,
2019-06-28 09:30:00.000000041,100006,600,99949,100,100007,100,99947,100,100025,100,99917,100,100026,100,99902,100,100050,100,99873,100,100051,100,99862,100,100055,100,99849,100,100062,100,99837,100,100063,100,,,100065,100,,
2019-06-28 09:30:00.000000042,100006,600,99995,100,100007,100,99949,100,100025,100,99947,100,100026,100,99917,100,100050,100,99902,100,100051,100,99873,100,100055,100,99862,100,100062,100,99849,100,100063,100,99837,100,100065,100,,
2019-06-28 09:30:00.000000043,100006,600,100004,100,100007,100,99995,100,100025,100,99949,100,100026,100,99947,100,100050,100,99917,100,100051,100,99902,100,100055,100,99873,100,100062,100,99862,100,100063,100,99849,100,100065,100,99837,100
2019-06-28 09:30:00.000000044,100006,600,99995,100,100007,100,99949,100,100025,100,99947,100,100026,100,99917,100,100050,100,99902,100,100051,100,99873,100,100055,100,99862,100,100062,100,99849,100,100063,100,99837,100,100065,100,99833,100
2019-06-28 09:30:00.000000046,100006,600,99995,100,100007,100,99949,100,100025,100,99947,100,100026,100,99917,100,100050,100,99902,100,100051,100,99873,100,100055,100,99862,100,100062,100,99849,100,100063,100,99837,100,100065,100,99833,100
2019-06-28 09:30:00.000000049,100006,600,99995,100,100007,100,99949,100,100025,100,99947,100,100026,100,99924,100,100050,100,99917,100,100051,100,99902,100,100055,100,99873,100,100062,100,99862,100,100063,100,99849,100,100065,100,99837,100
2019-06-28 09:30:00.000000050,100006,600,99995,100,100007,100,99949,100,100025,100,99947,100,100026,100,99924,100,100050,100,99917,100,100051,100,99902,100,100055,100,99873,100,100062,100,99862,100,100063,100,99849,100,100065,100,99837,100
2019-06-28 09:30:00.000000051,100006,500,99995,100,100007,100,99949,100,100025,100,99947,100,100026,100,99924,100,100050,100,99917,100,100051,100,99902,100,100055,100,99873,100,100062,100,99862,100,100063,100,99849,100,100065,100,99837,100
2019-06-28 09:30:00.000000053,100006,500,99949,100,100007,100,99947,100,100025,100,99924,100,100026,100,99917,100,100050,100,99902,100,100051,100,99873,100,100055,100,99862,100,100062,100,99849,100,100063,100,99837,100,100065,100,99833,100
2019-06-28 09:30:00.000000054,100006,500,99949,100,100007,100,99947,100,100025,100,99924,100,100026,100,99917,100,100050,100,99902,100,100051,100,99873,100,100055,100,99862,100,100062,100,99849,100,100063,100,99837,100,100065,100,99833,100
2019-06-28 09:30:00.000000056,100006,500,99989,100,100007,100,99949,100,100025,100,99947,100,100026,100,99924,100,100050,100,99917,100,100051,100,99902,100,100055,100,99873,100,100062,100,99862,100,100063,100,99849,100,100065,100,99837,100
2019-06-28 09:30:00.000000062,100006,500,99989,100,100007,100,99963,100,100025,100,99949,100,100026,100,99947,100,100050,100,99929,100,100051,100,99924,100,100055,100,99917,100,100062,100,99902,100,100063,100,99873,100,100065,100,99862,100
2019-06-28 09:30:00.000000065,100006,500,99989,100,100007,100,99963,100,100025,100,99949,100,100026,100,99947,100,100050,100,99929,100,100051,100,99924,100,100055,100,99917,100,100062,100,99902,100,100063,100,99873,100,100065,100,99868,100
2019-06-28 09:30:00.000000066,100006,600,99989,100,100007,100,99963,100,100025,100,99949,100,100026,100,99947,100,100030,100,99929,100,100050,100,99924,100,100051,100,99917,100,100055,100,99902,100,100062,100,99873,100,100063,100,99868,100
2019-06-28 09:30:00.000000070,100006,600,99989,100,100007,100,99963,100,100025,100,99949,100,100026,100,99947,100,100030,100,99929,100,100050,100,99924,100,100051,100,99917,100,100055,100,99902,100,100062,100,99885,100,100063,100,99873,100
2019-06-28 09:30:00.000000071,100006,600,99989,100,100007,100,99963,100,100025,100,99949,100,100026,100,99947,100,100030,100,99929,100,100050,100,99924,100,100051,100,99917,100,100055,100,99902,100,100056,100,99885,100,100062,100,99873,100
2019-06-28 09:30:00.000000072,100006,600,99989,100,100007,100,99963,100,100025,100,99949,100,100026,100,99947,100,100030,100,99929,100,100050,100,99924,100,100051,100,99917,100,100055,100,99902,100,100056,100,99885,100,100062,100,99873,100
2019-06-28 09:30:00.000000074,100006,600,99989,100,100007,100,99963,100,100025,100,99949,100,100026,100,99947,100,100030,100,99929,100,100050,100,99924,100,100051,100,99917,100,100055,100,99902,100,100056,100,99885,100,100062,100,99873,100
2019-06-28 09:30:00.000000076,100006,600,99989,100,100007,100,99963,100,100020,100,99949,100,100025,100,99947,100,100026,100,99929,100,100030,100,99924,100,100050,100,99917,100,100051,100,99902,100,100055,100,99885,100,100056,100,99873,100
2019-06-28 09:30:00.000000079,100006,700,99989,100,100007,100,99963,100,100020,100,99949,100,100025,100,99947,100,100026,100,99929,100,100030,100,99924,100,100050,100,99917,100,100051,100,99902,100,100055,100,99885,100,100056,100,99873,100
2019-06-28 09:30:00.000000082,100006,700,99989,100,100007,100,99963,100,100020,100,99949,100,100025,100,99947,100,100026,100,99929,100,100030,100,99924,100,100050,100,99917,100,100051,100,99902,100,100055,100,99885,100,100056,100,99878,100
2019-06-28 09:30:00.000000083,100006,700,99989,100,100007,100,99963,100,100020,100,99949,100,100025,100,99947,100,100026,100,99929,100,100030,100,99924,100,100050,100,99917,100,100051,100,99902,100,100054,100,99885,100,100055,100,99878,100
2019-06-28 09:30:00.000000087,100006,800,99989,100,100007,100,99963,100,100020,100,99949,100,100025,100,99947,100,100026,100,99929,100,100030,100,99924,100,100050,100,99917,100,100051,100,99902,100,100054,100,99885,100,100055,100,99878,100
2019-06-28 09:30:00.000000091,100006,800,99996,100,100007,100,99989,100,100020,100,99963,100,100025,100,99949,100,100026,100,99947,100,100030,100,99929,100,100050,100,99924,100,100051,100,99917,100,100054,100,99902,100,100055,100,99885,100
2019-06-28 09:30:00.000000095,100006,800,99989,100,100007,100,99963,100,100020,100,99949,100,100025,100,99947,100,100026,100,99929,100,100030,100,99924,100,100050,100,99917,100,100051,100,99902,100,100054,100,99885,100,100055,100,99878,100
2019-06-28 09:30:00.000000096,100006,800,99995,100,100007,100,99989,100,100020,100,99963,100,100025,200,99949,100,100026,100,99947,100,100030,100,99929,100,100050,100,99924,100,100051,100,99917,100,100054,100,99902,100,100055,100,99885,100
2019-06-28 09:30:00.000000097,100006,800,99995,100,100007,100,99989,100,100020,100,99968,100,100025,200,99963,100,100026,100,99949,100,100030,100,99947,100,100050,100,99929,100,100051,100,99924,100,100054,100,99917,100,100055,100,99902,100
2019-06-28 09:30:00.000000098,100006,800,99995,100,100007,100,99989,100,100020,100,99968,100,100025,200,99963,100,100026,100,99949,100,100030,100,99947,100,100050,100,99929,100,100051,100,99924,100,100054,100,99917,100,100055,100,99902,100
2019-06-28 09:30:10.000000000,100006,863,99995,163,100007,163,99989,163,100020,163,99968,163,100025,263,99963,163,100026,163,99949,163,100030,100,99947,100,100050,100,99929,100,100051,100,99924,100,100054,100,99917,100,100055,100,99902,100
2019-06-28 09:30:20.000000000,100006,908,99995,208,100007,205,99989,205,100020,205,99968,205,100025,200,99963,100,100026,100,99949,100,100030,100,99947,100,100050,100,99929,100,100051,100,99924,100,100054,100,99917,100,100055,100,99902,100
2019-06-28 09:30:30.000000000,100006,879,99995,179,100007,179,99989,179,100020,179,99968,179,100025,279,99963,179,100026,100,99949,100,100030,100,99947,100,100050,100,99929,100,100051,100,99924,100,100054,100,99917,100,100055,100,99902,100
2019-06-28 09:30:40.000000000,100006,879,99995,179,100007,179,99989,179,100020,179,99968,179,100025,279,99963,179,100026,100,99949,100,100030,100,99947,100,100050,100,99929,100,100051,100,99924,100,100054,100,99917,100,100055,100,99902,100
2019-06-28 09:30:42.761865499,100006,879,99995,79,100007,179,99989,179,100020,179,99968,179,100025,279,99963,179,100026,100,99949,100,100030,100,99947,100,100050,100,99929,100,100051,100,99924,100,100054,100,99917,100,100055,100,99902,100
2019-06-28 09:30:50.000000000,100006,958,99989,258,100007,258,99968,258,100020,100,99963,100,100025,200,99949,100,100026,100,99947,100,100030,100,99929,100,100050,100,99924,100,100051,100,99917,100,100054,100,99902,100,100055,100,99885,100
2019-06-28 09:30:53.101663292,100006,958,99989,258,100007,258,99968,258,100020,100,99963,100,100025,200,99949,100,100026,100,99947,100,100030,100,99929,100,100051,100,99924,100,100054,100,99917,100,100055,100,99902,100,100056,100,99885,100
2019-06-28 09:31:00.000000000,100006,879,99989,179,100007,179,99968,179,100020,179,99963,179,100025,279,99949,179,100026,100,99947,100,100030,100,99929,100,100051,100,99924,100,100054,100,99917,100,100055,100,99902,100,100056,100,99885,100
2019-06-28 09:31:10.000000000,100006,1117,99989,417,100007,100,99968,100,100020,100,99963,100,100025,200,99949,100,100026,100,99947,100,100030,100,99929,100,100051,100,99924,100,100054,100,99917,100,100055,100,99902,100,100056,100,99885,100
2019-06-28 09:31:20.000000000,100006,958,99989,258,100007,258,99968,258,100020,100,99963,100,100025,200,99949,100,100026,100,99947,100,100030,100,99929,100,100051,100,99924,100,100054,100,99917,100,100055,100,99902,100,100056,100,99885,100
2019-06-28 09:31:30.000000000,100006,908,99989,208,100007,205,99968,205,100020,205,99963,205,100025,200,99949,100,100026,100,99947,100,100030,100,99929,100,100051,100,99924,100,100054,100,99917,100,100055,100,99902,100,100056,100,99885,100
2019-06-28 09:31:33.961777665,100006,908,99989,208,100007,205,99968,205,100020,205,99963,205,100025,200,99949,100,100026,100,99947,100,100030,100,99929,100,100051,100,99924,100,100054,100,99917,100,100055,100,99902,100,100056,100,99885,100
2019-06-28 09:31:40.000000000,100006,908,99989,208,100007,205,99968,205,100020,205,99963,205,100025,200,99949,100,100026,100,99947,100,100030,100,99929,100,100051,100,99924,100,100054,100,99917,100,100055,100,99902,100,100056,100,99885,100
2019-06-28 09:31:50.000000000,100006,908,99989,208,100007,205,99968,205,100020,205,99963,205,100025,200,99949,100,100026,100,99947,100,100030,100,99929,100,100051,100,99924,100,100054,100,99917,100,100055,100,99902,100,100056,100,99885,100
2019-06-28 09:32:00.000000000,100006,958,99989,258,100007,258,99968,258,100020,100,99963,100,100025,200,99949,100,100026,100,99947,100,100030,100,99929,100,100051,100,99924,100,100054,100,99917,100,100055,100,99902,100,100056,100,99885,100
2019-06-28 09:32:03.554591654,100006,958,99989,258,100007,258,99968,258,100020,100,99963,100,100025,200,99949,100,100026,100,99947,100,100030,100,99929,100,100051,100,99917,100,100054,100,99902,100,100055,100,99885,100,100056,100,99878,100
2019-06-28 09:32:10.000000000,100006,879,99989,179,100007,179,99968,179,100020,179,99963,179,100025,279,99949,179,100026,100,99947,100,100030,100,99929,100,100051,100,99917,100,100054,100,99902,100,100055,100,99885,100,100056,100,99878,100
2019-06-28 09:32:20.000000000,100006,1117,99989,417,100007,100,99968,100,100020,100,99963,100,100025,200,99949,100,100026,100,99947,100,100030,100,99929,100,100051,100,99917,100,100054,100,99902,100,100055,100,99885,100,100056,100,99878,100
2019-06-28 09:32:30.000000000,100006,1117,99989,417,100007,100,99968,100,100020,100,99963,100,100025,200,99949,100,100026,100,99947,100,100030,100,99929,100,100051,100,99917,100,100054,100,99902,100,100055,100,99885,100,100056,100,99878,100
2019-06-28 09:32:40.000000000,100006,1117,99989,417,100007,100,99968,100,100020,100,99963,100,100025,200,99949,100,100026,100,99947,100,100030,100,99929,100,100051,100,99917,100,100054,100,99902,100,100055,100,99885,100,100056,100,99878,100
2019-06-28 09:32:50.000000000,100006,863,99989,163,100007,163,99968,163,100020,163,99963,163,100025,263,99949,163,100026,163,99947,163,100030,100,99929,100,100051,100,99917,100,100054,100,99902,100,100055,100,99885,100,100056,100,99878,100
2019-06-28 09:33:00.000000000,100006,863,99989,163,100007,163,99968,163,100020,163,99963,163,100025,263,99949,163,100026,163,99947,163,100030,100,99929,100,100051,100,99917,100,100054,100,99902,100,100055,100,99885,100,100056,100,99878,100
2019-06-28 09:33:10.000000000,100006,879,99989,179,100007,179,99968,179,100020,179,99963,179,100025,279,99949,179,100026,100,99947,100,100030,100,99929,100,100051,100,99917,100,100054,100,99902,100,100055,100,99885,100,100056,100,99878,100
2019-06-28 09:33:15.735511261,100006,879,99989,79,100007,179,99968,179,100020,179,99963,179,100025,279,99949,179,100026,100,99947,100,100030,100,99929,100,100051,100,99917,100,100054,100,99902,100,100055,100,99885,100,100056,100,99878,100
2019-06-28 09:33:20.000000000,100006,879,99968,179,100007,179,99963,179,100020,179,99949,179,100025,279,99947,179,100026,100,99929,100,100030,100,99917,100,100051,100,99902,100,100054,100,99885,100,100055,100,99878,100,100056,100,99873,100
2019-06-28 09:33:30.000000000,100006,958,99968,258,100007,258,99963,258,100020,100,99949,100,100025,200,99947,100,100026,100,99929,100,100030,100,99917,100,100051,100,99902,100,100054,100,99885,100,100055,100,99878,100,100056,100,99873,100
2019-06-28 09:33:37.598077035,100006,958,99968,258,100007,258,99963,258,100020,100,99949,100,100025,200,99947,100,100026,100,99929,100,100030,100,99917,100,100051,100,99902,100,100054,100,99885,100,100055,100,99878,100,100056,100,99873,100
2019-06-28 09:33:38.749898416,100006,958,99968,258,100007,258,99963,258,100020,100,99949,100,100025,200,99947,100,100026,100,99929,100,100030,100,99917,100,100051,100,99902,100,100054,100,99885,100,100055,100,99878,100,100056,100,99873,100
2019-06-28 09:33:40.000000000,100006,1117,99968,417,100007,100,99963,100,100020,100,99949,100,100025,200,99947,100,100026,100,99929,100,100030,100,99917,100,100051,100,99902,100,100054,100,99885,100,100055,100,99878,100,100056,100,99873,100
2019-06-28 09:33:50.000000000,100006,879,99968,179,100007,179,99963,179,100020,179,99949,179,100025,279,99947,179,100026,100,99929,100,100030,100,99917,100,100051,100,99902,100,100054,100,99885,100,100055,100,99878,100,100056,100,99873,100
2019-06-28 09:34:00.000000000,100006,958,99968,258,100007,258,99963,258,100020,100,99949,100,100025,200,99947,100,100026,100,99929,100,100030,100,99917,100,100051,100,99902,100,100054,100,99885,100,100055,100,99878,100,100056,100,99873,100
2019-06-28 09:34:10.000000000,100006,1117,99968,417,100007,100,99963,100,100020,100,99949,100,100025,200,99947,100,100026,100,99929,100,100030,100,99917,100,100051,100,99902,100,100054,100,99885,100,100055,100,99878,100,100056,100,99873,100
2019-06-28 09:34:20.000000000,100006,958,99968,258,100007,258,99963,258,100020,100,99949,100,100025,200,99947,100,100026,100,99929,100,100030,100,99917,100,100051,100,99902,100,100054,100,99885,100,100055,100,99878,100,100056,100,99873,100
2019-06-28 09:34:30.000000000,100006,1117,99968,417,100007,100,99963,100,100020,100,99949,100,100025,200,99947,100,100026,100,99929,100,100030,100,99917,100,100051,100,99902,100,100054,100,99885,100,100055,100,99878,100,100056,100,99873,100
2019-06-28 09:34:35.432300309,100006,1117,99968,317,100007,100,99963,100,100020,100,99949,100,100025,200,99947,100,100026,100,99929,100,100030,100,99917,100,100051,100,99902,100,100054,100,99885,100,100055,100,99878,100,100056,100,99873,100
2019-06-28 09:34:40.000000000,100006,958,99963,258,100007,258,99949,258,100020,100,99947,100,100025,200,99929,100,100026,100,99917,100,100030,100,99902,100,100051,100,99885,100,100054,100,99878,100,100055,100,99873,100,100056,100,99868,100
2019-06-28 09:34:50.000000000,100006,1117,99963,417,100007,100,99949,100,100020,100,99947,100,100025,200,99929,100,100026,100,99917,100,100030,100,99902,100,100051,100,99885,100,100054,100,99878,100,100055,100,99873,100,100056,100,99868,100
2019-06-28 09:34:54.063783754,100006,1117,99963,317,100007,100,99949,100,100020,100,99947,100,100025,200,99929,100,100026,100,99917,100,100030,100,99902,100,100051,100,99885,100,100054,100,99878,100,100055,100,99873,100,100056,100,99862,100
2019-06-28 09:35:00.000000000,100006,908,99949,208,100007,205,99947,205,100020,205,99929,205,100025,200,99917,100,100026,100,99902,100,100030,100,99885,100,100051,100,99878,100,100054,100,99873,100,100055,100,99862,100,100056,100,99849,100
2019-06-28 09:35:10.000000000,100006,863,99949,163,100007,163,99947,163,100020,163,99929,163,100025,263,99917,163,100026,163,99902,163,100030,100,99885,100,100051,100,99878,100,100054,100,99873,100,100055,100,99862,100,100056,100,99849,100
2019-06-28 09:35:17.091369271,100006,863,99949,163,100007,163,99947,163,100020,163,99929,163,100025,263,99917,163,100026,163,99902,163,100030,100,99885,100,100051,100,99878,100,100054,100,99873,100,100055,100,99862,100,100056,100,99849,100
2019-06-28 09:35:20.000000000,100006,908,99949,208,100007,205,99947,205,100020,205,99929,205,100025,200,99917,100,100026,100,99902,100,100030,100,99885,100,100051,100,99878,100,100054,100,99873,100,100055,100,99862,100,100056,100,99849,100
2019-06-28 09:35:30.000000000,100006,908,99949,208,100007,205,99947,205,100020,205,99929,205,100025,200,99917,100,100026,100,99902,100,100030,100,99885,100,100051,100,99878,100,100054,100,99873,100,100055,100,99862,100,100056,100,99849,100
2019-06-28 09:35:40.000000000,100006,863,99949,163,100007,163,99947,163,100020,163,99929,163,100025,263,99917,163,100026,163,99902,163,100030,100,99885,100,100051,100,99878,100,100054,100,99873,100,100055,100,99862,100,100056,100,99849,100
2019-06-28 09:35:50.000000000,100006,1117,99949,417,100007,100,99947,100,100020,100,99929,100,100025,200,99917,100,100026,100,99902,100,100030,100,99885,100,100051,100,99878,100,100054,100,99873,100,100055,100,99862,100,100056,100,99849,100
2019-06-28 09:36:00.000000000,100006,958,99949,258,100007,258,99947,258,100020,100,99929,100,100025,200,99917,100,100026,100,99902,100,100030,100,99885,100,100051,100,99878,100,100054,100,99873,100,100055,100,99862,100,100056,100,99849,100
2019-06-28 09:36:00.382073884,100006,958,99949,158,100007,258,99947,258,100020,100,99929,100,100025,200,99917,100,100026,100,99902,100,100030,100,99885,100,100051,100,99878,100,100054,100,99873,100,100055,100,99862,100,100056,100,99849,100
2019-06-28 09:36:01.299262033,99963,100,99949,158,100006,858,99947,258,100007,258,99929,100,100020,100,99917,100,100025,200,99902,100,100026,100,99885,100,100030,100,99878,100,100051,100,99873,100,100054,100,99862,100,100055,100,99849,100
2019-06-28 09:36:10.000000000,99963,417,99947,417,100006,700,99929,100,100007,100,99917,100,100020,100,99902,100,100025,200,99885,100,100026,100,99878,100,100030,100,99873,100,100051,100,99862,100,100054,100,99849,100,100055,100,99835,100
2019-06-28 09:36:20.000000000,99963,417,99947,417,100006,700,99929,100,100007,100,99917,100,100020,100,99902,100,100025,200,99885,100,100026,100,99878,100,100030,100,99873,100,100051,100,99862,100,100054,100,99849,100,100055,100,99835,100
2019-06-28 09:36:30.000000000,99963,417,99947,417,100006,700,99929,100,100007,100,99917,100,100020,100,99902,100,100025,200,99885,100,100026,100,99878,100,100030,100,99873,100,100051,100,99862,100,100054,100,99849,100,100055,100,99835,100
2019-06-28 09:36:30.742197702,99963,517,99947,417,100006,600,99929,100,100007,100,99917,100,100020,100,99902,100,100025,200,99885,100,100026,100,99878,100,100030,100,99873,100,100051,100,99862,100,100054,100,99849,100,100055,100,99835,100
2019-06-28 09:36:40.000000000,99963,358,99947,258,100006,758,99929,258,100007,100,99917,100,100020,100,99902,100,100025,200,99885,100,100026,100,99878,100,100030,100,99873,100,100051,100,99862,100,100054,100,99849,100,100055,100,99835,100
2019-06-28 09:36:45.098433898,99963,458,99947,258,100006,758,99929,258,100007,100,99917,100,100020,100,99902,100,100025,200,99885,100,100026,100,99878,100,100030,100,99873,100,100051,100,99862,100,100054,100,99849,100,100055,100,99835,100
2019-06-28 09:36:49.152121968,99963,558,99947,258,100006,658,99929,258,100007,100,99917,100,100020,100,99902,100,100025,200,99885,100,100026,100,99878,100,100030,100,99873,100,100051,100,99862,100,100054,100,99849,100,100055,100,99835,100
2019-06-28 09:36:50.000000000,99963,479,99947,179,100006,579,99929,179,100007,179,99917,179,100020,179,99902,179,100025,200,99885,100,100026,100,99878,100,100030,100,99873,100,100051,100,99862,100,100054,100,99849,100,100055,100,99835,100
2019-06-28 09:36:51.974322255,99963,479,99947,179,100006,579,99929,179,100007,179,99917,179,100020,179,99902,179,100025,200,99878,100,100026,100,99873,100,100030,100,99862,100,100051,100,99849,100,100054,100,99835,100,100055,100,99833,100
2019-06-28 09:36:57.321321808,99963,479,99947,79,100006,579,99929,179,100007,179,99917,179,100020,179,99902,179,100025,200,99878,100,100026,100,99873,100,100030,100,99862,100,100051,100,99849,100,100054,100,99833,100,100055,100,99826,100
2019-06-28 09:37:00.000000000,99963,717,99929,417,100006,500,99917,100,100007,100,99902,100,100020,100,99878,100,100025,200,99873,100,100026,100,99862,100,100030,100,99849,100,100051,100,99833,100,100054,100,99826,100,100055,100,99794,100
2019-06-28 09:37:00.131504076,99949,100,99929,417,99963,717,99917,100,100006,400,99902,100,100007,100,99878,100,100020,100,99873,100,100025,200,99862,100,100026,100,99849,100,100030,100,99833,100,100051,100,99826,100,100054,100,99794,100
2019-06-28 09:37:04.937229248,99949,100,99929,417,99963,717,99917,100,100006,300,99902,100,100007,100,99878,100,100020,100,99873,100,100025,200,99862,100,100026,100,99849,100,100030,100,99833,100,100051,100,99826,100,100054,100,99794,100
2019-06-28 09:37:10.000000000,99949,417,99929,417,99963,400,99917,100,100006,300,99902,100,100007,100,99878,100,100020,100,99873,100,100025,200,99862,100,100026,100,99849,100,100030,100,99833,100,100051,100,99826,100,100054,100,99794,100
2019-06-28 09:37:20.000000000,99949,258,99929,258,99963,558,99917,258,100006,300,99902,100,100007,100,99878,100,100020,100,99873,100,100025,200,99862,100,100026,100,99849,100,100030,100,99833,100,100051,100,99826,100,100054,100,99794,100
2019-06-28 09:37:30.000000000,99949,417,99929,417,99963,400,99917,100,100006,300,99902,100,100007,100,99878,100,100020,100,99873,100,100025,200,99862,100,100026,100,99849,100,100030,100,99833,100,100051,100,99826,100,100054,100,99794,100
2019-06-28 09:37:31.119291616,99949,417,99929,317,99963,400,99917,100,100006,300,99902,100,100007,100,99878,100,100025,200,99873,100,100026,100,99862,100,100030,100,99849,100,100051,100,99833,100,100054,100,99826,100,100055,100,99794,100
2019-06-28 09:37:32.676910943,99949,417,99929,217,99963,400,99917,100,100006,300,99902,100,100007,100,99878,100,100025,200,99873,100,100026,100,99862,100,100030,100,99849,100,100051,100,99833,100,100054,100,99826,100,100055,100,99794,100
2019-06-28 09:37:35.301036981,99949,417,99929,217,99963,400,99917,100,100006,300,99902,100,100007,100,99878,100,100025,200,99873,100,100026,100,99862,100,100030,100,99849,100,100051,100,99833,100,100054,100,99826,100,100055,100,99794,100
2019-06-28 09:37:40.000000000,99949,179,99917,179,99963,479,99902,179,100006,379,99878,179,100007,179,99873,179,100025,200,99862,100,100026,100,99849,100,100030,100,99833,100,100051,100,99826,100,100054,100,99794,100,100055,100,99709,100
2019-06-28 09:37:43.322675168,99929,100,99917,179,99949,179,99902,179,99963,479,99878,179,100006,379,99873,179,100007,79,99862,100,100025,200,99849,100,100026,100,99833,100,100030,100,99826,100,100051,100,99794,100,100054,100,99709,100
2019-06-28 09:37:50.000000000,99929,163,99917,163,99949,163,99902,163,99963,463,99878,163,100006,363,99873,163,100025,263,99862,163,100026,100,99849,100,100030,100,99833,100,100051,100,99826,100,100054,100,99794,100,100055,100,99709,100
2019-06-28 09:37:53.267100378,99929,163,99917,63,99949,163,99902,163,99963,463,99878,163,100006,363,99873,163,100025,263,99862,163,100026,100,99849,100,100030,100,99833,100,100051,100,99826,100,100054,100,99794,100,100055,100,99709,100
2019-06-28 09:38:00.000000000,99929,417,99902,417,99949,100,99878,100,99963,400,99873,100,100006,300,99862,100,100025,200,99849,100,100026,100,99833,100,100030,100,99826,100,100051,100,99794,100,100054,100,99709,100,100055,100,99574,100
2019-06-28 09:38:03.632757690,99929,417,99902,417,99949,100,99878,100,99963,400,99873,100,100006,300,99849,100,100025,200,99833,100,100026,100,99826,100,100030,100,99794,100,100051,100,99709,100,100054,100,99574,100,100055,100,99573,100
2019-06-28 09:38:10.000000000,99929,417,99902,417,99949,100,99878,100,99963,400,99873,100,100006,300,99849,100,100025,200,99833,100,100026,100,99826,100,100030,100,99794,100,100051,100,99709,100,100054,100,99574,100,100055,100,99573,100
2019-06-28 09:38:18.320952598,99928,100,99902,417,99929,417,99878,100,99949,100,99873,100,99963,400,99849,100,100006,300,99833,100,100025,200,99826,100,100026,100,99794,100,100030,100,99709,100,100051,100,99574,100,100054,100,99573,100
2019-06-28 09:38:20.000000000,99928,163,99902,163,99929,163,99878,163,99949,163,99873,163,99963,463,99849,163,100006,363,99833,163,100025,200,99826,100,100026,100,99794,100,100030,100,99709,100,100051,100,99574,100,100054,100,99573,100
2019-06-28 09:38:30.000000000,99928,208,99902,208,99929,205,99878,205,99949,205,99873,205,99963,400,99849,100,100006,300,99833,100,100025,200,99826,100,100026,100,99794,100,100030,100,99709,100,100051,100,99574,100,100054,100,99573,100
2019-06-28 09:38:34.299703848,99928,208,99902,208,99929,205,99878,205,99949,205,99873,205,99963,400,99849,100,100006,300,99833,100,100025,200,99826,100,100026,100,99794,100,100030,100,99709,100,100051,100,99573,100,100054,100,99469,100
2019-06-28 09:38:37.568300403,99928,308,99902,208,99929,205,99878,205,99949,205,99873,205,99963,400,99849,100,100006,200,99833,100,100025,200,99826,100,100026,100,99794,100,100030,100,99709,100,100051,100,99573,100,100054,100,99469,100
2019-06-28 09:38:40.000000000,99928,517,99902,417,99929,100,99878,100,99949,100,99873,100,99963,400,99849,100,100006,200,99833,100,100025,200,99826,100,100026,100,99794,100,100030,100,99709,100,100051,100,99573,100,100054,100,99469,100
2019-06-28 09:38:40.508281750,99928,617,99902,417,99929,100,99878,100,99949,100,99873,100,99963,400,99849,100,100006,200,99833,100,100025,200,99826,100,100026,100,99794,100,100030,100,99709,100,100051,100,99573,100,100054,100,99469,100
2019-06-28 09:38:47.323955340,99928,717,99902,417,99929,100,99878,100,99949,100,99873,100,99963,400,99849,100,100006,200,99833,100,100025,200,99826,100,100026,100,99794,100,100030,100,99709,100,100051,100,99573,100,100054,100,99469,100
2019-06-28 09:38:50.000000000,99928,479,99902,179,99929,179,99878,179,99949,179,99873,179,99963,479,99849,179,100006,200,99833,100,100025,200,99826,100,100026,100,99794,100,100030,100,99709,100,100051,100,99573,100,100054,100,99469,100
2019-06-28 09:39:00.000000000,99928,508,99902,208,99929,205,99878,205,99949,205,99873,205,99963,400,99849,100,100006,200,99833,100,100025,200,99826,100,100026,100,99794,100,100030,100,99709,100,100051,100,99573,100,100054,100,99469,100
2019-06-28 09:39:01.090078757,99928,608,99902,208,99929,205,99878,205,99949,205,99873,205,99963,300,99849,100,100006,200,99833,100,100025,200,99826,100,100026,100,99794,100,100030,100,99709,100,100051,100,99573,100,100054,100,99469,100
2019-06-28 09:39:03.955458189,99928,608,99902,208,99929,205,99878,205,99949,205,99873,105,99963,300,99849,100,100006,200,99833,100,100025,200,99826,100,100026,100,99794,100,100030,100,99709,100,100051,100,99573,100,100054,100,99469,100
2019-06-28 09:39:10.000000000,99928,608,99902,208,99929,205,99878,205,99949,205,99849,205,99963,300,99833,100,100006,200,99826,100,100025,200,99794,100,100026,100,99709,100,100030,100,99573,100,100051,100,99469,100,100054,100,99336,100
2019-06-28 09:39:18.295388595,99928,608,99902,108,99929,205,99878,205,99949,205,99849,205,99963,300,99833,100,100006,200,99826,100,100025,200,99794,100,100026,100,99709,100,100030,100,99573,100,100051,100,99469,100,100054,100,99336,100
2019-06-28 09:39:20.000000000,99928,579,99878,179,99929,179,99849,179,99949,179,99833,179,99963,379,99826,179,100006,200,99794,100,100025,200,99709,100,100026,100,99573,100,100030,100,99469,100,100051,100,99336,100,100054,100,99327,100
2019-06-28 09:39:24.274017034,99928,579,99878,179,99929,179,99849,179,99949,179,99833,179,99963,379,99826,179,100006,200,99794,100,100025,200,99709,100,100026,100,99573,100,100030,100,99530,100,100051,100,99469,100,100054,100,99336,100
2019-06-28 09:39:30.000000000,99928,579,99878,179,99929,179,99849,179,99949,179,99833,179,99963,379,99826,179,100006,200,99794,100,100025,200,99709,100,100026,100,99573,100,100030,100,99530,100,100051,100,99469,100,100054,100,99336,100
2019-06-28 09:39:32.995876923,99928,579,99878,79,99929,179,99849,179,99949,179,99833,179,99963,379,99826,179,100006,200,99794,100,100025,200,99709,100,100026,100,99573,100,100030,100,99530,100,100051,100,99469,100,100054,100,99336,100
2019-06-28 09:39:39.974390100,99928,579,99878,79,99929,179,99849,179,99949,179,99833,179,99963,379,99826,179,100006,200,99794,100,100025,200,99709,100,100026,100,99573,100,100030,100,99530,100,100051,100,99516,100,100054,100,99469,100
2019-06-28 09:39:40.000000000,99928,608,99849,208,99929,205,99833,205,99949,205,99826,205,99963,300,99794,100,100006,200,99709,100,100025,200,99573,100,100026,100,99530,100,100030,100,99516,100,100051,100,99469,100,100054,100,99336,100
2019-06-28 09:39:40.178063108,99928,608,99849,108,99929,205,99833,205,99949,205,99826,205,99963,300,99794,100,100006,200,99709,100,100025,200,99573,100,100026,100,99530,100,100030,100,99516,100,100051,100,99469,100,100054,100,99336,100
2019-06-28 09:39:44.228197174,99928,608,99849,8,99929,205,99833,205,99949,205,99826,205,99963,300,99794,100,100006,200,99709,100,100025,200,99573,100,100026,100,99530,100,100030,100,99516,100,100051,100,99469,100,100054,100,99336,100
2019-06-28 09:39:47.324465517,99849,92,99833,205,99928,608,99826,205,99929,205,99794,100,99949,205,99709,100,99963,300,99573,100,100006,200,99530,100,100025,200,99516,100,100026,100,99469,100,100030,100,99336,100,100051,100,99268,100
2019-06-28 09:39:50.000000000,99849,250,99833,258,99928,658,99826,258,99929,100,99794,100,99949,100,99709,100,99963,300,99573,100,100006,200,99530,100,100025,200,99516,100,100026,100,99469,100,100030,100,99336,100,100051,100,99268,100
2019-06-28 09:40:00.000000000,99849,250,99833,258,99928,658,99826,258,99929,100,99794,100,99949,100,99709,100,99963,300,99573,100,100006,200,99530,100,100025,200,99516,100,100026,100,99469,100,100030,100,99336,100,100051,100,99268,100
2019-06-28 09:40:02.652620967,99849,350,99833,258,99928,558,99826,258,99929,100,99794,100,99949,100,99709,100,99963,300,99573,100,100006,200,99530,100,100025,200,99516,100,100026,100,99469,100,100030,100,99336,100,100051,100,99268,100
2019-06-28 09:40:10.000000000,99849,300,99833,208,99928,505,99826,205,99929,205,99794,205,99949,100,99709,100,99963,300,99573,100,100006,200,99530,100,100025,200,99516,100,100026,100,99469,100,100030,100,99336,100,100051,100,99268,100
2019-06-28 09:40:17.594770193,99849,400,99833,208,99928,505,99826,205,99929,205,99794,205,99949,100,99709,100,99963,300,99573,100,100006,200,99530,100,100025,200,99516,100,100026,100,99469,100,100030,100,99336,100,100051,100,99268,100
2019-06-28 09:40:20.000000000,99849,400,99833,208,99928,505,99826,205,99929,205,99794,205,99949,100,99709,100,99963,300,99573,100,100006,200,99530,100,100025,200,99516,100,100026,100,99469,100,100030,100,99336,100,100051,100,99268,100
2019-06-28 09:40:28.722119173,99849,400,99833,108,99928,505,99826,205,99929,205,99794,205,99949,100,99709,100,99963,300,99573,100,100006,200,99530,100,100025,200,99516,100,100026,100,99469,100,100030,100,99336,100,100051,100,99268,100
2019-06-28 09:40:30.000000000,99849,371,99826,179,99928,479,99794,179,99929,179,99709,179,99949,179,99573,179,99963,300,99530,100,100006,200,99516,100,100025,200,99469,100,100026,100,99336,100,100030,100,99268,100,100051,100,,
2019-06-28 09:40:38.213296855,99849,371,99826,79,99928,479,99794,179,99929,179,99709,179,99949,179,99573,79,99963,300,99530,100,100006,200,99516,100,100025,200,99469,100,100026,100,99336,100,100030,100,99268,100,100051,100,,
2019-06-28 09:40:40.000000000,99849,355,99794,163,99928,463,99709,163,99929,163,99530,163,99949,163,99516,163,99963,363,99469,163,100006,200,99336,100,100025,200,99268,100,100026,100,,,100030,100,,,100051,100,,
2019-06-28 09:40:43.453444442,99849,355,99794,63,99928,463,99709,163,99929,163,99530,163,99949,163,99516,163,99963,363,99469,163,100006,200,99336,100,100025,200,99268,100,100026,100,,,100030,100,,,100051,100,,
2019-06-28 09:40:50.000000000,99849,371,99709,179,99928,479,99530,179,99929,179,99516,179,99949,179,99469,179,99963,300,99336,100,100006,200,99268,100,100025,200,,,100026,100,,,100030,100,,,100051,100,,
2019-06-28 09:41:00.000000000,99849,450,99709,258,99928,558,99530,258,99929,100,99516,100,99949,100,99469,100,99963,300,99336,100,100006,200,99268,100,100025,200,,,100026,100,,,100030,100,,,100051,100,,
2019-06-28 09:41:10.000000000,99849,371,99709,179,99928,479,99530,179,99929,179,99516,179,99949,179,99469,179,99963,300,99336,100,100006,200,99268,100,100025,200,,,100026,100,,,100030,100,,,100051,100,,
2019-06-28 09:41:10.018352076,99849,271,99709,179,99928,479,99530,179,99929,179,99516,179,99949,179,99469,179,99963,300,99336,100,100006,200,99268,100,100025,200,,,100026,100,,,100030,100,,,100051,100,,
2019-06-28 09:41:20.000000000,99849,255,99709,163,99928,463,99530,163,99929,163,99516,163,99949,163,99469,163,99963,363,99336,163,100006,200,99268,100,100025,200,,,100026,100,,,100030,100,,,100051,100,,
2019-06-28 09:41:30.000000000,99849,509,99709,417,99928,400,99530,100,99929,100,99516,100,99949,100,99469,100,99963,300,99336,100,100006,200,99268,100,100025,200,,,100026,100,,,100030,100,,,100051,100,,
2019-06-28 09:41:40.000000000,99849,350,99709,258,99928,558,99530,258,99929,100,99516,100,99949,100,99469,100,99963,300,99336,100,100006,200,99268,100,100025,200,,,100026,100,,,100030,100,,,100051,100,,
2019-06-28 09:41:40.060082856,99849,350,99709,258,99928,558,99530,258,99929,100,99516,100,99949,100,99469,100,99963,200,99336,100,100006,200,99268,100,100025,200,,,100026,100,,,100030,100,,,100051,100,,
2019-06-28 09:41:50.000000000,99849,350,99709,258,99928,558,99530,258,99929,100,99516,100,99949,100,99469,100,99963,200,99336,100,100006,200,99268,100,100025,200,,,100026,100,,,100030,100,,,100051,100,,
2019-06-28 09:42:00.000000000,99849,271,99709,179,99928,479,99530,179,99929,179,99516,179,99949,179,99469,179,99963,200,99336,100,100006,200,99268,100,100025,200,,,100026,100,,,100030,100,,,100051,100,,
2019-06-28 09:42:08.913686838,99849,271,99795,100,99928,479,99709,179,99929,179,99530,179,99949,79,99516,179,99963,200,99469,179,100006,200,99336,100,100025,200,99268,100,100026,100,,,100030,100,,,100051,100,,
2019-06-28 09:42:10.000000000,99849,255,99795,163,99928,463,99709,163,99929,163,99530,163,99963,263,99516,163,100006,263,99469,163,100025,200,99336,100,100026,100,99268,100,100030,100,,,100051,100,,,100054,100,,
2019-06-28 09:42:20.000000000,99849,271,99795,179,99928,479,99709,179,99929,179,99530,179,99963,279,99516,179,100006,200,99469,100,100025,200,99336,100,100026,100,99268,100,100030,100,,,100051,100,,,100054,100,,
2019-06-28 09:42:25.994484518,99849,171,99795,179,99928,479,99709,179,99929,179,99530,179,99963,279,99516,179,100006,200,99469,100,100025,200,99336,100,100026,100,99268,100,100030,100,,,100051,100,,,100054,100,,
2019-06-28 09:42:30.000000000,99849,200,99795,208,99928,505,99709,205,99929,205,99530,205,99963,200,99516,100,100006,200,99469,100,100025,200,99336,100,100026,100,99268,100,100030,100,,,100051,100,,,100054,100,,
2019-06-28 09:42:30.371992139,99849,200,99795,208,99928,505,99709,205,99929,205,99530,205,99963,200,99516,100,100006,200,99469,100,100025,200,99336,100,100026,100,99268,100,100030,100,,,100051,100,,,100054,100,,
2019-06-28 09:42:32.913835123,99849,100,99795,208,99928,505,99709,205,99929,205,99530,205,99963,200,99516,100,100006,200,99469,100,100025,200,99336,100,100026,100,99268,100,100030,100,,,100051,100,,,100054,100,,
2019-06-28 09:42:40.000000000,99928,463,99795,163,99929,163,99709,163,99963,263,99530,163,100006,263,99516,163,100025,263,99469,163,100026,100,99336,100,100030,100,99268,100,100051,100,,,100054,100,,,100055,100,,
2019-06-28 09:42:50.000000000,99928,717,99795,417,99929,100,99709,100,99963,200,99530,100,100006,200,99516,100,100025,200,99469,100,100026,100,99336,100,100030,100,99268,100,100051,100,,,100054,100,,,100055,100,,
2019-06-28 09:43:00.000000000,99928,508,99795,208,99929,205,99709,205,99963,305,99530,205,100006,200,99516,100,100025,200,99469,100,100026,100,99336,100,100030,100,99268,100,100051,100,,,100054,100,,,100055,100,,
2019-06-28 09:43:10.000000000,99928,508,99795,208,99929,205,99709,205,99963,305,99530,205,100006,200,99516,100,100025,200,99469,100,100026,100,99336,100,100030,100,99268,100,100051,100,,,100054,100,,,100055,100,,
2019-06-28 09:43:20.000000000,99928,479,99795,179,99929,179,99709,179,99963,279,99530,179,100006,279,99516,179,100025,200,99469,100,100026,100,99336,100,100030,100,99268,100,100051,100,,,100054,100,,,100055,100,,
2019-06-28 09:43:20.960488493,99928,479,99795,179,99929,179,99709,179,99963,279,99530,179,100006,279,99516,179,100025,200,99469,100,100026,100,99336,100,100030,100,99268,100,100051,100,,,100054,100,,,100055,100,,
2019-06-28 09:43:22.310135462,99928,479,99795,179,99929,179,99709,179,99963,279,99530,179,100006,279,99516,179,100025,200,99469,100,100026,100,99336,100,100030,100,99268,100,100051,100,,,100054,100,,,100055,100,,
2019-06-28 09:43:23.469707274,99928,479,99795,179,99929,179,99709,179,99963,279,99530,179,100006,279,99516,179,100025,200,99469,100,100026,100,99268,100,100030,100,,,100051,100,,,100054,100,,,100055,100,,
2019-06-28 09:43:30.000000000,99928,558,99795,258,99929,258,99709,258,99963,200,99530,100,100006,200,99516,100,100025,200,99469,100,100026,100,99268,100,100030,100,,,100051,100,,,100054,100,,,100055,100,,
2019-06-28 09:43:30.061582445,99928,558,99849,100,99929,258,99795,258,99963,100,99709,258,100006,200,99530,100,100025,200,99516,100,100026,100,99469,100,100030,100,99268,100,100051,100,,,100054,100,,,100055,100,,
2019-06-28 09:43:40.000000000,99928,463,99849,163,99929,163,99795,163,99963,163,99709,163,100006,263,99530,163,100025,263,99516,163,100026,100,99469,100,100030,100,99268,100,100051,100,,,100054,100,,,100055,100,,
2019-06-28 09:43:50.000000000,99928,479,99849,179,99929,179,99795,179,99963,179,99709,179,100006,279,99530,179,100025,200,99516,100,100026,100,99469,100,100030,100,99268,100,100051,100,,,100054,100,,,100055,100,,
2019-06-28 09:43:58.214501471,99928,479,99849,179,99929,179,99795,179,99963,179,99709,179,100006,279,99530,179,100025,200,99516,100,100026,100,99469,100,100030,100,99268,100,100051,100,,,100054,100,,,100055,100,,
2019-06-28 09:43:58.937419468,99928,479,99849,179,99929,179,99795,179,99963,179,99709,179,100006,279,99530,179,100025,200,99516,100,100026,100,99469,100,100030,100,99268,100,100051,100,,,100054,100,,,100055,100,,
2019-06-28 09:44:00.000000000,99928,463,99849,163,99929,163,99795,163,99963,163,99709,163,100006,263,99530,163,100025,263,99516,163,100026,100,99469,100,100030,100,99268,100,100051,100,,,100054,100,,,100055,100,,
2019-06-28 09:44:06.697400600,99928,463,99849,163,99929,163,99795,63,99963,163,99709,163,100006,263,99530,163,100025,263,99516,163,100026,100,99469,100,100030,100,99268,100,100051,100,,,100054,100,,,100055,100,,
2019-06-28 09:44:10.000000000,99928,558,99849,258,99929,258,99709,258,99963,100,99530,100,100006,200,99516,100,100025,200,99469,100,100026,100,99268,100,100030,100,,,100051,100,,,100054,100,,,100055,100,,
2019-06-28 09:44:17.096222332,99928,458,99849,258,99929,258,99709,258,99963,100,99530,100,100006,200,99516,100,100025,200,99469,100,100026,100,99268,100,100030,100,,,100051,100,,,100054,100,,,100055,100,,
2019-06-28 09:44:20.000000000,99928,363,99849,163,99929,163,99709,163,99963,163,99530,163,100006,263,99516,163,100025,263,99469,163,100026,100,99268,100,100030,100,,,100051,100,,,100054,100,,,100055,100,,
2019-06-28 09:44:30.000000000,99928,379,99849,179,99929,179,99709,179,99963,179,99530,179,100006,279,99516,179,100025,200,99469,100,100026,100,99268,100,100030,100,,,100051,100,,,100054,100,,,100055,100,,
2019-06-28 09:44:40.000000000,99928,363,99849,163,99929,163,99709,163,99963,163,99530,163,100006,263,99516,163,100025,263,99469,163,100026,100,99268,100,100030,100,,,100051,100,,,100054,100,,,100055,100,,
2019-06-28 09:44:50.000000000,99928,458,99849,258,99929,258,99709,258,99963,100,99530,100,100006,200,99516,100,100025,200,99469,100,100026,100,99268,100,100030,100,,,100051,100,,,100054,100,,,100055,100,,
2019-06-28 09:45:00.000000000,99928,408,99849,208,99929,205,99709,205,99963,205,99530,205,100006,200,99516,100,100025,200,99469,100,100026,100,99268,100,100030,100,,,100051,100,,,100054,100,,,100055,100,,
2019-06-28 09:45:08.376263238,99927,100,99849,108,99928,408,99709,205,99929,205,99530,205,99963,205,99516,100,100006,200,99469,100,100025,200,99268,100,100026,100,,,100030,100,,,100051,100,,,100054,100,,
2019-06-28 09:45:10.000000000,99927,417,99709,417,99928,300,99530,100,99929,100,99516,100,99963,100,99469,100,100006,200,99268,100,100025,200,,,100026,100,,,100030,100,,,100051,100,,,100054,100,,
2019-06-28 09:45:12.484213212,99927,317,99709,417,99928,300,99530,100,99929,100,99516,100,99963,100,99469,100,100006,200,99268,100,100025,200,,,100026,100,,,100030,100,,,100051,100,,,100054,100,,
2019-06-28 09:45:19.028077817,99927,317,99709,317,99928,300,99530,100,99929,100,99516,100,99963,100,99469,100,100006,200,99268,100,100025,200,,,100026,100,,,100030,100,,,100054,100,,,100055,100,,
2019-06-28 09:45:20.000000000,99928,617,99530,417,99929,100,99516,100,99963,100,99469,100,100006,200,99268,100,100025,200,,,100026,100,,,100030,100,,,100054,100,,,100055,100,,,100065,100,,
2019-06-28 09:45:23.862855756,99928,617,99530,417,99929,100,99516,100,99963,100,99469,100,100006,200,99268,100,100025,200,99161,100,100026,100,,,100030,100,,,100054,100,,,100055,100,,,100065,100,,
2019-06-28 09:45:30.000000000,99928,408,99530,208,99929,205,99516,205,99963,205,99469,205,100006,200,99268,100,100025,200,99161,100,100026,100,,,100030,100,,,100054,100,,,100055,100,,,100065,100,,
2019-06-28 09:45:34.850440325,99926,100,99530,208,99928,408,99516,205,99929,205,99469,205,99963,205,99268,100,100006,200,99161,100,100025,200,,,100026,100,,,100030,100,,,100054,100,,,100055,100,,
2019-06-28 09:45:37.669013147,99602,100,99530,208,99926,100,99516,205,99928,408,99469,205,99929,205,99268,100,99963,205,99161,100,100006,200,,,100025,200,,,100026,100,,,100030,100,,,100054,100,,
2019-06-28 09:45:40.000000000,99602,208,99530,208,99926,205,99516,205,99928,405,99469,205,99929,100,99268,100,99963,100,99161,100,100006,200,,,100025,200,,,100026,100,,,100030,100,,,100054,100,,
2019-06-28 09:45:50.000000000,99602,417,99530,417,99926,100,99516,100,99928,300,99469,100,99929,100,99268,100,99963,100,99161,100,100006,200,,,100025,200,,,100026,100,,,100030,100,,,100054,100,,
2019-06-28 09:45:52.704947269,99602,417,99530,417,99926,100,99516,100,99928,300,99469,100,99929,100,99426,100,99963,100,99268,100,100006,200,99161,100,100025,200,,,100026,100,,,100030,100,,,100054,100,,
2019-06-28 09:45:56.473395446,99602,317,99530,417,99926,100,99516,100,99928,300,99469,100,99929,100,99426,100,99963,100,99268,100,100006,200,99161,100,100025,200,,,100026,100,,,100030,100,,,100054,100,,
2019-06-28 09:46:00.000000000,99926,417,99530,417,99928,300,99516,100,99929,100,99469,100,99963,100,99426,100,100006,200,99268,100,100025,200,99161,100,100026,100,,,100030,100,,,100054,100,,,100055,100,,
2019-06-28 09:46:10.000000000,99926,179,99530,179,99928,379,99516,179,99929,179,99469,179,99963,179,99426,179,100006,200,99268,100,100025,200,99161,100,100026,100,,,100030,100,,,100054,100,,,100055,100,,
2019-06-28 09:46:20.000000000,99926,163,99530,163,99928,363,99516,163,99929,163,99469,163,99963,163,99426,163,100006,263,99268,163,100025,200,99161,100,100026,100,,,100030,100,,,100054,100,,,100055,100,,
2019-06-28 09:46:26.369964106,99831,100,99530,163,99926,163,99516,163,99928,363,99469,163,99929,163,99426,163,99963,163,99268,163,100006,263,99161,100,100025,200,,,100026,100,,,100030,100,,,100054,100,,
2019-06-28 09:46:30.000000000,99831,417,99530,417,99926,100,99516,100,99928,300,99469,100,99929,100,99426,100,99963,100,99268,100,100006,200,99161,100,100025,200,,,100026,100,,,100030,100,,,100054,100,,
2019-06-28 09:46:35.021108218,99831,417,99530,317,99926,100,99516,100,99928,300,99469,100,99929,100,99426,100,99963,100,99268,100,100006,200,99161,100,100025,200,,,100030,100,,,100054,100,,,100055,100,,
2019-06-28 09:46:37.061112536,99831,417,99623,100,99926,100,99530,317,99928,300,99516,100,99929,100,99469,100,99963,100,99426,100,100006,200,99268,100,100025,200,99161,100,100030,100,,,100054,100,,,100055,100,,
2019-06-28 09:46:40.000000000,99831,163,99623,163,99926,163,99516,163,99928,363,99469,163,99929,163,99426,163,99963,163,99268,163,100006,200,99161,100,100025,200,,,100030,100,,,100054,100,,,100055,100,,
2019-06-28 09:46:40.581095150,99686,100,99623,163,99831,163,99516,163,99926,163,99469,163,99928,363,99426,163,99929,163,99268,163,99963,163,99161,100,100006,200,,,100025,200,,,100030,100,,,100054,100,,
2019-06-28 09:46:50.000000000,99686,258,99623,258,99831,258,99516,258,99926,100,99469,100,99928,300,99426,100,99929,100,99268,100,99963,100,99161,100,100006,200,,,100025,200,,,100030,100,,,100054,100,,
2019-06-28 09:46:50.070580552,99686,258,99623,258,99831,258,99516,258,99926,100,99469,100,99928,300,99426,100,99929,100,99268,100,99963,100,99161,100,100006,200,,,100025,200,,,100030,100,,,100054,100,,
2019-06-28 09:47:00.000000000,99686,417,99623,417,99831,100,99516,100,99926,100,99469,100,99928,300,99426,100,99929,100,99268,100,99963,100,99161,100,100006,200,,,100025,200,,,100030,100,,,100054,100,,
2019-06-28 09:47:05.102278749,99686,417,99623,417,99831,100,99556,100,99926,100,99516,100,99928,300,99469,100,99929,100,99426,100,99963,100,99268,100,100006,200,99161,100,100025,200,,,100030,100,,,100054,100,,
2019-06-28 09:47:10.000000000,99686,179,99623,179,99831,179,99556,179,99926,179,99516,179,99928,379,99469,179,99929,100,99426,100,99963,100,99268,100,100006,200,99161,100,100025,200,,,100030,100,,,100054,100,,
2019-06-28 09:47:20.000000000,99686,163,99623,163,99831,163,99556,163,99926,163,99516,163,99928,363,99469,163,99929,163,99426,163,99963,100,99268,100,100006,200,99161,100,100025,200,,,100030,100,,,100054,100,,
2019-06-28 09:47:29.674144302,99686,163,99623,163,99831,263,99556,163,99926,163,99516,163,99928,363,99469,163,99929,163,99426,163,99963,100,99268,100,100006,200,99161,100,100025,200,,,100030,100,,,100054,100,,
2019-06-28 09:47:30.000000000,99686,179,99623,179,99831,279,99556,179,99926,179,99516,179,99928,379,99469,179,99929,100,99426,100,99963,100,99268,100,100006,200,99161,100,100025,200,,,100030,100,,,100054,100,,
2019-06-28 09:47:40.000000000,99686,179,99623,179,99831,279,99556,179,99926,179,99516,179,99928,379,99469,179,99929,100,99426,100,99963,100,99268,100,100006,200,99161,100,100025,200,,,100030,100,,,100054,100,,
2019-06-28 09:47:50.000000000,99686,258,99623,258,99831,358,99556,258,99926,100,99516,100,99928,300,99469,100,99929,100,99426,100,99963,100,99268,100,100006,200,99161,100,100025,200,,,100030,100,,,100054,100,,
2019-06-28 09:47:53.440383282,99634,100,99623,258,99686,258,99556,258,99831,358,99516,100,99926,100,99469,100,99928,300,99426,100,99929,100,99268,100,99963,100,99161,100,100006,200,,,100025,200,,,100030,100,,
2019-06-28 09:48:00.000000000,99634,208,99623,208,99686,205,99556,205,99831,305,99516,205,99926,100,99469,100,99928,300,99426,100,99929,100,99268,100,99963,100,99161,100,100006,200,,,100025,200,,,100030,100,,
2019-06-28 09:48:10.000000000,99634,179,99623,179,99686,179,99556,179,99831,279,99516,179,99926,179,99469,179,99928,300,99426,100,99929,100,99268,100,99963,100,99161,100,100006,200,,,100025,200,,,100030,100,,
2019-06-28 09:48:20.000000000,99634,417,99623,417,99686,100,99556,100,99831,200,99516,100,99926,100,99469,100,99928,300,99426,100,99929,100,99268,100,99963,100,99161,100,100006,200,,,100025,200,,,100030,100,,
2019-06-28 09:48:30.000000000,99634,208,99623,208,99686,205,99556,205,99831,305,99516,205,99926,100,99469,100,99928,300,99426,100,99929,100,99268,100,99963,100,99161,100,100006,200,,,100025,200,,,100030,100,,
2019-06-28 09:48:40.000000000,99634,417,99623,417,99686,100,99556,100,99831,200,99516,100,99926,100,99469,100,99928,300,99426,100,99929,100,99268,100,99963,100,99161,100,100006,200,,,100025,200,,,100030,100,,
2019-06-28 09:48:41.901340821,99634,417,99623,317,99686,100,99556,100,99831,200,99516,100,99926,100,99469,100,99928,200,99426,100,99929,100,99268,100,99963,100,99161,100,100006,200,,,100025,200,,,100030,100,,
2019-06-28 09:48:50.000000000,99634,258,99556,258,99686,258,99516,258,99831,200,99469,100,99926,100,99426,100,99928,200,99268,100,99929,100,99161,100,99963,100,,,100006,200,,,100025,200,,,100030,100,,
2019-06-28 09:48:52.187011985,99634,258,99556,258,99686,258,99516,258,99816,100,99469,100,99831,200,99426,100,99926,100,99268,100,99928,200,99161,100,99929,100,,,99963,100,,,100006,200,,,100025,200,,
2019-06-28 09:49:00.000000000,99634,258,99556,258,99686,258,99516,258,99816,100,99469,100,99831,200,99426,100,99926,100,99268,100,99928,200,99161,100,99929,100,,,99963,100,,,100006,200,,,100025,200,,
2019-06-28 09:49:00.155139765,99634,258,99556,258,99686,258,99516,258,99816,100,99469,100,99831,200,99426,100,99926,100,99268,100,99928,200,99161,100,99929,100,,,99963,100,,,100006,200,,,100025,200,,
2019-06-28 09:49:02.055722100,99634,258,99556,258,99686,258,99530,100,99816,100,99516,258,99831,200,99469,100,99926,100,99426,100,99928,200,99268,100,99929,100,99161,100,99963,100,,,100006,200,,,100025,200,,
2019-06-28 09:49:10.000000000,99634,163,99556,163,99686,163,99530,163,99816,163,99516,163,99831,263,99469,163,99926,163,99426,163,99928,200,99268,100,99929,100,99161,100,99963,100,,,100006,200,,,100025,200,,
2019-06-28 09:49:20.000000000,99634,258,99556,258,99686,258,99530,258,99816,100,99516,100,99831,200,99469,100,99926,100,99426,100,99928,200,99268,100,99929,100,99161,100,99963,100,,,100006,200,,,100025,200,,
2019-06-28 09:49:30.000000000,99634,208,99556,208,99686,205,99530,205,99816,205,99516,205,99831,200,99469,100,99926,100,99426,100,99928,200,99268,100,99929,100,99161,100,99963,100,,,100006,200,,,100025,200,,
2019-06-28 09:49:34.838347371,99634,208,99624,100,99686,205,99556,208,99816,205,99530,205,99831,200,99516,205,99926,100,99469,100,99928,200,99426,100,99963,100,99268,100,100006,200,99161,100,100025,200,,,100030,100,,
2019-06-28 09:49:40.000000000,99634,417,99624,417,99686,100,99556,100,99816,100,99530,100,99831,200,99516,100,99926,100,99469,100,99928,200,99426,100,99963,100,99268,100,100006,200,99161,100,100025,200,,,100030,100,,
2019-06-28 09:49:47.758213917,99634,417,99624,517,99686,100,99556,100,99816,100,99530,100,99831,200,99516,100,99926,100,99469,100,99928,200,99426,100,99963,100,99268,100,100006,200,99161,100,100025,200,,,100030,100,,
2019-06-28 09:49:50.000000000,99634,179,99624,279,99686,179,99556,179,99816,179,99530,179,99831,279,99516,179,99926,100,99469,100,99928,200,99426,100,99963,100,99268,100,100006,200,99161,100,100025,200,,,100030,100,,
2019-06-28 09:49:52.070449488,99634,179,99624,279,99686,179,99556,179,99816,179,99530,179,99831,279,99516,179,99926,100,99469,100,99928,200,99268,100,99956,100,99161,100,99963,100,,,100006,200,,,100025,200,,
2019-06-28 09:50:00.000000000,99634,179,99624,279,99686,179,99556,179,99816,179,99530,179,99831,279,99516,179,99926,100,99469,100,99928,200,99268,100,99956,100,99161,100,99963,100,,,100006,200,,,100025,200,,
2019-06-28 09:50:10.000000000,99634,208,99624,308,99686,205,99556,205,99816,205,99530,205,99831,200,99516,100,99926,100,99469,100,99928,200,99268,100,99956,100,99161,100,99963,100,,,100006,200,,,100025,200,,
2019-06-28 09:50:20.000000000,99634,417,99624,517,99686,100,99556,100,99816,100,99530,100,99831,200,99516,100,99926,100,99469,100,99928,200,99268,100,99956,100,99161,100,99963,100,,,100006,200,,,100025,200,,
2019-06-28 09:50:30.000000000,99634,179,99624,279,99686,179,99556,179,99816,179,99530,179,99831,279,99516,179,99926,100,99469,100,99928,200,99268,100,99956,100,99161,100,99963,100,,,100006,200,,,100025,200,,
2019-06-28 09:50:40.000000000,99634,179,99624,279,99686,179,99556,179,99816,179,99530,179,99831,279,99516,179,99926,100,99469,100,99928,200,99268,100,99956,100,99161,100,99963,100,,,100006,200,,,100025,200,,
2019-06-28 09:50:47.377795566,99634,79,99624,279,99686,179,99556,179,99816,179,99530,179,99831,279,99516,179,99926,100,99469,100,99928,200,99268,100,99956,100,99161,100,99963,100,,,100006,200,,,100025,200,,
2019-06-28 09:50:50.000000000,99686,163,99624,263,99816,163,99556,163,99831,263,99530,163,99926,163,99516,163,99928,263,99469,163,99956,100,99268,100,99963,100,99161,100,100006,200,,,100025,200,,,100030,100,,
2019-06-28 09:51:00.000000000,99686,179,99624,279,99816,179,99556,179,99831,279,99530,179,99926,179,99516,179,99928,200,99469,100,99956,100,99268,100,99963,100,99161,100,100006,200,,,100025,200,,,100030,100,,
2019-06-28 09:51:10.000000000,99686,208,99624,308,99816,205,99556,205,99831,305,99530,205,99926,100,99516,100,99928,200,99469,100,99956,100,99268,100,99963,100,99161,100,100006,200,,,100025,200,,,100030,100,,
2019-06-28 09:51:13.789275516,99686,208,99625,100,99816,205,99624,308,99831,305,99556,205,99926,100,99530,205,99928,200,99516,100,99956,100,99469,100,99963,100,99268,100,100006,200,99161,100,100025,200,,,100030,100,,
2019-06-28 09:51:14.337674090,99686,108,99625,100,99816,205,99624,308,99831,305,99556,205,99926,100,99530,205,99928,200,99516,100,99956,100,99469,100,99963,100,99268,100,100006,200,99161,100,100025,200,,,100030,100,,
2019-06-28 09:51:20.000000000,99816,208,99625,208,99831,305,99624,305,99926,205,99556,205,99928,200,99530,100,99956,100,99516,100,99963,100,99469,100,100006,200,99268,100,100025,200,99161,100,100030,100,,,100054,100,,
2019-06-28 09:51:30.000000000,99816,163,99625,163,99831,263,99624,263,99926,163,99556,163,99928,263,99530,163,99956,163,99516,163,99963,100,99469,100,100006,200,99268,100,100025,200,99161,100,100030,100,,,100054,100,,
2019-06-28 09:51:35.392134806,99816,63,99625,163,99831,163,99624,263,99926,163,99556,163,99928,263,99530,163,99956,163,99516,163,99963,100,99469,100,100006,200,99268,100,100025,200,99161,100,100030,100,,,100054,100,,
2019-06-28 09:51:37.555589890,99816,63,99625,163,99831,163,99624,263,99926,163,99556,163,99928,263,99530,163,99956,163,99516,163,99963,100,99469,100,100006,200,99268,100,100025,200,99161,100,100030,100,,,100054,100,,
2019-06-28 09:51:38.441072924,99831,163,99816,37,99926,163,99625,163,99928,263,99624,263,99956,163,99556,163,99963,100,99530,163,100006,200,99516,163,100025,200,99469,100,100030,100,99268,100,100054,100,99161,100,100113,100,,
2019-06-28 09:51:40.000000000,99831,258,99816,195,99926,258,99625,258,99928,200,99624,200,99956,100,99556,100,99963,100,99530,100,100006,200,99516,100,100025,200,99469,100,100030,100,99268,100,100054,100,99161,100,100113,100,,
2019-06-28 09:51:42.664694955,99831,258,99816,195,99926,258,99625,258,99928,200,99624,200,99956,100,99556,100,99963,100,99530,100,100006,200,99516,100,100025,200,99469,100,100030,100,99268,100,100113,100,99161,100,100132,100,,
2019-06-28 09:51:50.000000000,99831,179,99816,116,99926,179,99625,179,99928,279,99624,279,99956,179,99556,179,99963,100,99530,100,100006,200,99516,100,100025,200,99469,100,100030,100,99268,100,100113,100,99161,100,100132,100,,
2019-06-28 09:52:00.000000000,99831,208,99816,145,99926,205,99625,205,99928,305,99624,305,99956,100,99556,100,99963,100,99530,100,100006,200,99516,100,100025,200,99469,100,100030,100,99268,100,100113,100,99161,100,100132,100,,
2019-06-28 09:52:10.000000000,99831,417,99816,354,99926,100,99625,100,99928,200,99624,200,99956,100,99556,100,99963,100,99530,100,100006,200,99516,100,100025,200,99469,100,100030,100,99268,100,100113,100,99161,100,100132,100,,
2019-06-28 09:52:14.948061024,99831,417,99816,354,99926,100,99625,100,99928,200,99624,200,99956,100,99556,100,99963,100,99530,100,100006,200,99516,100,100025,200,99469,100,100030,100,99268,100,100113,100,99161,100,100132,100,,
2019-06-28 09:52:18.708244537,99831,417,99816,354,99926,100,99625,100,99928,100,99624,200,99956,100,99556,100,99963,100,99530,100,100006,200,99516,100,100025,200,99469,100,100030,100,99268,100,100113,100,99161,100,100132,100,,
2019-06-28 09:52:20.000000000,99831,179,99816,116,99926,179,99625,179,99928,179,99624,279,99956,179,99556,179,99963,100,99530,100,100006,200,99516,100,100025,200,99469,100,100030,100,99268,100,100113,100,99161,100,100132,100,,
2019-06-28 09:52:30.000000000,99831,417,99816,354,99926,100,99625,100,99928,100,99624,200,99956,100,99556,100,99963,100,99530,100,100006,200,99516,100,100025,200,99469,100,100030,100,99268,100,100113,100,99161,100,100132,100,,
2019-06-28 09:52:33.361862216,99831,317,99816,354,99926,100,99625,100,99928,100,99624,200,99956,100,99556,100,99963,100,99530,100,100006,200,99516,100,100025,200,99469,100,100030,100,99268,100,100113,100,99161,100,100132,100,,
2019-06-28 09:52:40.000000000,99926,179,99816,116,99928,179,99625,179,99956,179,99624,279,99963,179,99556,179,100006,200,99530,100,100025,200,99516,100,100030,100,99469,100,100113,100,99268,100,100132,100,99161,100,100137,100,,
2019-06-28 09:52:50.000000000,99926,417,99816,354,99928,100,99625,100,99956,100,99624,200,99963,100,99556,100,100006,200,99530,100,100025,200,99516,100,100030,100,99469,100,100113,100,99268,100,100132,100,99161,100,100137,100,,
2019-06-28 09:52:59.298735220,99926,417,99816,354,99928,100,99625,100,99956,100,99624,200,99963,100,99556,100,100006,200,99530,100,100025,200,99516,100,100030,100,99469,100,100113,100,99268,100,100132,100,99161,100,100137,100,99026,100
2019-06-28 09:53:00.000000000,99926,163,99816,100,99928,163,99625,163,99956,163,99624,263,99963,163,99556,163,100006,263,99530,163,100025,200,99516,100,100030,100,99469,100,100113,100,99268,100,100132,100,99161,100,100137,100,99026,100
2019-06-28 09:53:02.417424315,99830,100,99816,100,99926,163,99625,163,99928,163,99624,263,99956,163,99556,163,99963,163,99530,163,100006,263,99516,100,100025,200,99469,100,100030,100,99268,100,100113,100,99161,100,100132,100,99026,100
2019-06-28 09:53:02.627191111,99830,100,99625,163,99926,163,99624,263,99928,163,99556,163,99956,163,99530,163,99963,163,99516,100,100006,263,99469,100,100025,200,99268,100,100030,100,99161,100,100113,100,99026,100,100132,100,,
2019-06-28 09:53:03.153157113,99830,100,99625,63,99926,163,99624,263,99928,163,99556,163,99956,163,99530,163,99963,163,99516,100,100006,263,99469,100,100025,200,99268,100,100030,100,99161,100,100113,100,99026,100,100132,100,,
2019-06-28 09:53:10.000000000,99830,417,99624,517,99926,100,99556,100,99928,100,99530,100,99956,100,99516,100,99963,100,99469,100,100006,200,99268,100,100025,200,99161,100,100030,100,99026,100,100113,100,,,100132,100,,
2019-06-28 09:53:20.000000000,99830,179,99624,279,99926,179,99556,179,99928,179,99530,179,99956,179,99516,179,99963,100,99469,100,100006,200,99268,100,100025,200,99161,100,100030,100,99026,100,100113,100,,,100132,100,,
2019-06-28 09:53:30.000000000,99830,208,99624,308,99926,205,99556,205,99928,205,99530,205,99956,100,99516,100,99963,100,99469,100,100006,200,99268,100,100025,200,99161,100,100030,100,99026,100,100113,100,,,100132,100,,
2019-06-28 09:53:40.000000000,99830,417,99624,517,99926,100,99556,100,99928,100,99530,100,99956,100,99516,100,99963,100,99469,100,100006,200,99268,100,100025,200,99161,100,100030,100,99026,100,100113,100,,,100132,100,,
2019-06-28 09:53:42.040689770,99830,417,99624,517,99926,100,99556,100,99928,100,99530,100,99956,100,99516,100,99963,100,99469,100,100006,200,99268,100,100025,100,99161,100,100030,100,99026,100,100113,100,,,100132,100,,
2019-06-28 09:53:50.000000000,99830,179,99624,279,99926,179,99556,179,99928,179,99530,179,99956,179,99516,179,99963,100,99469,100,100006,200,99268,100,100025,100,99161,100,100030,100,99026,100,100113,100,,,100132,100,,
2019-06-28 09:54:00.000000000,99830,208,99624,308,99926,205,99556,205,99928,205,99530,205,99956,100,99516,100,99963,100,99469,100,100006,200,99268,100,100025,100,99161,100,100030,100,99026,100,100113,100,,,100132,100,,
2019-06-28 09:54:10.000000000,99830,208,99624,308,99926,205,99556,205,99928,205,99530,205,99956,100,99516,100,99963,100,99469,100,100006,200,99268,100,100025,100,99161,100,100030,100,99026,100,100113,100,,,100132,100,,
2019-06-28 09:54:14.497347168,99816,100,99624,308,99830,208,99556,205,99926,205,99530,205,99928,205,99516,100,99956,100,99469,100,99963,100,99268,100,100006,200,99161,100,100025,100,99026,100,100030,100,,,100113,100,,
2019-06-28 09:54:20.000000000,99816,179,99624,279,99830,179,99556,179,99926,179,99530,179,99928,179,99516,179,99956,100,99469,100,99963,100,99268,100,100006,200,99161,100,100025,100,99026,100,100030,100,,,100113,100,,
2019-06-28 09:54:30.000000000,99816,258,99624,358,99830,258,99556,258,99926,100,99530,100,99928,100,99516,100,99956,100,99469,100,99963,100,99268,100,100006,200,99161,100,100025,100,99026,100,100030,100,,,100113,100,,
2019-06-28 09:54:40.000000000,99816,417,99624,517,99830,100,99556,100,99926,100,99530,100,99928,100,99516,100,99956,100,99469,100,99963,100,99268,100,100006,200,99161,100,100025,100,99026,100,100030,100,,,100113,100,,
2019-06-28 09:54:49.737059447,99816,417,99624,517,99830,100,99556,100,99926,100,99530,100,99928,100,99516,100,99956,100,99469,100,99963,100,99268,100,100006,200,99161,100,100025,100,99026,100,100030,100,97629,100,100113,100,,
2019-06-28 09:54:50.000000000,99816,179,99624,279,99830,179,99556,179,99926,179,99530,179,99928,179,99516,179,99956,100,99469,100,99963,100,99268,100,100006,200,99161,100,100025,100,99026,100,100030,100,97629,100,100113,100,,
2019-06-28 09:55:00.000000000,99816,258,99624,358,99830,258,99556,258,99926,100,99530,100,99928,100,99516,100,99956,100,99469,100,99963,100,99268,100,100006,200,99161,100,100025,100,99026,100,100030,100,97629,100,100113,100,,
2019-06-28 09:55:10.000000000,99816,417,99624,517,99830,100,99556,100,99926,100,99530,100,99928,100,99516,100,99956,100,99469,100,99963,100,99268,100,100006,200,99161,100,100025,100,99026,100,100030,100,97629,100,100113,100,,
2019-06-28 09:55:13.251701074,99816,417,99624,417,99830,100,99556,100,99926,100,99530,100,99928,100,99516,100,99956,100,99469,100,99963,100,99268,100,100006,200,99161,100,100025,100,97629,100,100030,100,,,100113,100,,
2019-06-28 09:55:20.000000000,99816,417,99624,417,99830,100,99556,100,99926,100,99530,100,99928,100,99516,100,99956,100,99469,100,99963,100,99268,100,100006,200,99161,100,100025,100,97629,100,100030,100,,,100113,100,,
2019-06-28 09:55:21.080898514,99816,417,99624,417,99830,100,99556,100,99926,100,99530,100,99928,100,99516,100,99956,100,99469,100,99963,100,99268,100,100006,200,99161,100,100025,100,98084,100,100030,100,97629,100,100113,100,,
2019-06-28 09:55:29.739126964,99816,417,99624,417,99830,100,99556,100,99926,100,99530,100,99928,100,99516,100,99963,100,99469,100,100006,200,99268,100,100025,100,99161,100,100030,100,98084,100,100113,100,98010,100,100132,100,97629,100
2019-06-28 09:55:30.000000000,99816,163,99624,163,99830,163,99556,163,99926,163,99530,163,99928,163,99516,163,99963,163,99469,163,100006,200,99268,100,100025,100,99161,100,100030,100,98084,100,100113,100,98010,100,100132,100,97629,100
2019-06-28 09:55:40.000000000,99816,258,99624,258,99830,258,99556,258,99926,100,99530,100,99928,100,99516,100,99963,100,99469,100,100006,200,99268,100,100025,100,99161,100,100030,100,98084,100,100113,100,98010,100,100132,100,97629,100
2019-06-28 09:55:45.120791552,99625,100,99624,258,99816,258,99556,258,99830,258,99530,100,99926,100,99516,100,99928,100,99469,100,99963,100,99268,100,100006,200,99161,100,100025,100,98084,100,100030,100,98010,100,100113,100,97629,100
2019-06-28 09:55:46.986567032,99625,100,99624,158,99816,258,99556,258,99830,258,99530,100,99926,100,99516,100,99928,100,99268,100,99963,100,99161,100,100006,200,98084,100,100025,100,98010,100,100030,100,97629,100,100113,100,,
2019-06-28 09:55:47.449477109,99625,100,99624,58,99816,258,99556,258,99830,258,99530,100,99926,100,99516,100,99928,100,99268,100,99963,100,99161,100,100006,200,98084,100,100025,100,98010,100,100030,100,97629,100,100113,100,,
2019-06-28 09:55:50.000000000,99625,258,99556,258,99816,258,99530,258,99830,100,99516,100,99926,100,99268,100,99928,100,99161,100,99963,100,98084,100,100006,200,98010,100,100025,100,97629,100,100030,100,,,100113,100,,
2019-06-28 09:56:00.000000000,99625,417,99556,417,99816,100,99530,100,99830,100,99516,100,99926,100,99268,100,99928,100,99161,100,99963,100,98084,100,100006,200,98010,100,100025,100,97629,100,100030,100,,,100113,100,,
2019-06-28 09:56:01.523288508,99625,417,99556,417,99816,100,99530,100,99830,100,99268,100,99926,100,99161,100,99928,100,98500,100,99963,100,98084,100,100006,200,98010,100,100025,100,97629,100,100030,100,,,100113,100,,
2019-06-28 09:56:10.000000000,99625,417,99556,417,99816,100,99530,100,99830,100,99268,100,99926,100,99161,100,99928,100,98500,100,99963,100,98084,100,100006,200,98010,100,100025,100,97629,100,100030,100,,,100113,100,,
2019-06-28 09:56:13.061333467,99624,100,99556,417,99625,417,99530,100,99816,100,99268,100,99830,100,99161,100,99926,100,98500,100,99928,100,98084,100,99963,100,98010,100,100006,100,97629,100,100025,100,,,100030,100,,
2019-06-28 09:56:20.000000000,99624,258,99556,258,99625,258,99530,258,99816,100,99268,100,99830,100,99161,100,99926,100,98500,100,99928,100,98084,100,99963,100,98010,100,100006,100,97629,100,100025,100,,,100030,100,,
2019-06-28 09:56:30.000000000,99624,179,99556,179,99625,179,99530,179,99816,179,99268,179,99830,179,99161,179,99926,100,98500,100,99928,100,98084,100,99963,100,98010,100,100006,100,97629,100,100025,100,,,100030,100,,
2019-06-28 09:56:40.000000000,99624,258,99556,258,99625,258,99530,258,99816,100,99268,100,99830,100,99161,100,99926,100,98500,100,99928,100,98084,100,99963,100,98010,100,100006,100,97629,100,100025,100,,,100030,100,,
2019-06-28 09:56:50.000000000,99624,258,99556,258,99625,258,99530,258,99816,100,99268,100,99830,100,99161,100,99926,100,98500,100,99928,100,98084,100,99963,100,98010,100,100006,100,97629,100,100025,100,,,100030,100,,
2019-06-28 09:57:00.000000000,99624,208,99556,208,99625,205,99530,205,99816,205,99268,205,99830,100,99161,100,99926,100,98500,100,99928,100,98084,100,99963,100,98010,100,100006,100,97629,100,100025,100,,,100030,100,,
2019-06-28 09:57:10.000000000,99624,208,99556,208,99625,205,99530,205,99816,205,99268,205,99830,100,99161,100,99926,100,98500,100,99928,100,98084,100,99963,100,98010,100,100006,100,97629,100,100025,100,,,100030,100,,
2019-06-28 09:57:18.182172445,99624,208,99556,108,99625,205,99530,205,99816,205,99268,205,99830,100,99161,100,99926,100,98500,100,99928,100,98084,100,99963,100,98010,100,100006,100,97629,100,100025,100,,,100030,100,,
2019-06-28 09:57:20.000000000,99624,258,99530,258,99625,258,99268,258,99816,100,99161,100,99830,100,98500,100,99926,100,98084,100,99928,100,98010,100,99963,100,97629,100,100006,100,,,100025,100,,,100030,100,,
2019-06-28 09:57:30.000000000,99624,258,99530,258,99625,258,99268,258,99816,100,99161,100,99830,100,98500,100,99926,100,98084,100,99928,100,98010,100,99963,100,97629,100,100006,100,,,100025,100,,,100030,100,,
2019-06-28 09:57:30.275407356,99624,258,99530,158,99625,258,99268,258,99816,100,99161,100,99830,100,98500,100,99926,100,98084,100,99928,100,98010,100,99963,100,97629,100,100006,100,,,100025,100,,,100030,100,,
2019-06-28 09:57:30.524895212,99624,258,99530,158,99625,258,99268,258,99816,100,99161,100,99830,100,98860,100,99926,100,98500,100,99928,100,98084,100,99963,100,98010,100,100006,100,97629,100,100025,100,,,100030,100,,
2019-06-28 09:57:37.686917719,99556,100,99530,158,99624,258,99268,258,99625,158,99161,100,99816,100,98860,100,99830,100,98500,100,99926,100,98084,100,99928,100,98010,100,99963,100,97629,100,100006,100,,,100025,100,,
2019-06-28 09:57:40.000000000,99556,208,99268,208,99624,205,99161,205,99816,205,98860,205,99830,100,98500,100,99926,100,98084,100,99928,100,98010,100,99963,100,97629,100,100006,100,,,100025,100,,,100030,100,,
2019-06-28 09:57:45.656537438,99556,208,99268,108,99624,205,99161,205,99816,205,98860,205,99830,100,98500,100,99926,100,98084,100,99928,100,98010,100,99963,100,97629,100,100006,100,,,100025,100,,,100030,100,,
2019-06-28 09:57:50.000000000,99556,179,99161,179,99624,179,98860,179,99816,179,98500,179,99830,179,98084,179,99926,100,98010,100,99928,100,97629,100,99963,100,,,100006,100,,,100025,100,,,100030,100,,
2019-06-28 09:57:57.773715460,99556,179,99161,179,99624,179,98898,100,99816,179,98860,179,99830,179,98500,179,99926,100,98084,179,99928,100,98010,100,99963,100,97629,100,100006,100,,,100025,100,,,100030,100,,
2019-06-28 09:58:00.000000000,99556,179,99161,179,99624,179,98898,179,99816,179,98860,179,99830,179,98500,179,99926,100,98084,100,99928,100,98010,100,99963,100,97629,100,100006,100,,,100025,100,,,100030,100,,
2019-06-28 09:58:10.000000000,99556,417,99161,417,99624,100,98898,100,99816,100,98860,100,99830,100,98500,100,99926,100,98084,100,99928,100,98010,100,99963,100,97629,100,100006,100,,,100025,100,,,100030,100,,
2019-06-28 09:58:20.000000000,99556,258,99161,258,99624,258,98898,258,99816,100,98860,100,99830,100,98500,100,99926,100,98084,100,99928,100,98010,100,99963,100,97629,100,100006,100,,,100025,100,,,100030,100,,
2019-06-28 09:58:30.000000000,99556,258,99161,258,99624,258,98898,258,99816,100,98860,100,99830,100,98500,100,99926,100,98084,100,99928,100,98010,100,99963,100,97629,100,100006,100,,,100025,100,,,100030,100,,
2019-06-28 09:58:40.000000000,99556,163,99161,163,99624,163,98898,163,99816,163,98860,163,99830,163,98500,163,99926,163,98084,163,99928,100,98010,100,99963,100,97629,100,100006,100,,,100025,100,,,100030,100,,
2019-06-28 09:58:41.876247133,99556,163,99161,163,99624,163,99135,100,99816,163,98898,163,99830,163,98860,163,99926,163,98500,163,99928,100,98084,163,99963,100,98010,100,100006,100,97629,100,100025,100,,,100113,100,,
2019-06-28 09:58:50.000000000,99556,417,99161,417,99624,100,99135,100,99816,100,98898,100,99830,100,98860,100,99926,100,98500,100,99928,100,98084,100,99963,100,98010,100,100006,100,97629,100,100025,100,,,100113,100,,
2019-06-28 09:58:53.234622703,99556,417,99232,100,99624,100,99161,417,99816,100,99135,100,99830,100,98898,100,99926,100,98860,100,99928,100,98500,100,99963,100,98084,100,100006,100,98010,100,100025,100,97629,100,100113,100,,
2019-06-28 09:59:00.000000000,99556,179,99232,179,99624,179,99161,179,99816,179,99135,179,99830,179,98898,179,99926,100,98860,100,99928,100,98500,100,99963,100,98084,100,100006,100,98010,100,100025,100,97629,100,100113,100,,
2019-06-28 09:59:00.653423854,99533,100,99232,179,99556,179,99161,179,99624,179,99135,179,99816,179,98898,179,99830,179,98860,100,99926,100,98500,100,99928,100,98084,100,99963,100,98010,100,100006,100,97629,100,100025,100,,
2019-06-28 09:59:10.000000000,99533,163,99232,163,99556,163,99161,163,99624,163,99135,163,99816,163,98898,163,99830,163,98860,163,99926,100,98500,100,99928,100,98084,100,99963,100,98010,100,100006,100,97629,100,100025,100,,
2019-06-28 09:59:20.000000000,99533,417,99232,417,99556,100,99161,100,99624,100,99135,100,99816,100,98898,100,99830,100,98860,100,99926,100,98500,100,99928,100,98084,100,99963,100,98010,100,100006,100,97629,100,100025,100,,
2019-06-28 09:59:20.013761553,99533,417,99269,100,99556,100,99232,417,99624,100,99161,100,99816,100,99135,100,99830,100,98898,100,99926,100,98860,100,99928,100,98500,100,99963,100,98084,100,100006,100,98010,100,100025,100,97629,100
2019-06-28 09:59:27.820567579,99533,417,99269,100,99556,100,99232,417,99624,100,99161,100,99816,100,99135,100,99830,100,98898,100,99864,100,98860,100,99926,100,98500,100,99928,100,98084,100,99963,100,98010,100,100006,100,97629,100
2019-06-28 09:59:30.000000000,99533,258,99269,258,99556,258,99232,258,99624,100,99161,100,99816,100,99135,100,99830,100,98898,100,99864,100,98860,100,99926,100,98500,100,99928,100,98084,100,99963,100,98010,100,100006,100,97629,100
2019-06-28 09:59:40.000000000,99533,163,99269,163,99556,163,99232,163,99624,163,99161,163,99816,163,99135,163,99830,163,98898,163,99864,100,98860,100,99926,100,98500,100,99928,100,98084,100,99963,100,98010,100,100006,100,97629,100
2019-06-28 09:59:43.616626075,99533,163,99269,163,99556,163,99232,163,99624,163,99161,163,99678,100,99135,163,99816,163,98898,163,99830,163,98860,100,99864,100,98500,100,99926,100,98084,100,99928,100,98010,100,99963,100,97629,100
2019-06-28 09:59:50.000000000,99533,179,99269,179,99556,179,99232,179,99624,179,99161,179,99678,179,99135,179,99816,100,98898,100,99830,100,98860,100,99864,100,98500,100,99926,100,98084,100,99928,100,98010,100,99963,100,97629,100
2019-06-28 10:00:00.000000000,99533,208,99269,208,99556,205,99232,205,99624,205,99161,205,99678,100,99135,100,99816,100,98898,100,99830,100,98860,100,99864,100,98500,100,99926,100,98084,100,99928,100,98010,100,99963,100,97629,100
2019-06-28 10:00:10.000000000,99533,417,99269,417,99556,100,99232,100,99624,100,99161,100,99678,100,99135,100,99816,100,98898,100,99830,100,98860,100,99864,100,98500,100,99926,100,98084,100,99928,100,98010,100,99963,100,97629,100
2019-06-28 10:00:13.407461426,99533,417,99269,417,99556,100,99232,100,99678,100,99161,100,99816,100,99135,100,99830,100,98898,100,99864,100,98860,100,99926,100,98500,100,99928,100,98084,100,99963,100,98010,100,100006,100,97629,100
2019-06-28 10:00:20.000000000,99533,417,99269,417,99556,100,99232,100,99678,100,99161,100,99816,100,99135,100,99830,100,98898,100,99864,100,98860,100,99926,100,98500,100,99928,100,98084,100,99963,100,98010,100,100006,100,97629,100
2019-06-28 10:00:29.735716792,99533,417,99269,417,99556,100,99232,100,99678,100,99161,100,99816,100,99135,100,99830,100,98898,100,99864,100,98860,100,99926,100,98500,100,99928,100,98084,100,99963,100,98010,100,99973,100,97629,100
2019-06-28 10:00:30.000000000,99533,179,99269,179,99556,179,99232,179,99678,179,99161,179,99816,179,99135,179,99830,100,98898,100,99864,100,98860,100,99926,100,98500,100,99928,100,98084,100,99963,100,98010,100,99973,100,97629,100
2019-06-28 10:00:30.871357794,99533,79,99269,179,99556,179,99232,179,99678,179,99161,179,99680,100,99135,179,99816,179,98898,100,99830,100,98860,100,99864,100,98500,100,99926,100,98084,100,99928,100,98010,100,99963,100,97629,100
2019-06-28 10:00:40.000000000,99556,208,99269,208,99678,205,99232,205,99680,205,99161,205,99816,100,99135,100,99830,100,98898,100,99864,100,98860,100,99926,100,98500,100,99928,100,98084,100,99963,100,98010,100,99973,100,97629,100
2019-06-28 10:00:50.000000000,99556,163,99269,163,99678,163,99232,163,99680,163,99161,163,99816,163,99135,163,99830,163,98898,163,99864,100,98860,100,99926,100,98500,100,99928,100,98084,100,99963,100,98010,100,99973,100,97629,100
2019-06-28 10:00:55.288389587,99556,163,99269,163,99678,163,99232,163,99680,163,99161,163,99816,163,99135,163,99830,163,98898,163,99864,100,98860,100,99926,100,98500,100,99928,100,98084,100,99963,100,98010,100,99973,100,97629,100
2019-06-28 10:01:00.000000000,99556,163,99269,163,99678,163,99232,163,99680,163,99161,163,99816,163,99135,163,99830,163,98898,163,99864,100,98860,100,99926,100,98500,100,99928,100,98084,100,99963,100,98010,100,99973,100,97629,100
2019-06-28 10:01:02.937504217,99556,163,99269,163,99678,163,99232,163,99680,163,99161,163,99816,163,99135,163,99830,63,98898,163,99864,100,98860,100,99926,100,98500,100,99928,100,98084,100,99963,100,98010,100,99973,100,97629,100
2019-06-28 10:01:04.449433127,99556,63,99269,163,99678,163,99232,63,99680,163,99161,163,99816,163,99135,163,99830,63,98898,163,99864,100,98860,100,99926,100,98500,100,99928,100,98084,100,99963,100,98010,100,99973,100,97629,100
2019-06-28 10:01:10.000000000,99678,417,99269,417,99680,100,99161,100,99816,100,99135,100,99864,100,98898,100,99926,100,98860,100,99928,100,98500,100,99963,100,98084,100,99973,100,98010,100,100006,100,97629,100,100025,100,,
2019-06-28 10:01:13.056116870,99678,417,99270,100,99680,100,99269,417,99816,100,99161,100,99864,100,99135,100,99926,100,98898,100,99928,100,98860,100,99973,100,98500,100,100006,100,98084,100,100025,100,98010,100,100132,100,97629,100
2019-06-28 10:01:18.619578421,99678,417,99270,100,99680,100,99269,417,99816,100,99161,100,99864,100,99135,100,99926,100,98898,100,99928,100,98860,100,99973,100,98500,100,100006,100,98084,100,100025,100,98010,100,100132,100,97629,100
2019-06-28 10:01:20.000000000,99678,417,99270,417,99680,100,99269,100,99816,100,99161,100,99864,100,99135,100,99926,100,98898,100,99928,100,98860,100,99973,100,98500,100,100006,100,98084,100,100025,100,98010,100,100132,100,97629,100
2019-06-28 10:01:26.877200376,99678,417,99270,517,99680,100,99269,100,99816,100,99161,100,99864,100,99135,100,99926,100,98898,100,99928,100,98860,100,99973,100,98500,100,100006,100,98084,100,100025,100,98010,100,100132,100,97629,100
2019-06-28 10:01:30.000000000,99678,179,99270,279,99680,179,99269,179,99816,179,99161,179,99864,179,99135,179,99926,100,98898,100,99928,100,98860,100,99973,100,98500,100,100006,100,98084,100,100025,100,98010,100,100132,100,97629,100
2019-06-28 10:01:40.000000000,99678,258,99270,358,99680,258,99269,258,99816,100,99161,100,99864,100,99135,100,99926,100,98898,100,99928,100,98860,100,99973,100,98500,100,100006,100,98084,100,100025,100,98010,100,100132,100,97629,100
2019-06-28 10:01:40.851973635,99678,258,99270,358,99680,258,99269,258,99816,100,99161,100,99864,100,99135,100,99928,100,98898,100,99973,100,98860,100,100006,100,98500,100,100025,100,98084,100,100132,100,98010,100,100137,100,97629,100
2019-06-28 10:01:49.126484071,99678,158,99270,358,99680,258,99269,258,99816,100,99161,100,99864,100,99135,100,99928,100,98898,100,99973,100,98860,100,100006,100,98500,100,100132,100,98084,100,100137,100,98010,100,100182,100,97629,100
2019-06-28 10:01:50.000000000,99680,417,99270,517,99816,100,99269,100,99864,100,99161,100,99928,100,99135,100,99973,100,98898,100,100006,100,98860,100,100132,100,98500,100,100137,100,98084,100,100182,100,98010,100,100255,100,97629,100
2019-06-28 10:02:00.000000000,99680,208,99270,308,99816,205,99269,205,99864,205,99161,205,99928,100,99135,100,99973,100,98898,100,100006,100,98860,100,100132,100,98500,100,100137,100,98084,100,100182,100,98010,100,100255,100,97629,100
2019-06-28 10:02:10.000000000,99680,163,99270,263,99816,163,99269,163,99864,163,99161,163,99928,163,99135,163,99973,163,98898,163,100006,100,98860,100,100132,100,98500,100,100137,100,98084,100,100182,100,98010,100,100255,100,97629,100
2019-06-28 10:02:20.000000000,99680,163,99270,263,99816,163,99269,163,99864,163,99161,163,99928,163,99135,163,99973,163,98898,163,100006,100,98860,100,100132,100,98500,100,100137,100,98084,100,100182,100,98010,100,100255,100,97629,100
2019-06-28 10:02:30.000000000,99680,258,99270,358,99816,258,99269,258,99864,100,99161,100,99928,100,99135,100,99973,100,98898,100,100006,100,98860,100,100132,100,98500,100,100137,100,98084,100,100182,100,98010,100,100255,100,97629,100
2019-06-28 10:02:31.963340417,99680,258,99270,358,99816,258,99269,258,99864,100,99161,100,99928,100,99135,100,99933,100,98898,100,99973,100,98860,100,100006,100,98500,100,100132,100,98084,100,100137,100,98010,100,100182,100,,
2019-06-28 10:02:38.476752283,99680,258,99270,258,99816,258,99269,258,99864,100,99161,100,99928,100,99135,100,99933,100,98898,100,99973,100,98860,100,100006,100,98500,100,100132,100,98084,100,100137,100,98010,100,100182,100,,
2019-06-28 10:02:40.000000000,99680,179,99270,179,99816,179,99269,179,99864,179,99161,179,99928,179,99135,179,99933,100,98898,100,99973,100,98860,100,100006,100,98500,100,100132,100,98084,100,100137,100,98010,100,100182,100,,
2019-06-28 10:02:50.000000000,99680,417,99270,417,99816,100,99269,100,99864,100,99161,100,99928,100,99135,100,99933,100,98898,100,99973,100,98860,100,100006,100,98500,100,100132,100,98084,100,100137,100,98010,100,100182,100,,
2019-06-28 10:02:55.449909211,99680,417,99533,100,99816,100,99270,417,99864,100,99269,100,99928,100,99161,100,99933,100,99135,100,99973,100,98898,100,100006,100,98860,100,100132,100,98500,100,100137,100,98084,100,100182,100,98010,100
2019-06-28 10:02:58.021921206,99680,417,99533,200,99816,100,99270,417,99864,100,99269,100,99928,100,99161,100,99933,100,99135,100,99973,100,98898,100,100006,100,98860,100,100132,100,98500,100,100137,100,98084,100,100182,100,98010,100
2019-06-28 10:03:00.000000000,99680,179,99533,279,99816,179,99270,179,99864,179,99269,179,99928,179,99161,179,99933,100,99135,100,99973,100,98898,100,100006,100,98860,100,100132,100,98500,100,100137,100,98084,100,100182,100,98010,100
2019-06-28 10:03:08.301586582,99680,179,99533,279,99816,179,99270,179,99864,179,99269,179,99928,179,99161,179,99933,100,99135,100,99973,100,98898,100,100006,100,98860,100,100125,100,98500,100,100132,100,98084,100,100137,100,98010,100
2019-06-28 10:03:10.000000000,99680,417,99533,517,99816,100,99270,100,99864,100,99269,100,99928,100,99161,100,99933,100,99135,100,99973,100,98898,100,100006,100,98860,100,100125,100,98500,100,100132,100,98084,100,100137,100,98010,100
2019-06-28 10:03:15.756836114,99680,417,99533,517,99816,100,99270,100,99864,100,99269,100,99928,100,99161,100,99933,100,99135,100,99973,100,98898,100,100006,100,98860,100,100125,100,98500,100,100137,100,98084,100,100143,100,98010,100
2019-06-28 10:03:20.000000000,99680,417,99533,517,99816,100,99270,100,99864,100,99269,100,99928,100,99161,100,99933,100,99135,100,99973,100,98898,100,100006,100,98860,100,100125,100,98500,100,100137,100,98084,100,100143,100,98010,100
2019-06-28 10:03:30.000000000,99680,417,99533,517,99816,100,99270,100,99864,100,99269,100,99928,100,99161,100,99933,100,99135,100,99973,100,98898,100,100006,100,98860,100,100125,100,98500,100,100137,100,98084,100,100143,100,98010,100
2019-06-28 10:03:40.000000000,99680,163,99533,263,99816,163,99270,163,99864,163,99269,163,99928,163,99161,163,99933,163,99135,163,99973,100,98898,100,100006,100,98860,100,100125,100,98500,100,100137,100,98084,100,100143,100,98010,100
2019-06-28 10:03:50.000000000,99680,417,99533,517,99816,100,99270,100,99864,100,99269,100,99928,100,99161,100,99933,100,99135,100,99973,100,98898,100,100006,100,98860,100,100125,100,98500,100,100137,100,98084,100,100143,100,98010,100
2019-06-28 10:03:53.171660042,99680,317,99533,517,99816,100,99270,100,99864,100,99269,100,99928,100,99161,100,99933,100,99135,100,99973,100,98898,100,100006,100,98500,100,100125,100,98084,100,100137,100,98010,100,100143,100,,
2019-06-28 10:04:00.000000000,99816,417,99533,517,99864,100,99270,100,99928,100,99269,100,99933,100,99161,100,99973,100,99135,100,100006,100,98898,100,100125,100,98500,100,100137,100,98084,100,100143,100,98010,100,100182,100,,
2019-06-28 10:04:10.000000000,99816,417,99533,517,99864,100,99270,100,99928,100,99269,100,99933,100,99161,100,99973,100,99135,100,100006,100,98898,100,100125,100,98500,100,100137,100,98084,100,100143,100,98010,100,100182,100,,
2019-06-28 10:04:20.000000000,99816,258,99533,358,99864,258,99270,258,99928,100,99269,100,99933,100,99161,100,99973,100,99135,100,100006,100,98898,100,100125,100,98500,100,100137,100,98084,100,100143,100,98010,100,100182,100,,
2019-06-28 10:04:21.909717817,99816,258,99533,358,99864,258,99270,258,99928,100,99269,100,99933,100,99161,100,99973,100,99135,100,100006,100,98898,100,100125,100,98500,100,100137,100,98084,100,100143,100,98010,100,100182,100,,
2019-06-28 10:04:24.093707754,99816,158,99533,358,99864,258,99270,258,99928,100,99269,100,99933,100,99161,100,99973,100,99135,100,100006,100,98898,100,100125,100,98500,100,100137,100,98084,100,100143,100,98010,100,100182,100,,
2019-06-28 10:04:30.000000000,99864,179,99533,279,99928,179,99270,179,99933,179,99269,179,99973,179,99161,179,100006,100,99135,100,100125,100,98898,100,100137,100,98500,100,100143,100,98084,100,100182,100,98010,100,100255,100,,
2019-06-28 10:04:40.000000000,99864,258,99533,358,99928,258,99270,258,99933,100,99269,100,99973,100,99161,100,100006,100,99135,100,100125,100,98898,100,100137,100,98500,100,100143,100,98084,100,100182,100,98010,100,100255,100,,
2019-06-28 10:04:47.491447232,99864,158,99533,358,99928,258,99270,258,99933,100,99269,100,99973,100,99161,100,100006,100,99135,100,100125,100,98898,100,100143,100,98500,100,100182,100,98084,100,100255,100,98010,100,100297,100,,
2019-06-28 10:04:50.000000000,99928,258,99533,358,99933,258,99270,258,99973,100,99269,100,100006,100,99161,100,100125,100,99135,100,100143,100,98898,100,100182,100,98500,100,100255,100,98084,100,100297,100,98010,100,100432,100,,
2019-06-28 10:04:52.029844310,99928,158,99533,358,99933,258,99270,258,99973,100,99269,100,100006,100,99161,100,100125,100,99135,100,100143,100,98898,100,100182,100,98500,100,100255,100,98084,100,100297,100,98010,100,100432,100,,
2019-06-28 10:04:57.330957411,99928,158,99864,100,99933,258,99533,358,99973,100,99270,258,100006,100,99269,100,100125,100,99161,100,100143,100,99135,100,100182,100,98898,100,100255,100,98500,100,100297,100,98084,100,100432,100,98010,100
2019-06-28 10:05:00.000000000,99933,208,99864,208,99973,205,99533,305,100006,205,99270,205,100125,100,99269,100,100143,100,99161,100,100182,100,99135,100,100255,100,98898,100,100297,100,98500,100,100432,100,98084,100,100651,100,98010,100
2019-06-28 10:05:10.000000000,99933,179,99864,179,99973,179,99533,279,100006,179,99270,179,100125,179,99269,179,100143,100,99161,100,100182,100,99135,100,100255,100,98898,100,100297,100,98500,100,100432,100,98084,100,100651,100,98010,100
2019-06-28 10:05:17.210300107,99933,79,99864,179,99973,179,99533,279,100006,179,99270,179,100125,179,99269,179,100143,100,99161,100,100182,100,99135,100,100255,100,98898,100,100297,100,98500,100,100432,100,98084,100,100651,100,98010,100
2019-06-28 10:05:20.000000000,99973,208,99864,208,100006,205,99533,305,100125,205,99270,205,100143,100,99269,100,100182,100,99161,100,100255,100,99135,100,100297,100,98898,100,100432,100,98500,100,100651,100,98084,100,,,98010,100
2019-06-28 10:05:23.257677158,99973,108,99864,208,100006,205,99533,305,100125,205,99270,205,100143,100,99269,100,100182,100,99161,100,100255,100,99135,100,100297,100,98898,100,100432,100,98500,100,100651,100,98084,100,,,98010,100
2019-06-28 10:05:30.000000000,100006,163,99864,163,100125,163,99533,263,100143,163,99270,163,100182,163,99269,163,100255,163,99161,163,100297,100,99135,100,100432,100,98898,100,100651,100,98500,100,,,98084,100,,,98010,100
2019-06-28 10:05:34.637040232,100006,63,99864,163,100125,163,99533,263,100143,163,99270,163,100182,163,99269,163,100255,163,99161,163,100297,100,99135,100,100432,100,98898,100,100651,100,98500,100,,,98084,100,,,98010,100
2019-06-28 10:05:40.000000000,100125,208,99864,208,100143,205,99533,305,100182,205,99270,205,100255,100,99269,100,100297,100,99161,100,100432,100,99135,100,100651,100,98898,100,,,98500,100,,,98084,100,,,98010,100
2019-06-28 10:05:50.000000000,100125,208,99864,208,100143,205,99533,305,100182,205,99270,205,100255,100,99269,100,100297,100,99161,100,100432,100,99135,100,100651,100,98898,100,,,98500,100,,,98084,100,,,98010,100
2019-06-28 10:05:55.070952983,100125,108,99864,208,100143,205,99533,305,100182,205,99270,205,100255,100,99269,100,100297,100,99161,100,100432,100,99135,100,100651,100,98898,100,,,98500,100,,,98084,100,,,98010,100
2019-06-28 10:05:58.198869191,100125,108,99864,208,100143,205,99533,305,100182,205,99270,205,100255,100,99269,100,100297,100,99161,100,100432,100,99135,100,100644,100,98898,100,100651,100,98500,100,,,98084,100,,,98010,100
2019-06-28 10:06:00.000000000,100143,179,99864,179,100182,179,99533,279,100255,179,99270,179,100297,179,99269,179,100432,100,99161,100,100644,100,99135,100,100651,100,98898,100,,,98500,100,,,98084,100,,,98010,100
2019-06-28 10:06:01.847355896,100143,179,99864,179,100182,179,99533,279,100255,179,99270,179,100297,179,99269,179,100432,100,99161,100,100492,100,99135,100,100644,100,98898,100,100651,100,98500,100,,,98084,100,,,98010,100
2019-06-28 10:06:10.000000000,100143,208,99864,208,100182,205,99533,305,100255,205,99270,205,100297,100,99269,100,100432,100,99161,100,100492,100,99135,100,100644,100,98898,100,100651,100,98500,100,,,98084,100,,,98010,100
2019-06-28 10:06:11.698495773,100143,208,99864,208,100182,205,99533,305,100255,205,99270,205,100297,100,99269,100,100432,100,99161,100,100492,100,99135,100,100638,100,98898,100,100651,100,98500,100,,,98084,100,,,98010,100
2019-06-28 10:06:20.000000000,100143,258,99864,258,100182,258,99533,358,100255,100,99270,100,100297,100,99269,100,100432,100,99161,100,100492,100,99135,100,100638,100,98898,100,100651,100,98500,100,,,98084,100,,,98010,100
2019-06-28 10:06:21.700957929,100143,158,99864,258,100182,258,99533,358,100255,100,99270,100,100297,100,99269,100,100432,100,99161,100,100492,100,99135,100,100638,100,98898,100,100651,100,98500,100,,,98084,100,,,98010,100
2019-06-28 10:06:30.000000000,100182,163,99864,163,100255,163,99533,263,100297,163,99270,163,100432,163,99269,163,100492,163,99161,163,100638,100,99135,100,100651,100,98898,100,,,98500,100,,,98084,100,,,98010,100
2019-06-28 10:06:30.851778252,100182,63,99864,163,100255,163,99533,263,100297,163,99270,163,100432,163,99269,163,100492,163,99161,163,100638,100,99135,100,100651,100,98898,100,,,98500,100,,,98084,100,,,98010,100
2019-06-28 10:06:40.000000000,100255,417,99864,417,100297,100,99533,200,100432,100,99270,100,100492,100,99269,100,100638,100,99161,100,100651,100,99135,100,,,98898,100,,,98500,100,,,98084,100,,,98010,100
2019-06-28 10:06:50.000000000,100255,258,99864,258,100297,258,99533,358,100432,100,99270,100,100492,100,99269,100,100638,100,99161,100,100651,100,99135,100,,,98898,100,,,98500,100,,,98084,100,,,98010,100
2019-06-28 10:07:00.000000000,100255,163,99864,163,100297,163,99533,263,100432,163,99270,163,100492,163,99269,163,100638,163,99161,163,100651,100,99135,100,,,98898,100,,,98500,100,,,98084,100,,,98010,100
2019-06-28 10:07:03.396110187,100255,163,99864,63,100297,163,99533,263,100432,163,99270,163,100492,163,99269,163,100638,163,99161,163,100651,100,99135,100,,,98898,100,,,98500,100,,,98084,100,,,98010,100
2019-06-28 10:07:06.481772336,100255,163,99864,63,100297,163,99700,100,100432,163,99533,263,100492,163,99270,163,100638,163,99269,163,100651,100,99161,63,,,99135,100,,,98898,100,,,98500,100,,,98084,100
2019-06-28 10:07:10.000000000,100255,258,99700,258,100297,258,99533,358,100432,100,99270,100,100492,100,99269,100,100638,100,99135,100,100651,100,98898,100,,,98500,100,,,98084,100,,,98010,100,,,,
2019-06-28 10:07:20.000000000,100255,258,99700,258,100297,258,99533,358,100432,100,99270,100,100492,100,99269,100,100638,100,99135,100,100651,100,98898,100,,,98500,100,,,98084,100,,,98010,100,,,,
2019-06-28 10:07:24.727087727,100181,100,99700,258,100255,258,99533,358,100297,258,99270,100,100432,100,99269,100,100492,100,99135,100,100638,100,98898,100,100651,100,98500,100,,,98084,100,,,98010,100,,,,
2019-06-28 10:07:30.000000000,100181,417,99700,417,100255,100,99533,200,100297,100,99270,100,100432,100,99269,100,100492,100,99135,100,100638,100,98898,100,100651,100,98500,100,,,98084,100,,,98010,100,,,,
2019-06-28 10:07:40.000000000,100181,258,99700,258,100255,258,99533,358,100297,100,99270,100,100432,100,99269,100,100492,100,99135,100,100638,100,98898,100,100651,100,98500,100,,,98084,100,,,98010,100,,,,
2019-06-28 10:07:43.636455308,100181,258,99744,100,100255,258,99700,158,100297,100,99533,358,100432,100,99270,100,100492,100,99269,100,100638,100,99135,100,100651,100,98898,100,,,98500,100,,,98084,100,,,98010,100
2019-06-28 10:07:50.000000000,100181,163,99744,163,100255,163,99533,263,100297,163,99270,163,100432,163,99269,163,100492,163,99135,163,100638,100,98898,100,100651,100,98500,100,,,98084,100,,,98010,100,,,,
2019-06-28 10:08:00.000000000,100181,163,99744,163,100255,163,99533,263,100297,163,99270,163,100432,163,99269,163,100492,163,99135,163,100638,100,98898,100,100651,100,98500,100,,,98084,100,,,98010,100,,,,
2019-06-28 10:08:09.393162967,100181,163,99873,100,100255,163,99744,163,100297,163,99533,263,100432,163,99270,163,100492,163,99269,163,100638,100,99135,163,100651,100,98898,100,,,98500,100,,,98084,100,,,98010,100
2019-06-28 10:08:10.000000000,100181,163,99873,163,100255,163,99744,163,100297,163,99533,263,100432,163,99270,163,100492,163,99269,163,100638,100,99135,100,100651,100,98898,100,,,98500,100,,,98084,100,,,98010,100
2019-06-28 10:08:20.000000000,100181,258,99873,258,100255,258,99744,258,100297,100,99533,200,100432,100,99270,100,100492,100,99269,100,100638,100,99135,100,100651,100,98898,100,,,98500,100,,,98084,100,,,98010,100
2019-06-28 10:08:30.000000000,100181,163,99873,163,100255,163,99744,163,100297,163,99533,263,100432,163,99270,163,100492,163,99269,163,100638,100,99135,100,100651,100,98898,100,,,98500,100,,,98084,100,,,98010,100
2019-06-28 10:08:40.000000000,100181,208,99873,208,100255,205,99744,205,100297,205,99533,305,100432,100,99270,100,100492,100,99269,100,100638,100,99135,100,100651,100,98898,100,,,98500,100,,,98084,100,,,98010,100
2019-06-28 10:08:50.000000000,100181,208,99873,208,100255,205,99744,205,100297,205,99533,305,100432,100,99270,100,100492,100,99269,100,100638,100,99135,100,100651,100,98898,100,,,98500,100,,,98084,100,,,98010,100
2019-06-28 10:09:00.000000000,100181,258,99873,258,100255,258,99744,258,100297,100,99533,200,100432,100,99270,100,100492,100,99269,100,100638,100,99135,100,100651,100,98898,100,,,98500,100,,,98084,100,,,98010,100
2019-06-28 10:09:10.000000000,100181,258,99873,258,100255,258,99744,258,100297,100,99533,200,100432,100,99270,100,100492,100,99269,100,100638,100,99135,100,100651,100,98898,100,,,98500,100,,,98084,100,,,98010,100
2019-06-28 10:09:15.193864559,100181,258,99873,258,100255,258,99744,258,100297,100,99617,100,100432,100,99533,200,100492,100,99270,100,100638,100,99269,100,100651,100,99135,100,,,98898,100,,,98500,100,,,98010,100
2019-06-28 10:09:20.000000000,100181,179,99873,179,100255,179,99744,179,100297,179,99617,179,100432,179,99533,279,100492,100,99270,100,100638,100,99269,100,100651,100,99135,100,,,98898,100,,,98500,100,,,98010,100
2019-06-28 10:09:30.000000000,100181,163,99873,163,100255,163,99744,163,100297,163,99617,163,100432,163,99533,263,100492,163,99270,163,100638,100,99269,100,100651,100,99135,100,,,98898,100,,,98500,100,,,98010,100
2019-06-28 10:09:40.000000000,100181,208,99873,208,100255,205,99744,205,100297,205,99617,205,100432,100,99533,200,100492,100,99270,100,100638,100,99269,100,100651,100,99135,100,,,98898,100,,,98500,100,,,98010,100
2019-06-28 10:09:45.840129793,100037,100,99873,208,100181,208,99744,205,100255,205,99617,205,100297,205,99533,200,100432,100,99270,100,100492,100,99269,100,100638,100,99135,100,100651,100,98898,100,,,98500,100,,,98010,100
2019-06-28 10:09:50.000000000,100037,163,99873,163,100181,163,99744,163,100255,163,99617,163,100297,163,99533,263,100432,163,99270,163,100492,100,99269,100,100638,100,99135,100,100651,100,98898,100,,,98500,100,,,98010,100
2019-06-28 10:09:50.724154249,100037,163,99993,100,100181,163,99873,163,100255,163,99744,163,100297,163,99617,163,100432,163,99533,263,100492,100,99270,163,100638,100,99269,100,100651,100,99135,100,,,98898,100,,,98500,100
2019-06-28 10:09:54.308895338,100037,163,99993,100,100181,163,99873,163,100255,163,99777,100,100297,163,99744,163,100432,163,99617,163,100492,100,99533,263,100638,100,99270,163,100651,100,99269,100,,,99135,100,,,98898,100
2019-06-28 10:10:00.000000000,100037,417,99993,417,100181,100,99873,100,100255,100,99777,100,100297,100,99744,100,100432,100,99617,100,100492,100,99533,200,100638,100,99270,100,100651,100,99269,100,,,99135,100,,,98898,100
