,ask_price_1,ask_size_1,bid_price_1,bid_size_1,ask_price_2,ask_size_2,bid_price_2,bid_size_2,ask_price_3,ask_size_3,bid_price_3,bid_size_3,ask_price_4,ask_size_4,bid_price_4,bid_size_4,ask_price_5,ask_size_5,bid_price_5,bid_size_5,ask_price_6,ask_size_6,bid_price_6,bid_size_6,ask_price_7,ask_size_7,bid_price_7,bid_size_7,ask_price_8,ask_size_8,bid_price_8,bid_size_8,ask_price_9,ask_size_9,bid_price_9,bid_size_9,ask_price_10,ask_size_10,bid_price_10,bid_size_10
2019-06-28 09:30:00.000000003,100053,100,99959,100,,,,,,,,,,,,,,,,,,,,,,,,,,,,,,,,,,,,
2019-06-28 09:30:00.000000004,100025,100,99959,100,100053,100,,,,,,,,,,,,,,,,,,,,,,,,,,,,,,,,,,
2019-06-28 09:30:00.000000005,99981,100,99959,100,100025,100,,,100053,100,,,,,,,,,,,,,,,,,,,,,,,,,,,,,,
2019-06-28 09:30:00.000000007,99981,100,,,100025,100,,,100053,100,,,,,,,,,,,,,,,,,,,,,,,,,,,,,,
2019-06-28 09:30:00.000000009,99979,100,,,99981,100,,,100025,100,,,100053,100,,,100117,100,,,,,,,,,,,,,,,,,,,,,,
2019-06-28 09:30:00.000000010,99979,100,99898,100,99981,100,,,100025,100,,,100053,100,,,100117,100,,,,,,,,,,,,,,,,,,,,,,
2019-06-28 09:30:00.000000013,99979,100,99955,100,99981,100,99940,100,100025,100,99898,100,100053,100,,,100117,100,,,,,,,,,,,,,,,,,,,,,,
2019-06-28 09:30:00.000000016,99979,100,99940,100,99981,100,99898,100,100025,100,,,100053,100,,,100117,100,,,,,,,,,,,,,,,,,,,,,,
2019-06-28 09:30:00.000000017,99979,100,99940,100,99981,100,99898,100,100025,100,,,100053,100,,,100117,100,,,100132,100,,,,,,,,,,,,,,,,,,
2019-06-28 09:30:00.000000027,99979,100,99940,100,99981,100,99898,100,100025,100,,,100053,100,,,100108,100,,,100117,100,,,100132,100,,,,,,,,,,,,,,
2019-06-28 09:30:00.000000031,99979,100,99955,100,99981,100,99940,100,100025,100,99898,100,100053,100,,,100055,100,,,100108,100,,,100117,100,,,100132,100,,,,,,,,,,
2019-06-28 09:30:00.000000033,99979,100,99955,100,99981,100,99940,100,100025,100,99898,100,100053,100,99876,100,100055,100,,,100108,100,,,100117,100,,,100132,100,,,,,,,,,,
2019-06-28 09:30:00.000000035,99981,100,99955,100,100025,100,99940,100,100053,100,99898,100,100055,100,99876,100,100108,100,,,100117,100,,,100132,100,,,,,,,,,,,,,,
2019-06-28 09:30:00.000000036,99981,100,99955,100,100025,100,99954,100,100053,100,99940,100,100055,100,99898,100,100108,100,99876,100,100117,100,,,100132,100,,,,,,,,,,,,,,
2019-06-28 09:30:00.000000037,99981,100,99955,100,100025,100,99954,100,100053,100,99940,100,100055,100,99898,100,100108,100,99876,100,100117,100,,,100132,100,,,100138,100,,,,,,,,,,
2019-06-28 09:30:00.000000038,99981,100,99958,100,100025,100,99956,100,100053,100,99955,100,100055,100,99954,100,100108,100,99950,100,100117,100,99940,100,100132,100,99898,100,100138,100,99876,100,,,,,,,,
2019-06-28 09:30:00.000000039,100025,100,99958,100,100053,100,99956,100,100055,100,99955,100,100108,100,99954,100,100117,100,99950,100,100132,100,99940,100,100138,100,99898,100,,,99876,100,,,,,,,,
2019-06-28 09:30:00.000000041,100025,100,99979,100,100053,100,99958,100,100055,100,99956,100,100104,100,99955,100,100108,100,99954,100,100117,100,99950,100,100132,100,99940,100,100138,100,99898,100,,,99876,100,,,,
2019-06-28 09:30:00.000000042,100053,100,99979,100,100055,100,99958,100,100104,200,99956,100,100108,100,99955,100,100117,100,99954,100,100132,100,99950,100,100138,100,99940,100,,,99898,100,,,99877,100,,,99876,100
2019-06-28 09:30:00.000000043,100025,100,99979,100,100053,100,99958,100,100055,100,99956,100,100104,200,99955,100,100108,100,99954,100,100117,100,99950,100,100132,100,99940,100,100138,100,99898,100,,,99877,100,,,99876,100
2019-06-28 09:30:00.000000046,100025,100,99981,100,100053,100,99979,100,100055,100,99958,100,100104,200,99956,100,100108,100,99955,100,100117,100,99954,100,100132,100,99950,100,100138,100,99940,100,,,99898,100,,,99877,100
2019-06-28 09:30:00.000000049,100025,100,99981,100,100053,100,99979,100,100055,100,99958,100,100072,100,99956,100,100104,200,99955,100,100108,100,99954,100,100117,100,99950,100,100132,100,99948,100,100138,100,99940,100,,,99898,100
2019-06-28 09:30:00.000000051,100024,100,99981,100,100025,100,99979,100,100053,100,99958,100,100055,100,99956,100,100072,100,99955,100,100104,200,99954,100,100108,100,99950,100,100117,100,99948,100,100132,100,99940,100,100138,100,99898,100
2019-06-28 09:30:00.000000052,100024,100,99981,100,100025,100,99979,100,100053,100,99958,100,100055,100,99956,100,100072,100,99955,100,100104,200,99954,100,100108,100,99953,100,100117,100,99950,100,100132,100,99948,100,100138,100,99940,100
2019-06-28 09:30:00.000000054,100024,100,99984,100,100025,100,99981,100,100053,100,99979,100,100055,100,99958,100,100072,100,99956,100,100104,200,99955,100,100108,100,99954,100,100117,100,99953,100,100132,100,99950,100,100138,100,99948,100
2019-06-28 09:30:00.000000055,100024,100,99984,100,100025,100,99981,100,100053,100,99979,100,100055,100,99958,100,100072,100,99956,100,100104,200,99955,100,100108,100,99954,100,100117,100,99953,100,100132,100,99950,100,100138,100,99948,100
2019-06-28 09:30:00.000000058,100024,100,99984,100,100025,400,99981,100,100053,100,99979,100,100055,100,99958,100,100072,100,99956,100,100104,200,99955,100,100108,100,99954,100,100117,100,99953,100,100132,100,99950,100,100138,100,99948,100
2019-06-28 09:30:00.000000059,100024,100,99984,100,100025,400,99981,100,100053,100,99979,100,100055,100,99958,100,100072,100,99956,100,100104,200,99955,100,100108,100,99954,100,100117,100,99953,100,100132,100,99950,100,100138,100,99948,100
2019-06-28 09:30:00.000000063,100003,100,99984,100,100024,100,99981,100,100025,400,99979,100,100053,100,99958,100,100055,100,99956,100,100062,100,99955,100,100072,100,99954,100,100104,200,99953,100,100108,100,99950,100,100117,100,99948,100
2019-06-28 09:30:00.000000064,100003,100,99984,100,100024,100,99981,100,100025,400,99979,100,100053,100,99969,100,100055,100,99958,100,100062,100,99956,100,100072,100,99955,100,100104,200,99954,100,100108,100,99953,100,100117,100,99950,100
2019-06-28 09:30:00.000000067,100003,100,100001,100,100024,100,99984,100,100025,400,99981,200,100053,100,99979,100,100055,100,99972,100,100062,100,99969,100,100072,100,99958,100,100104,200,99956,100,100108,100,99955,100,100117,100,99954,100
2019-06-28 09:30:00.000000068,100003,100,100001,100,100024,100,99984,100,100025,400,99981,200,100053,100,99979,100,100055,100,99972,100,100062,100,99969,100,100072,100,99958,100,100104,200,99956,100,100108,100,99955,100,100117,100,99954,100
2019-06-28 09:30:00.000000069,100003,100,99984,100,100024,100,99981,200,100025,400,99979,100,100053,100,99972,100,100055,100,99969,100,100062,100,99958,100,100072,100,99956,100,100104,200,99955,100,100108,100,99954,100,100117,100,99953,100
2019-06-28 09:30:00.000000070,100003,100,99984,100,100024,100,99981,200,100025,400,99979,100,100053,100,99972,100,100055,100,99969,100,100062,100,99958,100,100072,100,99956,100,100089,100,99955,100,100104,200,99954,100,100108,100,99953,100
2019-06-28 09:30:00.000000072,100003,100,99984,100,100024,100,99981,200,100025,400,99979,100,100027,100,99972,100,100053,100,99969,100,100055,100,99958,100,100062,100,99956,100,100072,100,99955,100,100085,100,99954,100,100089,100,99953,100
2019-06-28 09:30:00.000000073,100003,100,99984,100,100024,100,99981,200,100025,400,99979,100,100027,100,99972,100,100051,100,99969,100,100053,100,99958,100,100055,100,99956,100,100062,100,99955,100,100072,100,99954,100,100085,100,99953,100
2019-06-28 09:30:00.000000077,100003,100,99984,100,100024,100,99981,200,100025,400,99979,100,100027,100,99972,100,100029,100,99969,100,100051,100,99958,100,100053,100,99956,100,100055,100,99955,100,100062,100,99954,100,100072,100,99953,100
2019-06-28 09:30:00.000000085,100003,100,99984,100,100024,100,99981,200,100025,400,99979,100,100027,100,99972,100,100029,100,99969,100,100051,200,99958,100,100053,100,99956,100,100055,100,99955,100,100062,100,99954,100,100072,100,99953,100
2019-06-28 09:30:00.000000086,100001,100,99981,200,100003,100,99979,100,100024,100,99972,100,100025,400,99969,100,100027,100,99958,100,100029,100,99956,100,100051,200,99955,100,100053,100,99954,100,100055,100,99953,100,100062,100,99950,100
2019-06-28 09:30:00.000000087,100001,200,99981,200,100003,100,99979,100,100024,100,99972,100,100025,400,99969,100,100027,100,99958,100,100029,100,99956,100,100051,200,99955,100,100053,100,99954,100,100055,100,99953,100,100062,100,99950,100
2019-06-28 09:30:00.000000088,100001,200,99981,200,100003,100,99979,100,100024,100,99972,100,100025,400,99969,100,100027,100,99958,100,100029,100,99956,100,100051,200,99955,100,100053,100,99954,100,100055,100,99953,100,100062,100,99950,100
2019-06-28 09:30:00.000000091,100001,200,99981,200,100003,100,99979,100,100024,100,99972,100,100025,400,99969,100,100027,100,99958,100,100029,100,99956,100,100051,200,99955,100,100053,100,99954,100,100055,100,99953,100,100062,100,99950,100
2019-06-28 09:30:00.000000093,100001,300,99981,200,100003,100,99979,100,100024,100,99972,100,100025,400,99969,100,100027,100,99958,100,100029,100,99956,100,100030,100,99955,100,100051,200,99954,100,100053,100,99953,100,100055,100,99950,100
2019-06-28 09:30:00.000000095,100001,300,99981,200,100003,100,99979,100,100024,100,99972,100,100025,400,99969,100,100027,100,99958,100,100029,100,99956,100,100030,100,99955,100,100051,200,99954,100,100053,100,99953,100,100055,100,99950,100
2019-06-28 09:30:10.000000000,100001,449,99981,349,100003,245,99979,245,100024,245,99972,245,100025,400,99969,100,100027,100,99958,100,100029,100,99956,100,100030,100,99955,100,100051,200,99954,100,100053,100,99953,100,100055,100,99950,100
2019-06-28 09:30:13.088389633,100001,449,99981,249,100003,245,99979,245,100024,245,99972,245,100025,400,99969,100,100029,100,99958,100,100030,100,99956,100,100051,200,99955,100,100053,100,99954,100,100055,100,99953,100,100062,100,99950,100
2019-06-28 09:30:20.000000000,100001,388,99981,188,100003,188,99979,188,100024,188,99972,188,100025,488,99969,188,100029,188,99958,188,100030,100,99956,100,100051,200,99955,100,100053,100,99954,100,100055,100,99953,100,100062,100,99950,100
2019-06-28 09:30:27.568075613,99984,100,99981,188,100001,288,99979,188,100003,188,99972,188,100024,188,99969,188,100025,488,99958,188,100029,188,99956,100,100030,100,99955,100,100051,200,99954,100,100053,100,99953,100,100055,100,99950,100
2019-06-28 09:30:30.000000000,99984,210,99981,210,100001,310,99979,210,100003,210,99972,210,100024,210,99969,210,100025,400,99958,100,100029,100,99956,100,100030,100,99955,100,100051,200,99954,100,100053,100,99953,100,100055,100,99950,100
2019-06-28 09:30:34.290991441,99984,210,99981,110,100001,310,99979,210,100003,210,99972,210,100024,210,99969,210,100025,400,99958,100,100029,100,99956,100,100030,100,99955,100,100051,200,99954,100,100053,100,99953,100,100055,100,99950,100
2019-06-28 09:30:40.000000000,99984,538,99979,538,100001,200,99972,100,100003,100,99969,100,100024,100,99958,100,100025,400,99956,100,100029,100,99955,100,100030,100,99954,100,100051,200,99953,100,100053,100,99950,100,100055,100,99948,100
2019-06-28 09:30:42.893209050,99984,538,99979,438,100001,200,99972,100,100003,100,99969,100,100024,100,99958,100,100025,400,99956,100,100029,100,99955,100,100030,100,99954,100,100051,200,99953,100,100053,100,99950,100,100055,100,99948,100
2019-06-28 09:30:48.571352821,99981,100,99979,438,99984,538,99972,100,100001,100,99969,100,100003,100,99958,100,100024,100,99956,100,100025,400,99955,100,100029,100,99954,100,100030,100,99953,100,100051,200,99950,100,100053,100,99948,100
2019-06-28 09:30:50.000000000,99981,319,99972,319,99984,319,99969,319,100001,100,99958,100,100003,100,99956,100,100024,100,99955,100,100025,400,99954,100,100029,100,99953,100,100030,100,99950,100,100051,200,99948,100,100053,100,99940,100
2019-06-28 09:30:54.080115052,99981,319,99972,219,99984,319,99969,319,100001,100,99958,100,100003,100,99956,100,100024,100,99955,100,100025,400,99954,100,100029,100,99953,100,100051,200,99950,100,100053,100,99948,100,100055,100,99940,100
2019-06-28 09:31:00.000000000,99981,210,99969,210,99984,210,99958,210,100001,210,99956,210,100003,210,99955,210,100024,100,99954,100,100025,400,99953,100,100029,100,99950,100,100051,200,99948,100,100053,100,99940,100,100055,100,99938,100
2019-06-28 09:31:10.000000000,99981,319,99969,319,99984,319,99958,319,100001,100,99956,100,100003,100,99955,100,100024,100,99954,100,100025,400,99953,100,100029,100,99950,100,100051,200,99948,100,100053,100,99940,100,100055,100,99938,100
2019-06-28 09:31:20.000000000,99981,538,99969,538,99984,100,99958,100,100001,100,99956,100,100003,100,99955,100,100024,100,99954,100,100025,400,99953,100,100029,100,99950,100,100051,200,99948,100,100053,100,99940,100,100055,100,99938,100
2019-06-28 09:31:29.033314145,99981,538,99969,538,99984,100,99958,100,100001,100,99956,100,100024,100,99955,100,100025,400,99954,100,100029,100,99953,100,100051,200,99950,100,100053,100,99948,100,100055,100,99940,100,100062,100,99938,100
2019-06-28 09:31:30.000000000,99981,249,99969,249,99984,245,99958,245,100001,245,99956,245,100024,100,99955,100,100025,400,99954,100,100029,100,99953,100,100051,200,99950,100,100053,100,99948,100,100055,100,99940,100,100062,100,99938,100
2019-06-28 09:31:30.820086020,99981,249,99969,249,99984,245,99958,245,100001,245,99956,245,100024,100,99955,100,100025,400,99954,100,100029,100,99953,100,100051,200,99950,100,100053,100,99948,100,100055,100,99940,100,100072,100,99938,100
2019-06-28 09:31:40.000000000,99981,538,99969,538,99984,100,99958,100,100001,100,99956,100,100024,100,99955,100,100025,400,99954,100,100029,100,99953,100,100051,200,99950,100,100053,100,99948,100,100055,100,99940,100,100072,100,99938,100
2019-06-28 09:31:50.000000000,99981,249,99969,249,99984,245,99958,245,100001,245,99956,245,100024,100,99955,100,100025,400,99954,100,100029,100,99953,100,100051,200,99950,100,100053,100,99948,100,100055,100,99940,100,100072,100,99938,100
2019-06-28 09:31:55.696125565,99981,249,99969,249,99984,245,99958,245,100001,145,99956,245,100024,100,99955,100,100025,400,99954,100,100029,100,99953,100,100051,200,99950,100,100053,100,99948,100,100055,100,99940,100,100072,100,99938,100
2019-06-28 09:32:00.000000000,99981,249,99969,249,99984,245,99958,245,100024,245,99956,245,100025,400,99955,100,100029,100,99954,100,100051,200,99953,100,100053,100,99950,100,100055,100,99948,100,100072,100,99940,100,100085,100,99938,100
2019-06-28 09:32:10.000000000,99981,210,99969,210,99984,210,99958,210,100024,210,99956,210,100025,510,99955,210,100029,100,99954,100,100051,200,99953,100,100053,100,99950,100,100055,100,99948,100,100072,100,99940,100,100085,100,99938,100
2019-06-28 09:32:15.623160987,99981,210,99969,210,99984,210,99958,210,100024,210,99956,210,100025,510,99955,210,100029,100,99954,100,100051,200,99953,100,100053,100,99950,100,100055,100,99948,100,100072,100,99940,100,100085,100,99938,100
2019-06-28 09:32:20.000000000,99981,249,99969,249,99984,245,99958,245,100024,245,99956,245,100025,400,99955,100,100029,100,99954,100,100051,200,99953,100,100053,100,99950,100,100055,100,99948,100,100072,100,99940,100,100085,100,99938,100
2019-06-28 09:32:30.000000000,99981,319,99969,319,99984,319,99958,319,100024,100,99956,100,100025,400,99955,100,100029,100,99954,100,100051,200,99953,100,100053,100,99950,100,100055,100,99948,100,100072,100,99940,100,100085,100,99938,100
2019-06-28 09:32:31.822874109,99981,319,99969,319,99984,319,99958,319,100024,100,99956,100,100025,400,99955,100,100029,100,99954,100,100051,200,99953,100,100053,100,99950,100,100055,100,99948,100,100072,100,99940,100,100085,100,99938,100
2019-06-28 09:32:40.000000000,99981,210,99969,210,99984,210,99958,210,100024,210,99956,210,100025,510,99955,210,100029,100,99954,100,100051,200,99953,100,100053,100,99950,100,100055,100,99948,100,100072,100,99940,100,100085,100,99938,100
2019-06-28 09:32:47.906096450,99979,100,99969,210,99981,210,99958,210,99984,210,99956,210,100024,210,99955,210,100025,510,99954,100,100029,100,99953,100,100051,200,99950,100,100053,100,99948,100,100055,100,99940,100,100072,100,99938,100
2019-06-28 09:32:50.000000000,99979,249,99969,249,99981,245,99958,245,99984,245,99956,245,100024,100,99955,100,100025,400,99954,100,100029,100,99953,100,100051,200,99950,100,100053,100,99948,100,100055,100,99940,100,100072,100,99938,100
2019-06-28 09:33:00.000000000,99979,538,99969,538,99981,100,99958,100,99984,100,99956,100,100024,100,99955,100,100025,400,99954,100,100029,100,99953,100,100051,200,99950,100,100053,100,99948,100,100055,100,99940,100,100072,100,99938,100
2019-06-28 09:33:04.322992058,99979,538,99969,538,99981,100,99958,100,99984,100,99956,100,100024,100,99955,100,100025,400,99954,100,100029,100,99953,100,100051,200,99950,100,100053,100,99948,100,100055,100,99940,100,100072,100,99938,100
2019-06-28 09:33:10.000000000,99979,538,99969,538,99981,100,99958,100,99984,100,99956,100,100024,100,99955,100,100025,400,99954,100,100029,100,99953,100,100051,200,99950,100,100053,100,99948,100,100055,100,99940,100,100072,100,99938,100
2019-06-28 09:33:12.696763452,99979,538,99969,438,99981,100,99958,100,99984,100,99956,100,100024,100,99955,100,100025,400,99954,100,100029,100,99953,100,100051,200,99950,100,100053,100,99948,100,100055,100,99940,100,100072,100,99938,100
2019-06-28 09:33:20.000000000,99979,319,99958,319,99981,319,99956,319,99984,100,99955,100,100024,100,99954,100,100025,400,99953,100,100029,100,99950,100,100051,200,99948,100,100053,100,99940,100,100055,100,99938,100,100072,100,99925,100
2019-06-28 09:33:30.000000000,99979,249,99958,249,99981,245,99956,245,99984,245,99955,245,100024,100,99954,100,100025,400,99953,100,100029,100,99950,100,100051,200,99948,100,100053,100,99940,100,100055,100,99938,100,100072,100,99925,100
2019-06-28 09:33:30.023411119,99979,249,99958,249,99981,245,99956,245,99984,245,99955,245,100024,100,99954,100,100025,400,99953,100,100029,100,99950,100,100051,200,99948,100,100053,100,99940,100,100055,100,99938,100,100072,100,99925,100
2019-06-28 09:33:37.622489775,99979,249,99958,249,99981,245,99956,245,99984,245,99955,245,100024,100,99954,100,100025,400,99953,100,100029,100,99950,100,100051,200,99948,100,100053,100,99940,100,100055,100,99938,100,100072,100,99925,100
2019-06-28 09:33:39.945560864,99979,249,99958,249,99981,245,99956,245,99984,245,99955,245,100024,100,99954,100,100025,400,99953,100,100029,100,99950,100,100051,200,99940,100,100053,100,99938,100,100055,100,99925,100,100072,100,99892,100
2019-06-28 09:33:40.000000000,99979,210,99958,210,99981,210,99956,210,99984,210,99955,210,100024,210,99954,210,100025,400,99953,100,100029,100,99950,100,100051,200,99940,100,100053,100,99938,100,100055,100,99925,100,100072,100,99892,100
2019-06-28 09:33:50.000000000,99979,210,99958,210,99981,210,99956,210,99984,210,99955,210,100024,210,99954,210,100025,400,99953,100,100029,100,99950,100,100051,200,99940,100,100053,100,99938,100,100055,100,99925,100,100072,100,99892,100
2019-06-28 09:33:51.353253082,99979,210,99958,210,99981,210,99956,210,99984,210,99955,210,100024,210,99954,210,100025,400,99953,100,100029,100,99950,100,100051,200,99940,100,100053,100,99938,100,100055,100,99925,100,100072,100,99892,100
2019-06-28 09:33:54.496167526,99979,210,99958,210,99981,110,99956,210,99984,210,99955,210,100024,210,99954,210,100025,400,99953,100,100029,100,99950,100,100051,200,99940,100,100053,100,99938,100,100055,100,99925,100,100072,100,99892,100
2019-06-28 09:34:00.000000000,99979,538,99958,538,99984,100,99956,100,100024,100,99955,100,100025,400,99954,100,100029,100,99953,100,100051,200,99950,100,100053,100,99940,100,100055,100,99938,100,100072,100,99925,100,100085,100,99892,100
2019-06-28 09:34:06.550513228,99979,538,99958,538,99984,100,99956,100,100024,100,99955,100,100025,400,99954,100,100029,100,99953,100,100051,200,99950,100,100053,100,99940,100,100055,100,99938,100,100072,100,99925,100,100085,100,99892,100
2019-06-28 09:34:10.000000000,99979,538,99958,538,99984,100,99956,100,100024,100,99955,100,100025,400,99954,100,100029,100,99953,100,100051,200,99950,100,100053,100,99940,100,100055,100,99938,100,100072,100,99925,100,100085,100,99892,100
2019-06-28 09:34:18.688283955,99979,538,99958,438,99984,100,99956,100,100024,100,99955,100,100025,400,99954,100,100029,100,99953,100,100051,200,99950,100,100053,100,99940,100,100055,100,99938,100,100072,100,99925,100,100085,100,99892,100
2019-06-28 09:34:19.893323026,99979,538,99958,438,99984,100,99956,100,100024,100,99954,100,100025,400,99953,100,100029,100,99950,100,100051,200,99940,100,100053,100,99938,100,100055,100,99925,100,100072,100,99892,100,100085,100,99877,100
2019-06-28 09:34:20.000000000,99979,249,99956,249,99984,245,99954,245,100024,245,99953,245,100025,400,99950,100,100029,100,99940,100,100051,200,99938,100,100053,100,99925,100,100055,100,99892,100,100072,100,99877,100,100085,100,99864,100
2019-06-28 09:34:21.583491968,99979,249,99956,149,99984,245,99954,245,100024,245,99953,245,100025,400,99950,100,100029,100,99940,100,100051,200,99938,100,100053,100,99925,100,100055,100,99892,100,100072,100,99877,100,100085,100,99864,100
2019-06-28 09:34:30.000000000,99979,210,99954,210,99984,210,99953,210,100024,210,99950,210,100025,510,99940,210,100029,100,99938,100,100051,200,99925,100,100053,100,99892,100,100055,100,99877,100,100072,100,99864,100,100085,100,99680,100
2019-06-28 09:34:40.000000000,99979,538,99954,538,99984,100,99953,100,100024,100,99950,100,100025,400,99940,100,100029,100,99938,100,100051,200,99925,100,100053,100,99892,100,100055,100,99877,100,100072,100,99864,100,100085,100,99680,100
2019-06-28 09:34:50.000000000,99979,210,99954,210,99984,210,99953,210,100024,210,99950,210,100025,510,99940,210,100029,100,99938,100,100051,200,99925,100,100053,100,99892,100,100055,100,99877,100,100072,100,99864,100,100085,100,99680,100
2019-06-28 09:34:54.895475793,99958,100,99954,210,99979,210,99953,210,99984,110,99950,210,100024,210,99940,210,100025,510,99938,100,100029,100,99925,100,100051,200,99892,100,100053,100,99877,100,100055,100,99864,100,100072,100,99680,100
2019-06-28 09:35:00.000000000,99958,210,99954,210,99979,210,99953,210,100024,210,99950,210,100025,510,99940,210,100029,100,99938,100,100051,200,99925,100,100053,100,99892,100,100055,100,99877,100,100072,100,99864,100,100085,100,99680,100
2019-06-28 09:35:02.495229947,99958,210,99954,10,99979,210,99953,210,100024,210,99950,210,100025,510,99940,210,100029,100,99938,100,100051,200,99925,100,100053,100,99892,100,100055,100,99877,100,100072,100,99864,100,100085,100,99680,100
2019-06-28 09:35:10.000000000,99958,210,99953,210,99979,210,99950,210,100024,210,99940,210,100025,510,99938,210,100029,100,99925,100,100051,200,99892,100,100053,100,99877,100,100055,100,99864,100,100072,100,99680,100,100085,100,99575,100
2019-06-28 09:35:18.473157707,99958,210,99953,210,99979,210,99950,210,100024,210,99940,210,100025,510,99938,210,100051,200,99925,100,100053,100,99892,100,100055,100,99877,100,100072,100,99864,100,100085,100,99680,100,100089,100,99575,100
2019-06-28 09:35:20.000000000,99958,210,99953,210,99979,210,99950,210,100024,210,99940,210,100025,510,99938,210,100051,200,99925,100,100053,100,99892,100,100055,100,99877,100,100072,100,99864,100,100085,100,99680,100,100089,100,99575,100
2019-06-28 09:35:25.040210302,99958,210,99953,110,99979,210,99950,210,100024,210,99940,210,100025,510,99938,210,100051,200,99925,100,100053,100,99892,100,100055,100,99877,100,100072,100,99864,100,100085,100,99680,100,100089,100,99575,100
2019-06-28 09:35:30.000000000,99958,188,99950,188,99979,188,99940,188,100024,188,99938,188,100025,488,99925,188,100051,288,99892,188,100053,100,99877,100,100055,100,99864,100,100072,100,99680,100,100085,100,99575,100,100089,100,99549,100
2019-06-28 09:35:33.199608491,99958,188,99950,188,99979,188,99940,188,100024,188,99938,188,100025,488,99925,188,100051,288,99892,188,100053,100,99877,100,100055,100,99864,100,100072,100,99680,100,100085,100,99595,100,100089,100,99575,100
2019-06-28 09:35:40.000000000,99958,249,99950,249,99979,245,99940,245,100024,245,99938,245,100025,400,99925,100,100051,200,99892,100,100053,100,99877,100,100055,100,99864,100,100072,100,99680,100,100085,100,99595,100,100089,100,99575,100
2019-06-28 09:35:49.853052812,99958,249,99950,249,99979,245,99940,245,100024,245,99938,245,100025,400,99925,100,100051,200,99892,100,100053,100,99877,100,100055,100,99864,100,100072,100,99836,100,100085,100,99680,100,100089,100,99595,100
2019-06-28 09:35:50.000000000,99958,249,99950,249,99979,245,99940,245,100024,245,99938,245,100025,400,99925,100,100051,200,99892,100,100053,100,99877,100,100055,100,99864,100,100072,100,99836,100,100085,100,99680,100,100089,100,99595,100
2019-06-28 09:36:00.000000000,99958,210,99950,210,99979,210,99940,210,100024,210,99938,210,100025,510,99925,210,100051,200,99892,100,100053,100,99877,100,100055,100,99864,100,100072,100,99836,100,100085,100,99680,100,100089,100,99595,100
2019-06-28 09:36:08.732349909,99958,210,99950,110,99979,210,99940,210,100024,210,99938,210,100025,510,99925,210,100051,200,99892,100,100053,100,99877,100,100055,100,99836,100,100072,100,99680,100,100085,100,99595,100,100089,100,99575,100
2019-06-28 09:36:10.000000000,99958,538,99940,538,99979,100,99938,100,100024,100,99925,100,100025,400,99892,100,100051,200,99877,100,100053,100,99836,100,100055,100,99680,100,100072,100,99595,100,100085,100,99575,100,100089,100,99549,100
2019-06-28 09:36:20.000000000,99958,210,99940,210,99979,210,99938,210,100024,210,99925,210,100025,510,99892,210,100051,200,99877,100,100053,100,99836,100,100055,100,99680,100,100072,100,99595,100,100085,100,99575,100,100089,100,99549,100
2019-06-28 09:36:30.000000000,99958,319,99940,319,99979,319,99938,319,100024,100,99925,100,100025,400,99892,100,100051,200,99877,100,100053,100,99836,100,100055,100,99680,100,100072,100,99595,100,100085,100,99575,100,100089,100,99549,100
2019-06-28 09:36:40.000000000,99958,538,99940,538,99979,100,99938,100,100024,100,99925,100,100025,400,99892,100,100051,200,99877,100,100053,100,99836,100,100055,100,99680,100,100072,100,99595,100,100085,100,99575,100,100089,100,99549,100
2019-06-28 09:36:50.000000000,99958,249,99940,249,99979,245,99938,245,100024,245,99925,245,100025,400,99892,100,100051,200,99877,100,100053,100,99836,100,100055,100,99680,100,100072,100,99595,100,100085,100,99575,100,100089,100,99549,100
2019-06-28 09:36:54.590478152,99958,149,99940,249,99979,245,99938,245,100024,245,99925,245,100025,400,99892,100,100051,200,99877,100,100053,100,99836,100,100055,100,99680,100,100072,100,99595,100,100085,100,99575,100,100089,100,99549,100
2019-06-28 09:37:00.000000000,99979,538,99940,538,100024,100,99938,100,100025,400,99925,100,100051,200,99892,100,100053,100,99877,100,100055,100,99836,100,100072,100,99680,100,100085,100,99595,100,100089,100,99575,100,100104,200,99549,100
2019-06-28 09:37:01.045871649,99979,538,99940,538,100024,100,99938,100,100025,400,99925,100,100051,200,99892,100,100053,100,99877,100,100055,100,99836,100,100072,100,99680,100,100085,100,99595,100,100089,100,99575,100,100104,200,99549,100
2019-06-28 09:37:02.784774623,99979,438,99940,538,100024,100,99938,100,100025,400,99925,100,100051,200,99892,100,100053,100,99877,100,100055,100,99836,100,100072,100,99680,100,100085,100,99595,100,100089,100,99575,100,100104,200,99549,100
2019-06-28 09:37:03.545896039,99979,438,99940,538,100024,100,99938,100,100025,400,99925,100,100051,200,99892,100,100053,100,99877,100,100055,100,99836,100,100072,100,99680,100,100085,100,99595,100,100089,100,99575,100,100104,200,99549,100
2019-06-28 09:37:10.000000000,100024,188,99940,188,100025,488,99938,188,100051,288,99925,188,100053,188,99892,188,100055,188,99877,188,100072,100,99836,100,100085,100,99680,100,100089,100,99595,100,100104,200,99575,100,100108,100,99549,100
2019-06-28 09:37:15.545486346,100024,188,99940,188,100025,488,99938,188,100049,100,99925,188,100051,288,99892,188,100053,188,99877,188,100055,188,99836,100,100072,100,99680,100,100085,100,99595,100,100089,100,99575,100,100104,200,99549,100
2019-06-28 09:37:20.000000000,100024,210,99940,210,100025,510,99938,210,100049,210,99925,210,100051,310,99892,210,100053,100,99877,100,100055,100,99836,100,100072,100,99680,100,100085,100,99595,100,100089,100,99575,100,100104,200,99549,100
2019-06-28 09:37:25.596576054,100024,210,99951,100,100025,510,99940,210,100049,210,99938,210,100051,310,99925,210,100053,100,99892,210,100055,100,99877,100,100072,100,99836,100,100085,100,99680,100,100089,100,99595,100,100104,200,99575,100
2019-06-28 09:37:30.000000000,100024,249,99951,249,100025,545,99940,245,100049,245,99938,245,100051,200,99925,100,100053,100,99892,100,100055,100,99877,100,100072,100,99836,100,100085,100,99680,100,100089,100,99595,100,100104,200,99575,100
2019-06-28 09:37:40.000000000,100024,188,99951,188,100025,488,99940,188,100049,188,99938,188,100051,288,99925,188,100053,188,99892,188,100055,100,99877,100,100072,100,99836,100,100085,100,99680,100,100089,100,99595,100,100104,200,99575,100
2019-06-28 09:37:44.592261143,100024,188,99951,188,100025,488,99940,188,100049,188,99938,188,100051,288,99925,188,100053,188,99892,188,100055,100,99877,100,100072,100,99836,100,100085,100,99680,100,100089,100,99595,100,100104,200,99575,100
2019-06-28 09:37:50.000000000,100024,188,99951,188,100025,488,99940,188,100049,188,99938,188,100051,288,99925,188,100053,188,99892,188,100055,100,99877,100,100072,100,99836,100,100085,100,99680,100,100089,100,99595,100,100104,200,99575,100
2019-06-28 09:37:53.234770205,100024,188,99951,188,100025,488,99940,188,100049,188,99938,188,100051,288,99925,188,100053,188,99892,188,100055,100,99877,100,100072,100,99836,100,100085,100,99680,100,100089,100,99595,100,100104,100,99575,100
2019-06-28 09:38:00.000000000,100024,249,99951,249,100025,545,99940,245,100049,245,99938,245,100051,200,99925,100,100053,100,99892,100,100055,100,99877,100,100072,100,99836,100,100085,100,99680,100,100089,100,99595,100,100104,100,99575,100
2019-06-28 09:38:10.000000000,100024,188,99951,188,100025,488,99940,188,100049,188,99938,188,100051,288,99925,188,100053,188,99892,188,100055,100,99877,100,100072,100,99836,100,100085,100,99680,100,100089,100,99595,100,100104,100,99575,100
2019-06-28 09:38:20.000000000,100024,538,99951,538,100025,400,99940,100,100049,100,99938,100,100051,200,99925,100,100053,100,99892,100,100055,100,99877,100,100072,100,99836,100,100085,100,99680,100,100089,100,99595,100,100104,100,99575,100
2019-06-28 09:38:30.000000000,100024,538,99951,538,100025,400,99940,100,100049,100,99938,100,100051,200,99925,100,100053,100,99892,100,100055,100,99877,100,100072,100,99836,100,100085,100,99680,100,100089,100,99595,100,100104,100,99575,100
2019-06-28 09:38:36.131536410,100024,438,99951,538,100025,400,99940,100,100049,100,99938,100,100051,200,99925,100,100053,100,99892,100,100055,100,99877,100,100085,100,99836,100,100089,100,99680,100,100104,100,99595,100,100115,100,99575,100
2019-06-28 09:38:40.000000000,100025,488,99951,188,100049,188,99940,188,100051,288,99938,188,100053,188,99925,188,100055,188,99892,188,100085,100,99877,100,100089,100,99836,100,100104,100,99680,100,100115,100,99595,100,100117,100,99575,100
2019-06-28 09:38:50.000000000,100025,619,99951,319,100049,319,99940,319,100051,200,99938,100,100053,100,99925,100,100055,100,99892,100,100085,100,99877,100,100089,100,99836,100,100104,100,99680,100,100115,100,99595,100,100117,100,99575,100
2019-06-28 09:39:00.000000000,100025,549,99951,249,100049,245,99940,245,100051,345,99938,245,100053,100,99925,100,100055,100,99892,100,100085,100,99877,100,100089,100,99836,100,100104,100,99680,100,100115,100,99595,100,100117,100,99575,100
2019-06-28 09:39:06.539137671,100025,549,99979,100,100049,245,99951,249,100051,345,99940,245,100053,100,99938,245,100055,100,99925,100,100085,100,99892,100,100089,100,99877,100,100104,100,99836,100,100115,100,99680,100,100117,100,99595,100
2019-06-28 09:39:10.000000000,100025,510,99979,210,100049,210,99951,210,100051,310,99940,210,100053,210,99938,210,100055,100,99925,100,100085,100,99892,100,100089,100,99877,100,100104,100,99836,100,100115,100,99680,100,100117,100,99595,100
2019-06-28 09:39:20.000000000,100025,619,99979,319,100049,319,99951,319,100051,200,99940,100,100053,100,99938,100,100055,100,99925,100,100085,100,99892,100,100089,100,99877,100,100104,100,99836,100,100115,100,99680,100,100117,100,99595,100
2019-06-28 09:39:27.516172924,100025,519,99979,419,100049,319,99951,319,100051,200,99940,100,100053,100,99938,100,100055,100,99925,100,100085,100,99892,100,100089,100,99877,100,100104,100,99836,100,100115,100,99680,100,100117,100,99595,100
2019-06-28 09:39:30.000000000,100025,738,99979,638,100049,100,99951,100,100051,200,99940,100,100053,100,99938,100,100055,100,99925,100,100085,100,99892,100,100089,100,99877,100,100104,100,99836,100,100115,100,99680,100,100117,100,99595,100
2019-06-28 09:39:40.000000000,100025,449,99979,349,100049,245,99951,245,100051,345,99940,245,100053,100,99938,100,100055,100,99925,100,100085,100,99892,100,100089,100,99877,100,100104,100,99836,100,100115,100,99680,100,100117,100,99595,100
2019-06-28 09:39:50.000000000,100025,449,99979,349,100049,245,99951,245,100051,345,99940,245,100053,100,99938,100,100055,100,99925,100,100085,100,99892,100,100089,100,99877,100,100104,100,99836,100,100115,100,99680,100,100117,100,99595,100
2019-06-28 09:39:54.592029636,100025,349,99979,349,100049,245,99951,245,100051,345,99940,245,100053,100,99938,100,100055,100,99925,100,100085,100,99892,100,100089,100,99877,100,100115,100,99836,100,100117,100,99680,100,100124,100,99595,100
2019-06-28 09:40:00.000000000,100025,419,99979,419,100049,319,99951,319,100051,200,99940,100,100053,100,99938,100,100055,100,99925,100,100085,100,99892,100,100089,100,99877,100,100115,100,99836,100,100117,100,99680,100,100124,100,99595,100
2019-06-28 09:40:05.999526086,100025,419,100024,100,100049,319,99979,419,100051,200,99951,319,100053,100,99940,100,100055,100,99938,100,100085,100,99925,100,100089,100,99892,100,100115,100,99877,100,100117,100,99836,100,100124,100,99680,100
2019-06-28 09:40:10.000000000,100025,638,100024,538,100049,100,99979,200,100051,200,99951,100,100053,100,99940,100,100055,100,99938,100,100085,100,99925,100,100089,100,99892,100,100115,100,99877,100,100117,100,99836,100,100124,100,99680,100
2019-06-28 09:40:20.000000000,100025,638,100024,538,100049,100,99979,200,100051,200,99951,100,100053,100,99940,100,100055,100,99938,100,100085,100,99925,100,100089,100,99892,100,100115,100,99877,100,100117,100,99836,100,100124,100,99680,100
2019-06-28 09:40:30.000000000,100025,310,100024,210,100049,210,99979,310,100051,310,99951,210,100053,210,99940,210,100055,100,99938,100,100085,100,99925,100,100089,100,99892,100,100115,100,99877,100,100117,100,99836,100,100124,100,99680,100
2019-06-28 09:40:40.000000000,100025,419,100024,319,100049,319,99979,419,100051,200,99951,100,100053,100,99940,100,100055,100,99938,100,100085,100,99925,100,100089,100,99892,100,100115,100,99877,100,100117,100,99836,100,100124,100,99680,100
2019-06-28 09:40:49.858434732,100025,419,100024,119,100049,319,99979,419,100051,200,99951,100,100053,100,99940,100,100055,100,99938,100,100085,100,99925,100,100089,100,99892,100,100115,100,99877,100,100117,100,99836,100,100124,100,99680,100
2019-06-28 09:40:50.000000000,100025,419,99979,419,100049,319,99951,319,100051,200,99940,100,100053,100,99938,100,100055,100,99925,100,100085,100,99892,100,100089,100,99877,100,100115,100,99836,100,100117,100,99680,100,100124,100,99595,100
2019-06-28 09:40:50.627407898,100025,419,99979,319,100049,319,99951,319,100051,200,99940,100,100053,100,99938,100,100055,100,99925,100,100089,100,99892,100,100115,100,99877,100,100117,100,99836,100,100124,100,99680,100,100132,100,99595,100
2019-06-28 09:41:00.000000000,100025,288,99979,188,100049,188,99951,188,100051,288,99940,188,100053,188,99938,188,100055,188,99925,188,100089,100,99892,100,100115,100,99877,100,100117,100,99836,100,100124,100,99680,100,100132,100,99595,100
2019-06-28 09:41:10.000000000,100025,349,99979,249,100049,245,99951,245,100051,345,99940,245,100053,100,99938,100,100055,100,99925,100,100089,100,99892,100,100115,100,99877,100,100117,100,99836,100,100124,100,99680,100,100132,100,99595,100
2019-06-28 09:41:10.371042537,100025,349,99979,149,100049,245,99951,245,100051,345,99940,245,100053,100,99938,100,100055,100,99925,100,100089,100,99892,100,100115,100,99877,100,100117,100,99836,100,100124,100,99680,100,100132,100,99595,100
2019-06-28 09:41:20.000000000,100025,419,99951,319,100049,319,99940,319,100051,200,99938,100,100053,100,99925,100,100055,100,99892,100,100089,100,99877,100,100115,100,99836,100,100117,100,99680,100,100124,100,99595,100,100132,100,99575,100
2019-06-28 09:41:30.000000000,100025,288,99951,188,100049,188,99940,188,100051,288,99938,188,100053,188,99925,188,100055,188,99892,188,100089,100,99877,100,100115,100,99836,100,100117,100,99680,100,100124,100,99595,100,100132,100,99575,100
2019-06-28 09:41:33.831450465,100025,288,99951,188,100049,188,99940,188,100051,288,99938,188,100053,188,99925,188,100055,188,99892,188,100089,100,99877,100,100115,100,99836,100,100117,100,99680,100,100124,100,99595,100,100132,100,99575,100
2019-06-28 09:41:40.000000000,100025,310,99951,210,100049,210,99940,210,100051,310,99938,210,100053,210,99925,210,100055,100,99892,100,100089,100,99877,100,100115,100,99836,100,100117,100,99680,100,100124,100,99595,100,100132,100,99575,100
2019-06-28 09:41:46.781243609,100025,310,99980,100,100049,210,99951,210,100051,310,99940,210,100053,210,99938,210,100055,100,99925,210,100089,100,99892,100,100115,100,99877,100,100117,100,99836,100,100124,100,99680,100,100132,100,99595,100
2019-06-28 09:41:50.000000000,100025,288,99980,188,100049,188,99951,188,100051,288,99940,188,100053,188,99938,188,100055,188,99925,188,100089,100,99892,100,100115,100,99877,100,100117,100,99836,100,100124,100,99680,100,100132,100,99595,100
2019-06-28 09:42:00.000000000,100025,288,99980,188,100049,188,99951,188,100051,288,99940,188,100053,188,99938,188,100055,188,99925,188,100089,100,99892,100,100115,100,99877,100,100117,100,99836,100,100124,100,99680,100,100132,100,99595,100
2019-06-28 09:42:10.000000000,100025,288,99980,188,100049,188,99951,188,100051,288,99940,188,100053,188,99938,188,100055,188,99925,188,100089,100,99892,100,100115,100,99877,100,100117,100,99836,100,100124,100,99680,100,100132,100,99595,100
2019-06-28 09:42:18.124495628,100025,188,99980,188,100049,188,99951,188,100051,288,99940,188,100053,188,99938,188,100055,188,99925,188,100089,100,99892,100,100115,100,99877,100,100117,100,99836,100,100124,100,99595,100,100132,100,99575,100
2019-06-28 09:42:20.000000000,100025,249,99980,249,100049,245,99951,245,100051,345,99940,245,100053,100,99938,100,100055,100,99925,100,100089,100,99892,100,100115,100,99877,100,100117,100,99836,100,100124,100,99595,100,100132,100,99575,100
2019-06-28 09:42:30.000000000,100025,210,99980,210,100049,210,99951,210,100051,310,99940,210,100053,210,99938,210,100055,100,99925,100,100089,100,99892,100,100115,100,99877,100,100117,100,99836,100,100124,100,99595,100,100132,100,99575,100
2019-06-28 09:42:40.000000000,100025,249,99980,249,100049,245,99951,245,100051,345,99940,245,100053,100,99938,100,100055,100,99925,100,100089,100,99892,100,100115,100,99877,100,100117,100,99836,100,100124,100,99595,100,100132,100,99575,100
2019-06-28 09:42:50.000000000,100025,188,99980,188,100049,188,99951,188,100051,288,99940,188,100053,188,99938,188,100055,188,99925,188,100089,100,99892,100,100115,100,99877,100,100117,100,99836,100,100124,100,99595,100,100132,100,99575,100
2019-06-28 09:43:00.000000000,100025,538,99980,538,100049,100,99951,100,100051,200,99940,100,100053,100,99938,100,100055,100,99925,100,100089,100,99892,100,100115,100,99877,100,100117,100,99836,100,100124,100,99595,100,100132,100,99575,100
2019-06-28 09:43:05.566001459,100025,438,99980,538,100049,100,99951,100,100051,100,99940,100,100053,100,99938,100,100055,100,99925,100,100089,100,99892,100,100115,100,99877,100,100117,100,99836,100,100124,100,99595,100,100132,100,99575,100
2019-06-28 09:43:10.000000000,100049,538,99980,538,100051,100,99951,100,100053,100,99940,100,100055,100,99938,100,100089,100,99925,100,100115,100,99892,100,100117,100,99877,100,100124,100,99836,100,100132,100,99595,100,100142,100,99575,100
2019-06-28 09:43:20.000000000,100049,188,99980,188,100051,188,99951,188,100053,188,99940,188,100055,188,99938,188,100089,188,99925,188,100115,100,99892,100,100117,100,99877,100,100124,100,99836,100,100132,100,99595,100,100142,100,99575,100
2019-06-28 09:43:26.954756455,100049,88,99980,188,100051,188,99951,188,100053,188,99940,188,100055,188,99938,188,100089,188,99925,188,100115,100,99892,100,100117,100,99877,100,100124,100,99836,100,100132,100,99595,100,100142,100,99575,100
2019-06-28 09:43:30.000000000,100051,538,99980,538,100053,100,99951,100,100055,100,99940,100,100089,100,99938,100,100115,100,99925,100,100117,100,99892,100,100124,100,99877,100,100132,100,99836,100,100142,100,99595,100,100162,100,99575,100
2019-06-28 09:43:40.000000000,100051,188,99980,188,100053,188,99951,188,100055,188,99940,188,100089,188,99938,188,100115,188,99925,188,100117,100,99892,100,100124,100,99877,100,100132,100,99836,100,100142,100,99595,100,100162,100,99575,100
2019-06-28 09:43:50.000000000,100051,538,99980,538,100053,100,99951,100,100055,100,99940,100,100089,100,99938,100,100115,100,99925,100,100117,100,99892,100,100124,100,99877,100,100132,100,99836,100,100142,100,99595,100,100162,100,99575,100
2019-06-28 09:43:53.977082679,100051,438,99980,538,100053,100,99951,100,100055,100,99940,100,100089,100,99938,100,100115,100,99925,100,100117,100,99892,100,100124,100,99877,100,100132,100,99836,100,100142,100,99595,100,100162,100,99575,100
2019-06-28 09:44:00.000000000,100053,188,99980,188,100055,188,99951,188,100089,188,99940,188,100115,188,99938,188,100117,188,99925,188,100124,100,99892,100,100132,100,99877,100,100142,100,99836,100,100162,100,99595,100,100319,100,99575,100
2019-06-28 09:44:10.000000000,100053,319,99980,319,100055,319,99951,319,100089,100,99940,100,100115,100,99938,100,100117,100,99925,100,100124,100,99892,100,100132,100,99877,100,100142,100,99836,100,100162,100,99595,100,100319,100,99575,100
2019-06-28 09:44:20.000000000,100053,210,99980,210,100055,210,99951,210,100089,210,99940,210,100115,210,99938,210,100117,100,99925,100,100124,100,99892,100,100132,100,99877,100,100142,100,99836,100,100162,100,99595,100,100319,100,99575,100
2019-06-28 09:44:27.107036512,100053,110,99980,210,100055,210,99951,210,100089,210,99940,210,100115,210,99938,210,100117,100,99925,100,100124,100,99892,100,100132,100,99877,100,100142,100,99836,100,100162,100,99595,100,100319,100,99575,100
2019-06-28 09:44:30.000000000,100055,188,99980,188,100089,188,99951,188,100115,188,99940,188,100117,188,99938,188,100124,188,99925,188,100132,100,99892,100,100142,100,99877,100,100162,100,99836,100,100319,100,99595,100,100453,100,99575,100
2019-06-28 09:44:35.316788758,100055,188,99980,188,100089,188,99951,188,100115,188,99940,188,100117,188,99938,188,100124,188,99925,188,100132,100,99892,100,100162,100,99877,100,100319,100,99836,100,100453,100,99595,100,100841,100,99575,100
2019-06-28 09:44:40.000000000,100055,210,99980,210,100089,210,99951,210,100115,210,99940,210,100117,210,99938,210,100124,100,99925,100,100132,100,99892,100,100162,100,99877,100,100319,100,99836,100,100453,100,99595,100,100841,100,99575,100
2019-06-28 09:44:46.272244139,100055,210,99980,210,100089,210,99951,210,100115,210,99940,210,100117,210,99938,210,100124,100,99925,100,100132,100,99892,100,100162,100,99877,100,100319,100,99836,100,100453,100,99595,100,100841,100,99575,100
2019-06-28 09:44:50.000000000,100055,249,99980,249,100089,245,99951,245,100115,245,99940,245,100117,100,99938,100,100124,100,99925,100,100132,100,99892,100,100162,100,99877,100,100319,100,99836,100,100453,100,99595,100,100841,100,99575,100
2019-06-28 09:44:55.474294000,100055,249,100051,100,100089,245,99980,249,100115,245,99951,245,100117,100,99940,245,100124,100,99938,100,100132,100,99925,100,100162,100,99892,100,100319,100,99877,100,100453,100,99836,100,100841,100,99595,100
2019-06-28 09:45:00.000000000,100055,319,100051,319,100089,319,99980,319,100115,100,99951,100,100117,100,99940,100,100124,100,99938,100,100132,100,99925,100,100162,100,99892,100,100319,100,99877,100,100453,100,99836,100,100841,100,99595,100
2019-06-28 09:45:10.000000000,100055,538,100051,538,100089,100,99980,100,100115,100,99951,100,100117,100,99940,100,100124,100,99938,100,100132,100,99925,100,100162,100,99892,100,100319,100,99877,100,100453,100,99836,100,100841,100,99595,100
2019-06-28 09:45:12.646022497,100055,538,100051,538,100089,100,99951,100,100115,100,99940,100,100117,100,99938,100,100124,100,99925,100,100132,100,99892,100,100162,100,99877,100,100319,100,99836,100,100453,100,99595,100,100841,100,99575,100
2019-06-28 09:45:20.000000000,100055,319,100051,319,100089,319,99951,319,100115,100,99940,100,100117,100,99938,100,100124,100,99925,100,100132,100,99892,100,100162,100,99877,100,100319,100,99836,100,100453,100,99595,100,100841,100,99575,100
2019-06-28 09:45:30.000000000,100055,249,100051,249,100089,245,99951,245,100115,245,99940,245,100117,100,99938,100,100124,100,99925,100,100132,100,99892,100,100162,100,99877,100,100319,100,99836,100,100453,100,99595,100,100841,100,99575,100
2019-06-28 09:45:40.000000000,100055,538,100051,538,100089,100,99951,100,100115,100,99940,100,100117,100,99938,100,100124,100,99925,100,100132,100,99892,100,100162,100,99877,100,100319,100,99836,100,100453,100,99595,100,100841,100,99575,100
2019-06-28 09:45:50.000000000,100055,249,100051,249,100089,245,99951,245,100115,245,99940,245,100117,100,99938,100,100124,100,99925,100,100132,100,99892,100,100162,100,99877,100,100319,100,99836,100,100453,100,99595,100,100841,100,99575,100
2019-06-28 09:46:00.000000000,100055,210,100051,210,100089,210,99951,210,100115,210,99940,210,100117,210,99938,210,100124,100,99925,100,100132,100,99892,100,100162,100,99877,100,100319,100,99836,100,100453,100,99595,100,100841,100,99575,100
2019-06-28 09:46:00.111060030,100055,210,100051,210,100089,210,99951,210,100115,210,99940,210,100117,210,99938,210,100124,100,99925,100,100132,100,99892,100,100162,100,99877,100,100319,100,99836,100,100453,100,99595,100,100841,100,99575,100
2019-06-28 09:46:10.000000000,100055,210,100051,210,100089,210,99951,210,100115,210,99940,210,100117,210,99938,210,100124,100,99925,100,100132,100,99892,100,100162,100,99877,100,100319,100,99836,100,100453,100,99595,100,100841,100,99575,100
2019-06-28 09:46:11.769961284,100055,110,100051,210,100089,210,99951,210,100115,210,99940,210,100117,210,99938,210,100124,100,99925,100,100132,100,99892,100,100162,100,99877,100,100453,100,99836,100,100841,100,99595,100,101407,100,99575,100
2019-06-28 09:46:20.000000000,100089,188,100051,188,100115,188,99951,188,100117,188,99940,188,100124,188,99938,188,100132,188,99925,188,100162,100,99892,100,100453,100,99877,100,100841,100,99836,100,101407,100,99595,100,101843,100,99575,100
2019-06-28 09:46:21.527193474,100089,88,100051,188,100115,188,99951,188,100117,188,99940,188,100124,188,99938,188,100132,188,99925,188,100162,100,99892,100,100453,100,99877,100,100841,100,99836,100,101407,100,99595,100,101843,100,99575,100
2019-06-28 09:46:30.000000000,100115,210,100051,210,100117,210,99951,210,100124,210,99940,210,100132,210,99938,210,100162,100,99925,100,100453,100,99892,100,100841,100,99877,100,101407,100,99836,100,101843,100,99595,100,101894,100,99575,100
2019-06-28 09:46:40.000000000,100115,319,100051,319,100117,319,99951,319,100124,100,99940,100,100132,100,99938,100,100162,100,99925,100,100453,100,99892,100,100841,100,99877,100,101407,100,99836,100,101843,100,99595,100,101894,100,99575,100
2019-06-28 09:46:50.000000000,100115,210,100051,210,100117,210,99951,210,100124,210,99940,210,100132,210,99938,210,100162,100,99925,100,100453,100,99892,100,100841,100,99877,100,101407,100,99836,100,101843,100,99595,100,101894,100,99575,100
2019-06-28 09:47:00.000000000,100115,249,100051,249,100117,245,99951,245,100124,245,99940,245,100132,100,99938,100,100162,100,99925,100,100453,100,99892,100,100841,100,99877,100,101407,100,99836,100,101843,100,99595,100,101894,100,99575,100
2019-06-28 09:47:08.467944905,100115,149,100051,249,100117,245,99951,245,100124,245,99940,245,100132,100,99938,100,100162,100,99925,100,100453,100,99892,100,100841,100,99877,100,101407,100,99836,100,101843,100,99595,100,101894,100,99575,100
2019-06-28 09:47:10.000000000,100117,210,100051,210,100124,210,99951,210,100132,210,99940,210,100162,210,99938,210,100453,100,99925,100,100841,100,99892,100,101407,100,99877,100,101843,100,99836,100,101894,100,99595,100,,,99575,100
2019-06-28 09:47:17.770812019,100117,210,100051,210,100124,210,99951,210,100132,210,99940,210,100162,210,99938,210,100453,100,99925,100,100675,100,99892,100,100841,100,99877,100,101407,100,99836,100,101843,100,99595,100,101894,100,99575,100
2019-06-28 09:47:20.000000000,100117,188,100051,188,100124,188,99951,188,100132,188,99940,188,100162,188,99938,188,100453,188,99925,188,100675,100,99892,100,100841,100,99877,100,101407,100,99836,100,101843,100,99595,100,101894,100,99575,100
2019-06-28 09:47:30.000000000,100117,538,100051,538,100124,100,99951,100,100132,100,99940,100,100162,100,99938,100,100453,100,99925,100,100675,100,99892,100,100841,100,99877,100,101407,100,99836,100,101843,100,99595,100,101894,100,99575,100
2019-06-28 09:47:40.000000000,100117,249,100051,249,100124,245,99951,245,100132,245,99940,245,100162,100,99938,100,100453,100,99925,100,100675,100,99892,100,100841,100,99877,100,101407,100,99836,100,101843,100,99595,100,101894,100,99575,100
2019-06-28 09:47:41.079452739,100117,249,100089,100,100124,245,100051,249,100132,245,99951,245,100162,100,99940,245,100453,100,99938,100,100675,100,99925,100,100841,100,99892,100,101407,100,99877,100,101843,100,99836,100,101894,100,99595,100
2019-06-28 09:47:50.000000000,100117,538,100089,538,100124,100,100051,100,100132,100,99951,100,100162,100,99940,100,100453,100,99938,100,100675,100,99925,100,100841,100,99892,100,101407,100,99877,100,101843,100,99836,100,101894,100,99595,100
2019-06-28 09:47:58.093399595,100117,438,100089,538,100124,100,100051,100,100132,100,99951,100,100162,100,99940,100,100453,100,99938,100,100675,100,99925,100,100841,100,99892,100,101407,100,99877,100,101843,100,99836,100,101894,100,99595,100
2019-06-28 09:48:00.000000000,100124,188,100089,188,100132,188,100051,188,100162,188,99951,188,100453,188,99940,188,100675,188,99938,188,100841,100,99925,100,101407,100,99892,100,101843,100,99877,100,101894,100,99836,100,,,99595,100
2019-06-28 09:48:02.599095655,100124,88,100089,188,100132,188,100051,188,100162,188,99951,188,100453,188,99940,188,100675,188,99938,188,100841,100,99925,100,101407,100,99892,100,101843,100,99877,100,101894,100,99836,100,,,99595,100
2019-06-28 09:48:10.000000000,100132,538,100089,538,100162,100,100051,100,100453,100,99951,100,100675,100,99940,100,100841,100,99938,100,101407,100,99925,100,101843,100,99892,100,101894,100,99877,100,,,99836,100,,,99595,100
2019-06-28 09:48:20.000000000,100132,538,100089,538,100162,100,100051,100,100453,100,99951,100,100675,100,99940,100,100841,100,99938,100,101407,100,99925,100,101843,100,99892,100,101894,100,99877,100,,,99836,100,,,99595,100
2019-06-28 09:48:28.248476379,100132,438,100089,538,100162,100,100051,100,100453,100,99951,100,100675,100,99940,100,100841,100,99938,100,101407,100,99925,100,101843,100,99892,100,101894,100,99877,100,,,99836,100,,,99595,100
2019-06-28 09:48:29.304239650,100132,438,100089,538,100162,100,100051,100,100453,100,99951,100,100774,100,99940,100,100841,100,99938,100,101407,100,99925,100,101843,100,99892,100,101894,100,99877,100,,,99836,100,,,99595,100
2019-06-28 09:48:30.000000000,100162,249,100089,249,100453,245,100051,245,100774,245,99951,245,100841,100,99940,100,101407,100,99938,100,101843,100,99925,100,101894,100,99892,100,,,99877,100,,,99836,100,,,99595,100
2019-06-28 09:48:36.197471084,100162,149,100089,249,100453,245,100051,245,100774,245,99951,245,100841,100,99940,100,101407,100,99938,100,101843,100,99925,100,101894,100,99892,100,,,99877,100,,,99836,100,,,99595,100
2019-06-28 09:48:40.000000000,100453,210,100089,210,100774,210,100051,210,100841,210,99951,210,101407,210,99940,210,101843,100,99938,100,101894,100,99925,100,,,99892,100,,,99877,100,,,99836,100,,,99595,100
2019-06-28 09:48:50.000000000,100453,319,100089,319,100774,319,100051,319,100841,100,99951,100,101407,100,99940,100,101843,100,99938,100,101894,100,99925,100,,,99892,100,,,99877,100,,,99836,100,,,99595,100
2019-06-28 09:48:58.179695164,100453,319,100089,319,100774,319,100051,319,100841,100,99951,100,101010,100,99940,100,101407,100,99938,100,101843,100,99925,100,,,99892,100,,,99877,100,,,99836,100,,,99595,100
2019-06-28 09:49:00.000000000,100453,210,100089,210,100774,210,100051,210,100841,210,99951,210,101010,210,99940,210,101407,100,99938,100,101843,100,99925,100,,,99892,100,,,99877,100,,,99836,100,,,99595,100
2019-06-28 09:49:10.000000000,100453,188,100089,188,100774,188,100051,188,100841,188,99951,188,101010,188,99940,188,101407,188,99938,188,101843,100,99925,100,,,99892,100,,,99877,100,,,99836,100,,,99595,100
2019-06-28 09:49:20.000000000,100453,319,100089,319,100774,319,100051,319,100841,100,99951,100,101010,100,99940,100,101407,100,99938,100,101843,100,99925,100,,,99892,100,,,99877,100,,,99836,100,,,99595,100
2019-06-28 09:49:30.000000000,100453,319,100089,319,100774,319,100051,319,100841,100,99951,100,101010,100,99940,100,101407,100,99938,100,101843,100,99925,100,,,99892,100,,,99877,100,,,99836,100,,,99595,100
2019-06-28 09:49:40.000000000,100453,249,100089,249,100774,245,100051,245,100841,245,99951,245,101010,100,99940,100,101407,100,99938,100,101843,100,99925,100,,,99892,100,,,99877,100,,,99836,100,,,99595,100
2019-06-28 09:49:41.876590399,100453,249,100089,249,100774,245,100051,245,100841,245,99951,245,101010,100,99940,100,101358,100,99938,100,101407,100,99925,100,101843,100,99892,100,,,99877,100,,,99836,100,,,99595,100
2019-06-28 09:49:41.913912798,100453,149,100089,249,100774,245,100051,245,100841,245,99951,245,101010,100,99940,100,101358,100,99938,100,101407,100,99925,100,101843,100,99892,100,,,99877,100,,,99595,100,,,99549,100
2019-06-28 09:49:43.423347207,100453,49,100089,249,100774,245,100051,245,100841,245,99951,245,101010,100,99940,100,101358,100,99938,100,101407,100,99925,100,101843,100,99892,100,,,99877,100,,,99595,100,,,99549,100
2019-06-28 09:49:50.000000000,100774,319,100089,319,100841,319,100051,319,101010,100,99951,100,101358,100,99940,100,101407,100,99938,100,101843,100,99925,100,,,99892,100,,,99877,100,,,99595,100,,,99549,100
2019-06-28 09:50:00.000000000,100774,319,100089,319,100841,319,100051,319,101010,100,99951,100,101358,100,99940,100,101407,100,99938,100,101843,100,99925,100,,,99892,100,,,99877,100,,,99595,100,,,99549,100
2019-06-28 09:50:02.399198082,100774,219,100089,319,100841,319,100051,319,101010,100,99940,100,101358,100,99938,100,101407,100,99925,100,101843,100,99892,100,,,99877,100,,,99595,100,,,99549,100,,,99518,100
2019-06-28 09:50:10.000000000,100841,188,100089,188,101010,188,100051,188,101358,188,99940,188,101407,188,99938,188,101843,188,99925,188,,,99892,100,,,99877,100,,,99595,100,,,99549,100,,,99518,100
2019-06-28 09:50:20.000000000,100841,319,100089,319,101010,319,100051,319,101358,100,99940,100,101407,100,99938,100,101843,100,99925,100,,,99892,100,,,99877,100,,,99595,100,,,99549,100,,,99518,100
2019-06-28 09:50:30.000000000,100841,210,100089,210,101010,210,100051,210,101358,210,99940,210,101407,210,99938,210,101843,100,99925,100,,,99892,100,,,99877,100,,,99595,100,,,99549,100,,,99518,100
2019-06-28 09:50:40.000000000,100841,210,100089,210,101010,210,100051,210,101358,210,99940,210,101407,210,99938,210,101843,100,99925,100,,,99892,100,,,99877,100,,,99595,100,,,99549,100,,,99518,100
2019-06-28 09:50:42.735507505,100773,100,100089,210,100841,210,100051,210,101010,210,99940,210,101358,210,99938,210,101407,210,99925,100,101843,100,99892,100,,,99877,100,,,99595,100,,,99549,100,,,99518,100
2019-06-28 09:50:50.000000000,100773,249,100089,249,100841,245,100051,245,101010,245,99940,245,101358,100,99938,100,101407,100,99925,100,101843,100,99892,100,,,99877,100,,,99595,100,,,99549,100,,,99518,100
2019-06-28 09:51:00.000000000,100773,319,100089,319,100841,319,100051,319,101010,100,99940,100,101358,100,99938,100,101407,100,99925,100,101843,100,99892,100,,,99877,100,,,99595,100,,,99549,100,,,99518,100
2019-06-28 09:51:04.411043189,100773,219,100089,319,100841,319,100051,319,101010,100,99940,100,101358,100,99938,100,101407,100,99925,100,101843,100,99892,100,,,99877,100,,,99595,100,,,99549,100,,,99518,100
2019-06-28 09:51:06.129955490,100773,219,100089,319,100841,319,100051,319,100955,100,99940,100,101010,100,99938,100,101358,100,99925,100,101407,100,99892,100,101843,100,99877,100,,,99595,100,,,99549,100,,,99518,100
2019-06-28 09:51:10.000000000,100841,538,100089,538,100955,100,100051,100,101010,100,99940,100,101358,100,99938,100,101407,100,99925,100,101843,100,99892,100,,,99877,100,,,99595,100,,,99549,100,,,99518,100
2019-06-28 09:51:11.182789144,100841,538,100089,538,100859,100,100051,100,100955,100,99940,100,101010,100,99938,100,101358,100,99925,100,101407,100,99892,100,101843,100,99877,100,,,99595,100,,,99549,100,,,99518,100
2019-06-28 09:51:16.456544674,100841,438,100089,538,100859,100,100051,100,100955,100,99940,100,101010,100,99938,100,101358,100,99925,100,101407,100,99892,100,101843,100,99877,100,,,99595,100,,,99549,100,,,,
2019-06-28 09:51:20.000000000,100859,538,100089,538,100955,100,100051,100,101010,100,99940,100,101358,100,99938,100,101407,100,99925,100,101843,100,99892,100,,,99877,100,,,99595,100,,,99549,100,,,,
2019-06-28 09:51:30.000000000,100859,210,100089,210,100955,210,100051,210,101010,210,99940,210,101358,210,99938,210,101407,100,99925,100,101843,100,99892,100,,,99877,100,,,99595,100,,,99549,100,,,,
2019-06-28 09:51:40.000000000,100859,210,100089,210,100955,210,100051,210,101010,210,99940,210,101358,210,99938,210,101407,100,99925,100,101843,100,99892,100,,,99877,100,,,99595,100,,,99549,100,,,,
2019-06-28 09:51:41.320889619,100779,100,100089,210,100859,210,100051,210,100955,210,99940,210,101010,110,99938,210,101358,210,99925,100,101407,100,99892,100,101843,100,99877,100,,,99595,100,,,99549,100,,,,
2019-06-28 09:51:50.000000000,100779,188,100089,188,100859,188,100051,188,100955,188,99940,188,101358,188,99938,188,101407,188,99925,188,101843,100,99892,100,,,99877,100,,,99595,100,,,99549,100,,,,
2019-06-28 09:52:00.000000000,100779,210,100089,210,100859,210,100051,210,100955,210,99940,210,101358,210,99938,210,101407,100,99925,100,101843,100,99892,100,,,99877,100,,,99595,100,,,99549,100,,,,
2019-06-28 09:52:10.000000000,100779,319,100089,319,100859,319,100051,319,100955,100,99940,100,101358,100,99938,100,101407,100,99925,100,101843,100,99892,100,,,99877,100,,,99595,100,,,99549,100,,,,
2019-06-28 09:52:17.453017973,100779,319,100262,100,100859,319,100089,319,100955,100,100051,319,101358,100,99940,100,101407,100,99938,100,101843,100,99925,100,,,99892,100,,,99877,100,,,99595,100,,,99549,100
2019-06-28 09:52:20.000000000,100779,319,100262,319,100859,319,100089,319,100955,100,100051,100,101358,100,99940,100,101407,100,99938,100,101843,100,99925,100,,,99892,100,,,99877,100,,,99595,100,,,99549,100
2019-06-28 09:52:23.549584892,100779,319,100418,100,100859,319,100262,319,100955,100,100089,319,101358,100,100051,100,101407,100,99940,100,101843,100,99938,100,,,99925,100,,,99892,100,,,99877,100,,,99595,100
2019-06-28 09:52:30.000000000,100779,319,100418,319,100859,319,100262,319,100955,100,100089,100,101358,100,100051,100,101407,100,99940,100,101843,100,99938,100,,,99925,100,,,99892,100,,,99877,100,,,99595,100
2019-06-28 09:52:39.117906066,100779,319,100418,319,100859,319,100315,100,100955,100,100262,319,101358,100,100089,100,101407,100,100051,100,101843,100,99940,100,,,99938,100,,,99925,100,,,99892,100,,,99877,100
2019-06-28 09:52:40.000000000,100779,188,100418,188,100859,188,100315,188,100955,188,100262,188,101358,188,100089,188,101407,188,100051,188,101843,100,99940,100,,,99938,100,,,99925,100,,,99892,100,,,99877,100
2019-06-28 09:52:50.000000000,100779,319,100418,319,100859,319,100315,319,100955,100,100262,100,101358,100,100089,100,101407,100,100051,100,101843,100,99940,100,,,99938,100,,,99925,100,,,99892,100,,,99877,100
2019-06-28 09:53:00.000000000,100779,188,100418,188,100859,188,100315,188,100955,188,100262,188,101358,188,100089,188,101407,188,100051,188,101843,100,99940,100,,,99938,100,,,99925,100,,,99892,100,,,99877,100
2019-06-28 09:53:10.000000000,100779,249,100418,249,100859,245,100315,245,100955,245,100262,245,101358,100,100089,100,101407,100,100051,100,101843,100,99940,100,,,99938,100,,,99925,100,,,99892,100,,,99877,100
2019-06-28 09:53:20.000000000,100779,538,100418,538,100859,100,100315,100,100955,100,100262,100,101358,100,100089,100,101407,100,100051,100,101843,100,99940,100,,,99938,100,,,99925,100,,,99892,100,,,99877,100
2019-06-28 09:53:21.724201646,100779,538,100418,538,100859,100,100315,100,100955,100,100262,100,101358,100,100089,100,101407,100,100051,100,101843,100,99940,100,,,99938,100,,,99925,100,,,99892,100,,,99877,100
2019-06-28 09:53:23.313070633,100779,538,100418,538,100955,100,100315,100,101358,100,100262,100,101407,100,100089,100,101843,100,100051,100,,,99940,100,,,99938,100,,,99925,100,,,99892,100,,,99877,100
2019-06-28 09:53:30.000000000,100779,249,100418,249,100955,245,100315,245,101358,245,100262,245,101407,100,100089,100,101843,100,100051,100,,,99940,100,,,99938,100,,,99925,100,,,99892,100,,,99877,100
2019-06-28 09:53:35.698011274,100779,249,100418,249,100955,245,100315,245,101358,245,100262,245,101407,100,100051,100,101843,100,99940,100,,,99938,100,,,99925,100,,,99892,100,,,99877,100,,,99595,100
2019-06-28 09:53:40.000000000,100779,249,100418,249,100955,245,100315,245,101358,245,100262,245,101407,100,100051,100,101843,100,99940,100,,,99938,100,,,99925,100,,,99892,100,,,99877,100,,,99595,100
2019-06-28 09:53:50.000000000,100779,319,100418,319,100955,319,100315,319,101358,100,100262,100,101407,100,100051,100,101843,100,99940,100,,,99938,100,,,99925,100,,,99892,100,,,99877,100,,,99595,100
2019-06-28 09:53:55.171208101,100779,319,100418,219,100955,319,100315,319,101358,100,100262,100,101407,100,100051,100,101843,100,99940,100,,,99938,100,,,99892,100,,,99877,100,,,99595,100,,,99586,100
2019-06-28 09:54:00.000000000,100779,538,100315,538,100955,100,100262,100,101358,100,100051,100,101407,100,99940,100,101843,100,99938,100,,,99892,100,,,99877,100,,,99595,100,,,99586,100,,,99549,100
2019-06-28 09:54:10.000000000,100779,538,100315,538,100955,100,100262,100,101358,100,100051,100,101407,100,99940,100,101843,100,99938,100,,,99892,100,,,99877,100,,,99595,100,,,99586,100,,,99549,100
2019-06-28 09:54:20.000000000,100779,538,100315,538,100955,100,100262,100,101358,100,100051,100,101407,100,99940,100,101843,100,99938,100,,,99892,100,,,99877,100,,,99595,100,,,99586,100,,,99549,100
2019-06-28 09:54:24.458335915,100779,538,100315,438,100955,100,100262,100,101358,100,100051,100,101407,100,99940,100,101843,100,99938,100,,,99892,100,,,99877,100,,,99595,100,,,99586,100,,,99549,100
2019-06-28 09:54:30.000000000,100779,319,100262,319,100955,319,100051,319,101358,100,99940,100,101407,100,99938,100,101843,100,99892,100,,,99877,100,,,99595,100,,,99586,100,,,99549,100,,,99477,100
2019-06-28 09:54:40.000000000,100779,319,100262,319,100955,319,100051,319,101358,100,99940,100,101407,100,99938,100,101843,100,99892,100,,,99877,100,,,99595,100,,,99586,100,,,99549,100,,,99477,100
2019-06-28 09:54:50.000000000,100779,210,100262,210,100955,210,100051,210,101358,210,99940,210,101407,210,99938,210,101843,100,99892,100,,,99877,100,,,99595,100,,,99586,100,,,99549,100,,,99477,100
2019-06-28 09:54:50.315135994,100779,210,100262,110,100955,210,100051,210,101358,110,99940,210,101407,210,99938,210,101843,100,99892,100,,,99877,100,,,99595,100,,,99586,100,,,99549,100,,,99477,100
2019-06-28 09:55:00.000000000,100779,249,100051,249,100955,245,99940,245,101407,245,99938,245,101843,100,99892,100,,,99877,100,,,99595,100,,,99586,100,,,99549,100,,,99477,100,,,,
2019-06-28 09:55:10.000000000,100779,210,100051,210,100955,210,99940,210,101407,210,99938,210,101843,210,99892,210,,,99877,100,,,99595,100,,,99586,100,,,99549,100,,,99477,100,,,,
2019-06-28 09:55:20.000000000,100779,188,100051,188,100955,188,99940,188,101407,188,99938,188,101843,188,99892,188,101844,88,99877,188,,,99595,100,,,99586,100,,,99549,100,,,99477,100,,,,
2019-06-28 09:55:30.000000000,100779,188,100051,188,100955,188,99940,188,101407,188,99938,188,101843,188,99892,188,101844,88,99877,188,,,99595,100,,,99586,100,,,99549,100,,,99477,100,,,,
2019-06-28 09:55:40.000000000,100779,210,100051,210,100955,210,99940,210,101407,210,99938,210,101843,210,99892,210,,,99877,100,,,99595,100,,,99586,100,,,99549,100,,,99477,100,,,,
2019-06-28 09:55:42.606986716,100315,100,100051,210,100779,210,99940,210,100955,210,99938,210,101407,210,99892,210,101843,210,99877,100,,,99595,100,,,99586,100,,,99549,100,,,99477,100,,,,
2019-06-28 09:55:44.571860793,100315,200,100051,210,100779,210,99940,210,100955,210,99938,210,101407,210,99892,210,101843,210,99877,100,,,99595,100,,,99586,100,,,99549,100,,,99477,100,,,,
2019-06-28 09:55:48.789878077,100315,200,100051,110,100779,210,99940,210,100955,210,99938,210,101407,210,99892,210,101843,210,99877,100,,,99595,100,,,99586,100,,,99549,100,,,99477,100,,,,
2019-06-28 09:55:50.000000000,100315,419,99940,319,100779,319,99938,319,100955,100,99892,100,101407,100,99877,100,101843,100,99595,100,,,99586,100,,,99549,100,,,99477,100,,,,,,,,
2019-06-28 09:56:00.000000000,100315,288,99940,188,100779,188,99938,188,100955,188,99892,188,101407,188,99877,188,101843,188,99595,188,,,99586,100,,,99549,100,,,99477,100,,,,,,,,
2019-06-28 09:56:10.000000000,100315,310,99940,210,100779,210,99938,210,100955,210,99892,210,101407,210,99877,210,101843,100,99595,100,,,99586,100,,,99549,100,,,99477,100,,,,,,,,
2019-06-28 09:56:18.979921716,100315,310,99940,210,100779,210,99938,210,100955,210,99924,100,101407,210,99892,210,101843,100,99877,210,,,99595,100,,,99586,100,,,99549,100,,,99477,100,,,,
2019-06-28 09:56:20.000000000,100315,349,99940,249,100779,245,99938,245,100955,245,99924,245,101407,100,99892,100,101843,100,99877,100,,,99595,100,,,99586,100,,,99549,100,,,99477,100,,,,
2019-06-28 09:56:30.000000000,100315,310,99940,210,100779,210,99938,210,100955,210,99924,210,101407,210,99892,210,101843,100,99877,100,,,99595,100,,,99586,100,,,99549,100,,,99477,100,,,,
2019-06-28 09:56:40.000000000,100315,288,99940,188,100779,188,99938,188,100955,188,99924,188,101407,188,99892,188,101843,188,99877,188,,,99595,100,,,99586,100,,,99549,100,,,99477,100,,,,
2019-06-28 09:56:45.370192644,100315,288,100053,100,100779,188,99940,188,100955,188,99938,188,101407,188,99924,188,101843,188,99892,188,,,99877,188,,,99595,100,,,99586,100,,,99549,100,,,99477,100
2019-06-28 09:56:50.000000000,100315,288,100053,188,100779,188,99940,188,100955,188,99938,188,101407,188,99924,188,101843,188,99892,188,,,99877,100,,,99595,100,,,99586,100,,,99549,100,,,99477,100
2019-06-28 09:57:00.000000000,100315,349,100053,249,100779,245,99940,245,100955,245,99938,245,101407,100,99924,100,101843,100,99892,100,,,99877,100,,,99595,100,,,99586,100,,,99549,100,,,99477,100
2019-06-28 09:57:10.000000000,100315,288,100053,188,100779,188,99940,188,100955,188,99938,188,101407,188,99924,188,101843,188,99892,188,,,99877,100,,,99595,100,,,99586,100,,,99549,100,,,99477,100
2019-06-28 09:57:20.000000000,100315,349,100053,249,100779,245,99940,245,100955,245,99938,245,101407,100,99924,100,101843,100,99892,100,,,99877,100,,,99595,100,,,99586,100,,,99549,100,,,99477,100
2019-06-28 09:57:20.885318271,100315,349,100229,100,100779,245,100053,249,100955,245,99940,245,101407,100,99938,245,101843,100,99924,100,,,99892,100,,,99877,100,,,99586,100,,,99549,100,,,99477,100
2019-06-28 09:57:30.000000000,100315,349,100229,249,100779,245,100053,245,100955,245,99940,245,101407,100,99938,100,101843,100,99924,100,,,99892,100,,,99877,100,,,99586,100,,,99549,100,,,99477,100
2019-06-28 09:57:36.133850552,100315,349,100229,149,100779,245,100053,245,100955,145,99940,245,101407,100,99938,100,101843,100,99924,100,,,99892,100,,,99877,100,,,99586,100,,,99549,100,,,99477,100
2019-06-28 09:57:40.000000000,100315,288,100053,188,100779,188,99940,188,101407,188,99938,188,101843,188,99924,188,101844,88,99892,188,,,99877,100,,,99586,100,,,99549,100,,,99477,100,,,,
2019-06-28 09:57:46.850427545,100315,288,100120,100,100779,188,100053,188,101407,188,99940,188,101843,188,99938,188,101844,88,99924,188,,,99892,188,,,99877,100,,,99586,100,,,99549,100,,,99477,100
2019-06-28 09:57:50.000000000,100315,638,100120,538,100779,100,100053,100,101407,100,99940,100,101843,100,99938,100,,,99924,100,,,99892,100,,,99877,100,,,99586,100,,,99549,100,,,99477,100
2019-06-28 09:57:54.083307193,100163,100,100120,538,100315,638,100053,100,100779,100,99940,100,101407,100,99938,100,101843,100,99924,100,,,99892,100,,,99877,100,,,99586,100,,,99549,100,,,99477,100
2019-06-28 09:58:00.000000000,100163,188,100120,188,100315,288,100053,188,100779,188,99940,188,101407,188,99938,188,101843,188,99924,188,,,99892,100,,,99877,100,,,99586,100,,,99549,100,,,99477,100
2019-06-28 09:58:08.717236982,100163,188,100120,188,100229,100,100053,188,100315,288,99940,188,100779,188,99938,188,101407,188,99924,188,101843,188,99892,100,,,99877,100,,,99586,100,,,99549,100,,,99477,100
2019-06-28 09:58:10.000000000,100163,538,100120,538,100229,100,100053,100,100315,200,99940,100,100779,100,99938,100,101407,100,99924,100,101843,100,99892,100,,,99877,100,,,99586,100,,,99549,100,,,99477,100
2019-06-28 09:58:20.000000000,100163,188,100120,188,100229,188,100053,188,100315,288,99940,188,100779,188,99938,188,101407,188,99924,188,101843,100,99892,100,,,99877,100,,,99586,100,,,99549,100,,,99477,100
2019-06-28 09:58:30.000000000,100163,538,100120,538,100229,100,100053,100,100315,200,99940,100,100779,100,99938,100,101407,100,99924,100,101843,100,99892,100,,,99877,100,,,99586,100,,,99549,100,,,99477,100
2019-06-28 09:58:30.770891583,100163,538,100120,438,100229,100,100053,100,100315,200,99940,100,100779,100,99938,100,101407,100,99924,100,101843,100,99892,100,,,99877,100,,,99586,100,,,99549,100,,,99477,100
2019-06-28 09:58:38.664908681,100163,538,100120,438,100229,100,100053,100,100315,200,99940,100,100779,100,99938,100,101407,100,99924,100,101843,100,99892,100,,,99877,100,,,99586,100,,,99549,100,,,99525,100
2019-06-28 09:58:40.000000000,100163,538,100053,538,100229,100,99940,100,100315,200,99938,100,100779,100,99924,100,101407,100,99892,100,101843,100,99877,100,,,99586,100,,,99549,100,,,99525,100,,,99477,100
2019-06-28 09:58:44.118215743,100163,538,100053,438,100229,100,99940,100,100315,200,99938,100,100779,100,99924,100,101407,100,99892,100,101843,100,99877,100,,,99586,100,,,99549,100,,,99525,100,,,99477,100
2019-06-28 09:58:50.000000000,100163,319,99940,319,100229,319,99938,319,100315,200,99924,100,100779,100,99892,100,101407,100,99877,100,101843,100,99586,100,,,99549,100,,,99525,100,,,99477,100,,,,
2019-06-28 09:59:00.000000000,100163,538,99940,538,100229,100,99938,100,100315,200,99924,100,100779,100,99892,100,101407,100,99877,100,101843,100,99586,100,,,99549,100,,,99525,100,,,99477,100,,,,
2019-06-28 09:59:09.964870621,100163,538,99940,538,100229,100,99938,100,100315,200,99924,100,100779,100,99892,100,101407,100,99877,100,101843,100,99586,100,,,99579,100,,,99549,100,,,99525,100,,,99477,100
2019-06-28 09:59:10.000000000,100163,319,99940,319,100229,319,99938,319,100315,200,99924,100,100779,100,99892,100,101407,100,99877,100,101843,100,99586,100,,,99579,100,,,99549,100,,,99525,100,,,99477,100
2019-06-28 09:59:20.000000000,100163,188,99940,188,100229,188,99938,188,100315,288,99924,188,100779,188,99892,188,101407,188,99877,188,101843,100,99586,100,,,99579,100,,,99549,100,,,99525,100,,,99477,100
2019-06-28 09:59:29.379286667,100163,288,99940,188,100229,188,99938,188,100315,288,99924,188,100779,188,99892,188,101407,188,99877,188,101843,100,99586,100,,,99579,100,,,99549,100,,,99525,100,,,99477,100
2019-06-28 09:59:30.000000000,100163,638,99940,538,100229,100,99938,100,100315,200,99924,100,100779,100,99892,100,101407,100,99877,100,101843,100,99586,100,,,99579,100,,,99549,100,,,99525,100,,,99477,100
2019-06-28 09:59:40.000000000,100163,349,99940,249,100229,245,99938,245,100315,345,99924,245,100779,100,99892,100,101407,100,99877,100,101843,100,99586,100,,,99579,100,,,99549,100,,,99525,100,,,99477,100
2019-06-28 09:59:48.889845192,100163,349,99940,249,100229,145,99938,245,100315,345,99924,245,100779,100,99892,100,101407,100,99877,100,101843,100,99586,100,,,99579,100,,,99549,100,,,99525,100,,,99477,100
2019-06-28 09:59:50.000000000,100163,349,99940,249,100315,345,99938,245,100779,245,99924,245,101407,100,99892,100,101843,100,99877,100,,,99586,100,,,99579,100,,,99549,100,,,99525,100,,,99477,100
2019-06-28 10:00:00.000000000,100163,288,99940,188,100315,288,99938,188,100779,188,99924,188,101407,188,99892,188,101843,188,99877,188,,,99586,100,,,99579,100,,,99549,100,,,99525,100,,,99477,100
2019-06-28 10:00:00.597359770,100120,100,99940,188,100163,288,99938,188,100315,288,99924,188,100779,188,99892,188,101407,188,99877,188,101843,188,99586,100,,,99579,100,,,99549,100,,,99525,100,,,99477,100
2019-06-28 10:00:01.540888573,99997,100,99940,188,100120,100,99938,188,100163,288,99924,188,100315,288,99892,188,100779,188,99877,188,101407,188,99586,100,101843,188,99579,100,,,99549,100,,,99525,100,,,99477,100
2019-06-28 10:00:09.774713262,99997,100,99940,188,100120,100,99938,188,100163,288,99924,188,100315,288,99892,188,100779,188,99877,88,101407,188,99748,100,101843,188,99586,100,,,99579,100,,,99549,100,,,99525,100
2019-06-28 10:00:10.000000000,99997,210,99940,210,100120,210,99938,210,100163,310,99924,210,100315,310,99892,210,100779,100,99748,100,101407,100,99586,100,101843,100,99579,100,,,99549,100,,,99525,100,,,99477,100
2019-06-28 10:00:14.414312424,99997,210,99940,210,100120,210,99938,210,100163,310,99924,210,100315,310,99896,100,100779,100,99892,210,101407,100,99748,100,101843,100,99586,100,,,99579,100,,,99549,100,,,99525,100
2019-06-28 10:00:20.000000000,99997,249,99940,249,100120,245,99938,245,100163,345,99924,245,100315,200,99896,100,100779,100,99892,100,101407,100,99748,100,101843,100,99586,100,,,99579,100,,,99549,100,,,99525,100
2019-06-28 10:00:20.213765445,99997,249,99940,249,100055,100,99938,245,100120,245,99924,245,100163,345,99896,100,100315,200,99892,100,100779,100,99748,100,101407,100,99586,100,101843,100,99579,100,,,99549,100,,,99525,100
2019-06-28 10:00:23.084362794,99997,249,99940,249,100055,200,99938,245,100120,245,99924,245,100163,345,99896,100,100315,200,99892,100,100779,100,99748,100,101407,100,99586,100,101843,100,99579,100,,,99549,100,,,99525,100
2019-06-28 10:00:27.101420281,99997,149,99940,249,100055,200,99938,245,100120,245,99924,245,100163,345,99896,100,100315,200,99892,100,100779,100,99748,100,101407,100,99586,100,101843,100,99579,100,,,99549,100,,,99525,100
2019-06-28 10:00:30.000000000,100055,310,99940,210,100120,210,99938,210,100163,310,99924,210,100315,310,99896,210,100779,100,99892,100,101407,100,99748,100,101843,100,99586,100,,,99579,100,,,99549,100,,,99525,100
2019-06-28 10:00:40.000000000,100055,349,99940,249,100120,245,99938,245,100163,345,99924,245,100315,200,99896,100,100779,100,99892,100,101407,100,99748,100,101843,100,99586,100,,,99579,100,,,99549,100,,,99525,100
2019-06-28 10:00:46.148023924,99949,100,99940,249,100055,349,99938,245,100120,245,99924,245,100163,345,99896,100,100315,200,99892,100,100779,100,99748,100,101407,100,99586,100,101843,100,99579,100,,,99549,100,,,99525,100
2019-06-28 10:00:50.000000000,99949,188,99940,188,100055,288,99938,188,100120,188,99924,188,100163,288,99896,188,100315,288,99892,188,100779,100,99748,100,101407,100,99586,100,101843,100,99579,100,,,99549,100,,,99525,100
2019-06-28 10:01:00.000000000,99949,249,99940,249,100055,345,99938,245,100120,245,99924,245,100163,200,99896,100,100315,200,99892,100,100779,100,99748,100,101407,100,99586,100,101843,100,99579,100,,,99549,100,,,99525,100
2019-06-28 10:01:10.000000000,99949,319,99940,319,100055,419,99938,319,100120,100,99924,100,100163,200,99896,100,100315,200,99892,100,100779,100,99748,100,101407,100,99586,100,101843,100,99579,100,,,99549,100,,,99525,100
2019-06-28 10:01:14.086837372,99949,319,99940,319,100055,419,99938,319,100082,100,99924,100,100120,100,99896,100,100163,100,99892,100,100315,200,99748,100,100779,100,99586,100,101407,100,99579,100,101843,100,99549,100,,,99525,100
2019-06-28 10:01:20.000000000,99949,319,99940,319,100055,419,99938,319,100082,100,99924,100,100120,100,99896,100,100163,100,99892,100,100315,200,99748,100,100779,100,99586,100,101407,100,99579,100,101843,100,99549,100,,,99525,100
2019-06-28 10:01:30.000000000,99949,319,99940,319,100055,419,99938,319,100082,100,99924,100,100120,100,99896,100,100163,100,99892,100,100315,200,99748,100,100779,100,99586,100,101407,100,99579,100,101843,100,99549,100,,,99525,100
2019-06-28 10:01:39.232742283,99949,319,99940,319,99996,100,99938,319,100055,419,99924,100,100082,100,99896,100,100120,100,99892,100,100163,100,99748,100,100315,200,99586,100,100779,100,99579,100,101407,100,99549,100,101843,100,99525,100
2019-06-28 10:01:40.000000000,99949,188,99940,188,99996,188,99938,188,100055,288,99924,188,100082,188,99896,188,100120,188,99892,188,100163,100,99748,100,100315,200,99586,100,100779,100,99579,100,101407,100,99549,100,101843,100,99525,100
2019-06-28 10:01:50.000000000,99949,249,99940,249,99996,245,99938,245,100055,345,99924,245,100082,100,99896,100,100120,100,99892,100,100163,100,99748,100,100315,200,99586,100,100779,100,99579,100,101407,100,99549,100,101843,100,99525,100
2019-06-28 10:01:54.562741844,99949,249,99940,149,99996,245,99938,245,100055,345,99924,245,100082,100,99896,100,100120,100,99892,100,100163,100,99748,100,100315,200,99586,100,100779,100,99579,100,101407,100,99549,100,101843,100,99525,100
2019-06-28 10:01:56.403325719,99949,249,99940,49,99996,245,99938,245,100055,345,99924,245,100082,100,99896,100,100120,100,99892,100,100163,100,99748,100,100315,200,99586,100,100779,100,99579,100,101407,100,99549,100,101843,100,99525,100
2019-06-28 10:02:00.000000000,99949,319,99938,319,99996,319,99924,319,100055,200,99896,100,100082,100,99892,100,100120,100,99748,100,100163,100,99586,100,100315,200,99579,100,100779,100,99549,100,101407,100,99525,100,101843,100,99477,100
2019-06-28 10:02:10.000000000,99949,249,99938,249,99996,245,99924,245,100055,345,99896,245,100082,100,99892,100,100120,100,99748,100,100163,100,99586,100,100315,200,99579,100,100779,100,99549,100,101407,100,99525,100,101843,100,99477,100
2019-06-28 10:02:20.000000000,99949,538,99938,538,99996,100,99924,100,100055,200,99896,100,100082,100,99892,100,100120,100,99748,100,100163,100,99586,100,100315,200,99579,100,100779,100,99549,100,101407,100,99525,100,101843,100,99477,100
2019-06-28 10:02:21.018586961,99940,100,99938,538,99949,538,99924,100,99996,100,99896,100,100055,200,99892,100,100082,100,99748,100,100120,100,99586,100,100163,100,99579,100,100315,100,99549,100,100779,100,99525,100,101407,100,99477,100
2019-06-28 10:02:30.000000000,99940,210,99938,210,99949,210,99924,210,99996,210,99896,210,100055,310,99892,210,100082,100,99748,100,100120,100,99586,100,100163,100,99579,100,100315,100,99549,100,100779,100,99525,100,101407,100,99477,100
2019-06-28 10:02:40.000000000,99940,538,99938,538,99949,100,99924,100,99996,100,99896,100,100055,200,99892,100,100082,100,99748,100,100120,100,99586,100,100163,100,99579,100,100315,100,99549,100,100779,100,99525,100,101407,100,99477,100
2019-06-28 10:02:49.900449913,99940,538,99938,538,99949,100,99924,100,99996,100,99896,100,100016,100,99892,100,100055,200,99748,100,100082,100,99586,100,100120,100,99579,100,100163,100,99549,100,100315,100,99525,100,100779,100,99477,100
2019-06-28 10:02:50.000000000,99940,249,99938,249,99949,245,99924,245,99996,245,99896,245,100016,100,99892,100,100055,200,99748,100,100082,100,99586,100,100120,100,99579,100,100163,100,99549,100,100315,100,99525,100,100779,100,99477,100
2019-06-28 10:03:00.000000000,99940,319,99938,319,99949,319,99924,319,99996,100,99896,100,100016,100,99892,100,100055,200,99748,100,100082,100,99586,100,100120,100,99579,100,100163,100,99549,100,100315,100,99525,100,100779,100,99477,100
2019-06-28 10:03:04.022364903,99940,319,99938,319,99949,319,99924,319,99996,100,99896,100,100016,100,99892,100,100055,200,99808,100,100082,100,99748,100,100120,100,99586,100,100163,100,99579,100,100315,100,99549,100,100779,100,99525,100
2019-06-28 10:03:05.891972983,99940,319,99938,319,99949,319,99924,319,99996,100,99896,100,100055,200,99892,100,100082,100,99808,200,100120,100,99748,100,100163,100,99586,100,100315,100,99579,100,100779,100,99549,100,101407,100,99525,100
2019-06-28 10:03:10.000000000,99940,538,99938,538,99949,100,99924,100,99996,100,99896,100,100055,200,99892,100,100082,100,99808,200,100120,100,99748,100,100163,100,99586,100,100315,100,99579,100,100779,100,99549,100,101407,100,99525,100
2019-06-28 10:03:17.472884363,99940,438,99938,538,99949,100,99924,100,99996,100,99896,100,100055,200,99892,100,100082,100,99808,200,100120,100,99748,100,100315,100,99586,100,100779,100,99579,100,101407,100,99549,100,101843,100,99525,100
2019-06-28 10:03:20.000000000,99949,249,99938,249,99996,245,99924,245,100055,345,99896,245,100082,100,99892,100,100120,100,99808,200,100315,100,99748,100,100779,100,99586,100,101407,100,99579,100,101843,100,99549,100,,,99525,100
2019-06-28 10:03:30.000000000,99949,210,99938,210,99996,210,99924,210,100055,310,99896,210,100082,210,99892,210,100120,100,99808,200,100315,100,99748,100,100779,100,99586,100,101407,100,99579,100,101843,100,99549,100,,,99525,100
2019-06-28 10:03:39.388045443,99949,210,99938,210,99996,210,99924,210,100055,310,99896,210,100082,210,99892,210,100120,100,99808,200,100212,100,99748,100,100315,100,99586,100,100779,100,99579,100,101407,100,99549,100,101843,100,99525,100
2019-06-28 10:03:40.000000000,99949,210,99938,210,99996,210,99924,210,100055,310,99896,210,100082,210,99892,210,100120,100,99808,200,100212,100,99748,100,100315,100,99586,100,100779,100,99579,100,101407,100,99549,100,101843,100,99525,100
2019-06-28 10:03:43.722406160,99949,110,99938,210,99996,210,99924,210,100055,210,99896,210,100082,210,99892,210,100120,100,99808,200,100212,100,99748,100,100315,100,99586,100,100779,100,99579,100,101407,100,99549,100,101843,100,99525,100
2019-06-28 10:03:50.000000000,99996,538,99938,538,100055,100,99924,100,100082,100,99896,100,100120,100,99892,100,100212,100,99808,200,100315,100,99748,100,100779,100,99586,100,101407,100,99579,100,101843,100,99549,100,,,99525,100
2019-06-28 10:04:00.000000000,99996,210,99938,210,100055,210,99924,210,100082,210,99896,210,100120,210,99892,210,100212,100,99808,200,100315,100,99748,100,100779,100,99586,100,101407,100,99579,100,101843,100,99549,100,,,99525,100
2019-06-28 10:04:10.000000000,99996,319,99938,319,100055,319,99924,319,100082,100,99896,100,100120,100,99892,100,100212,100,99808,200,100315,100,99748,100,100779,100,99586,100,101407,100,99579,100,101843,100,99549,100,,,99525,100
2019-06-28 10:04:20.000000000,99996,319,99938,319,100055,319,99924,319,100082,100,99896,100,100120,100,99892,100,100212,100,99808,200,100315,100,99748,100,100779,100,99586,100,101407,100,99579,100,101843,100,99549,100,,,99525,100
2019-06-28 10:04:30.000000000,99996,249,99938,249,100055,245,99924,245,100082,245,99896,245,100120,100,99892,100,100212,100,99808,200,100315,100,99748,100,100779,100,99586,100,101407,100,99579,100,101843,100,99549,100,,,99525,100
2019-06-28 10:04:40.000000000,99996,210,99938,210,100055,210,99924,210,100082,210,99896,210,100120,210,99892,210,100212,100,99808,200,100315,100,99748,100,100779,100,99586,100,101407,100,99579,100,101843,100,99549,100,,,99525,100
2019-06-28 10:04:44.615310777,99996,110,99938,210,100055,210,99924,210,100082,110,99896,210,100120,210,99892,210,100212,100,99808,200,100315,100,99748,100,100779,100,99586,100,101407,100,99579,100,101843,100,99549,100,,,99525,100
2019-06-28 10:04:50.000000000,100055,249,99938,249,100120,245,99924,245,100212,245,99896,245,100315,100,99892,100,100779,100,99808,200,101407,100,99748,100,101843,100,99586,100,,,99579,100,,,99549,100,,,99525,100
2019-06-28 10:05:00.000000000,100055,249,99938,249,100120,245,99924,245,100212,245,99896,245,100315,100,99892,100,100779,100,99808,200,101407,100,99748,100,101843,100,99586,100,,,99579,100,,,99549,100,,,99525,100
2019-06-28 10:05:08.552372914,100055,249,99938,249,100120,245,99924,245,100212,245,99896,245,100315,100,99892,100,100371,100,99808,200,100779,100,99748,100,101407,100,99586,100,101843,100,99579,100,,,99549,100,,,99525,100
2019-06-28 10:05:10.000000000,100055,249,99938,249,100120,245,99924,245,100212,245,99896,245,100315,100,99892,100,100371,100,99808,200,100779,100,99748,100,101407,100,99586,100,101843,100,99579,100,,,99549,100,,,99525,100
2019-06-28 10:05:20.000000000,100055,188,99938,188,100120,188,99924,188,100212,188,99896,188,100315,188,99892,188,100371,188,99808,288,100779,100,99748,100,101407,100,99586,100,101843,100,99579,100,,,99549,100,,,99525,100
2019-06-28 10:05:27.149243972,100055,88,99938,188,100120,188,99924,188,100212,188,99896,188,100315,188,99892,188,100371,188,99808,288,100779,100,99748,100,101407,100,99586,100,101843,100,99579,100,,,99549,100,,,99525,100
2019-06-28 10:05:30.000000000,100120,188,99938,188,100212,188,99924,188,100315,188,99896,188,100371,188,99892,188,100779,188,99808,288,101407,100,99748,100,101843,100,99586,100,,,99579,100,,,99549,100,,,99525,100
2019-06-28 10:05:40.000000000,100120,188,99938,188,100212,188,99924,188,100315,188,99896,188,100371,188,99892,188,100779,188,99808,288,101407,100,99748,100,101843,100,99586,100,,,99579,100,,,99549,100,,,99525,100
2019-06-28 10:05:48.470824283,100120,188,99938,188,100212,188,99924,188,100315,188,99896,188,100371,188,99892,188,100451,100,99808,288,100779,188,99748,100,101407,100,99586,100,101843,100,99579,100,,,99549,100,,,99525,100
2019-06-28 10:05:50.000000000,100120,188,99938,188,100212,188,99924,188,100315,188,99896,188,100371,188,99892,188,100451,188,99808,288,100779,100,99748,100,101407,100,99586,100,101843,100,99579,100,,,99549,100,,,99525,100
2019-06-28 10:05:58.833628398,100120,88,99938,188,100212,188,99924,188,100315,188,99896,188,100371,188,99892,188,100451,188,99808,288,100779,100,99748,100,101407,100,99586,100,101843,100,99579,100,,,99549,100,,,99525,100
2019-06-28 10:06:00.000000000,100212,319,99938,319,100315,319,99924,319,100371,100,99896,100,100451,100,99892,100,100779,100,99808,200,101407,100,99748,100,101843,100,99586,100,,,99579,100,,,99549,100,,,99525,100
2019-06-28 10:06:10.000000000,100212,538,99938,538,100315,100,99924,100,100371,100,99896,100,100451,100,99892,100,100779,100,99808,200,101407,100,99748,100,101843,100,99586,100,,,99579,100,,,99549,100,,,99525,100
2019-06-28 10:06:13.737447511,100212,538,100055,100,100315,100,99938,538,100371,100,99924,100,100451,100,99896,100,100779,100,99892,100,101407,100,99808,200,101843,100,99748,100,,,99586,100,,,99579,100,,,99549,100
2019-06-28 10:06:20.000000000,100212,188,100055,188,100315,188,99938,188,100371,188,99924,188,100451,188,99896,188,100779,188,99892,188,101407,100,99808,200,101843,100,99748,100,,,99586,100,,,99579,100,,,99549,100
2019-06-28 10:06:28.366607538,100212,188,100055,188,100315,188,99938,188,100371,188,99924,188,100451,188,99896,188,100569,100,99892,188,100779,188,99808,200,101407,100,99748,100,101843,100,99586,100,,,99579,100,,,99549,100
2019-06-28 10:06:30.000000000,100212,188,100055,188,100315,188,99938,188,100371,188,99924,188,100451,188,99896,188,100569,188,99892,188,100779,100,99808,200,101407,100,99748,100,101843,100,99586,100,,,99579,100,,,99549,100
2019-06-28 10:06:36.378861887,100192,100,100055,188,100212,188,99938,188,100315,188,99924,188,100371,188,99896,188,100451,188,99892,188,100569,188,99808,200,100779,100,99748,100,101407,100,99586,100,101843,100,99579,100,,,99549,100
2019-06-28 10:06:40.000000000,100192,249,100055,249,100212,245,99938,245,100315,245,99924,245,100371,100,99896,100,100451,100,99892,100,100569,100,99808,200,100779,100,99748,100,101407,100,99586,100,101843,100,99579,100,,,99549,100
2019-06-28 10:06:50.000000000,100192,319,100055,319,100212,319,99938,319,100315,100,99924,100,100371,100,99896,100,100451,100,99892,100,100569,100,99808,200,100779,100,99748,100,101407,100,99586,100,101843,100,99579,100,,,99549,100
2019-06-28 10:07:00.000000000,100192,210,100055,210,100212,210,99938,210,100315,210,99924,210,100371,210,99896,210,100451,100,99892,100,100569,100,99808,200,100779,100,99748,100,101407,100,99586,100,101843,100,99579,100,,,99549,100
2019-06-28 10:07:10.000000000,100192,210,100055,210,100212,210,99938,210,100315,210,99924,210,100371,210,99896,210,100451,100,99892,100,100569,100,99808,200,100779,100,99748,100,101407,100,99586,100,101843,100,99579,100,,,99549,100
2019-06-28 10:07:12.517552572,100192,110,100055,210,100212,210,99938,210,100315,210,99924,210,100371,210,99896,210,100451,100,99892,100,100569,100,99808,200,100779,100,99748,100,101407,100,99586,100,101843,100,99549,100,,,99525,100
2019-06-28 10:07:20.000000000,100212,210,100055,210,100315,210,99938,210,100371,210,99924,210,100451,210,99896,210,100569,100,99892,100,100779,100,99808,200,101407,100,99748,100,101843,100,99586,100,,,99549,100,,,99525,100
2019-06-28 10:07:28.455456330,100212,110,100055,210,100315,210,99938,210,100371,210,99924,210,100451,210,99896,210,100569,100,99892,100,100779,100,99808,200,101407,100,99748,100,101843,100,99586,100,,,99549,100,,,99525,100
2019-06-28 10:07:29.461463743,100212,110,100192,100,100315,210,100055,210,100371,210,99938,210,100451,210,99924,210,100569,100,99896,210,100779,100,99892,100,101407,100,99808,200,101843,100,99748,100,,,99586,100,,,99549,100
2019-06-28 10:07:30.000000000,100315,249,100192,249,100371,245,100055,245,100451,245,99938,245,100569,100,99924,100,100779,100,99896,100,101407,100,99892,100,101843,100,99808,200,,,99748,100,,,99586,100,,,99549,100
2019-06-28 10:07:40.000000000,100315,249,100192,249,100371,245,100055,245,100451,245,99938,245,100569,100,99924,100,100779,100,99896,100,101407,100,99892,100,101843,100,99808,200,,,99748,100,,,99586,100,,,99549,100
2019-06-28 10:07:44.203461696,100315,249,100192,249,100371,245,100055,245,100445,100,99938,245,100451,245,99924,100,100569,100,99896,100,100779,100,99892,100,101407,100,99808,200,101843,100,99748,100,,,99586,100,,,99549,100
2019-06-28 10:07:50.000000000,100315,538,100192,538,100371,100,100055,100,100445,100,99938,100,100451,100,99924,100,100569,100,99896,100,100779,100,99892,100,101407,100,99808,200,101843,100,99748,100,,,99586,100,,,99549,100
2019-06-28 10:07:51.843823026,100315,538,100192,538,100371,100,100055,100,100420,100,99938,100,100445,100,99924,100,100451,100,99896,100,100569,100,99892,100,100779,100,99808,200,101407,100,99748,100,101843,100,99586,100,,,99525,100
2019-06-28 10:07:58.551103932,100315,438,100192,538,100371,100,100055,100,100420,100,99924,100,100445,100,99896,100,100451,100,99892,100,100569,100,99808,200,100779,100,99748,100,101407,100,99586,100,101843,100,99525,100,,,99477,100
2019-06-28 10:08:00.000000000,100371,319,100192,319,100420,319,100055,319,100445,100,99924,100,100451,100,99896,100,100569,100,99892,100,100779,100,99808,200,101407,100,99748,100,101843,100,99586,100,,,99525,100,,,99477,100
2019-06-28 10:08:04.539783489,100314,100,100192,219,100371,319,100055,319,100420,319,99924,100,100445,100,99896,100,100451,100,99892,100,100569,100,99808,200,100779,100,99748,100,101407,100,99586,100,101843,100,99525,100,,,99477,100
2019-06-28 10:08:10.000000000,100314,538,100055,538,100371,100,99924,100,100420,100,99896,100,100445,100,99892,100,100451,100,99808,200,100569,100,99748,100,100779,100,99586,100,101407,100,99525,100,101843,100,99477,100,,,,
2019-06-28 10:08:20.000000000,100314,319,100055,319,100371,319,99924,319,100420,100,99896,100,100445,100,99892,100,100451,100,99808,200,100569,100,99748,100,100779,100,99586,100,101407,100,99525,100,101843,100,99477,100,,,,
2019-06-28 10:08:20.159716717,100271,100,100055,319,100314,319,99924,319,100371,319,99896,100,100420,100,99892,100,100445,100,99808,200,100451,100,99748,100,100569,100,99586,100,100779,100,99525,100,101407,100,99477,100,101843,100,,
2019-06-28 10:08:21.881781165,100179,100,100055,319,100271,100,99924,319,100314,319,99896,100,100371,319,99892,100,100420,100,99808,200,100445,100,99748,100,100451,100,99586,100,100569,100,99525,100,100779,100,99477,100,101407,100,,
2019-06-28 10:08:22.785942058,100179,100,100055,319,100271,100,99924,319,100314,319,99896,100,100371,319,99892,100,100420,100,99876,100,100445,100,99808,100,100451,100,99748,100,100569,100,99586,100,100779,100,99525,100,101407,100,99477,100
2019-06-28 10:08:30.000000000,100179,210,100055,210,100271,210,99924,210,100314,210,99896,210,100371,210,99892,210,100420,100,99876,100,100445,100,99808,100,100451,100,99748,100,100569,100,99586,100,100779,100,99525,100,101407,100,99477,100
2019-06-28 10:08:37.050161368,100179,210,100055,210,100211,100,99924,210,100271,210,99896,210,100314,210,99892,210,100371,210,99876,100,100420,100,99808,100,100445,100,99748,100,100451,100,99586,100,100569,100,99525,100,100779,100,99477,100
2019-06-28 10:08:39.946040020,100179,210,100055,210,100211,100,99924,210,100271,210,99896,210,100314,310,99892,210,100371,210,99876,100,100420,100,99808,100,100445,100,99748,100,100451,100,99586,100,100569,100,99525,100,100779,100,99477,100
2019-06-28 10:08:40.000000000,100179,538,100055,538,100211,100,99924,100,100271,100,99896,100,100314,200,99892,100,100371,100,99876,100,100420,100,99808,100,100445,100,99748,100,100451,100,99586,100,100569,100,99525,100,100779,100,99477,100
2019-06-28 10:08:50.000000000,100179,210,100055,210,100211,210,99924,210,100271,210,99896,210,100314,310,99892,210,100371,100,99876,100,100420,100,99808,100,100445,100,99748,100,100451,100,99586,100,100569,100,99525,100,100779,100,99477,100
2019-06-28 10:08:51.613708238,100179,210,100157,100,100211,210,100055,210,100271,210,99924,210,100314,310,99896,210,100371,100,99892,210,100420,100,99876,100,100451,100,99808,100,100569,100,99748,100,100779,100,99586,100,101407,100,99525,100
2019-06-28 10:08:57.789158370,100179,110,100157,100,100211,210,100055,210,100271,210,99924,210,100314,310,99896,210,100371,100,99892,210,100420,100,99876,100,100451,100,99808,100,100569,100,99748,100,100779,100,99586,100,101407,100,99525,100
2019-06-28 10:09:00.000000000,100211,538,100157,538,100271,100,100055,100,100314,200,99924,100,100371,100,99896,100,100420,100,99892,100,100451,100,99876,100,100569,100,99808,100,100779,100,99748,100,101407,100,99586,100,101843,100,99525,100
2019-06-28 10:09:10.000000000,100211,249,100157,249,100271,245,100055,245,100314,345,99924,245,100371,100,99896,100,100420,100,99892,100,100451,100,99876,100,100569,100,99808,100,100779,100,99748,100,101407,100,99586,100,101843,100,99525,100
2019-06-28 10:09:13.411403998,100211,249,100157,249,100271,245,100055,245,100314,345,99936,100,100371,100,99924,245,100420,100,99896,100,100451,100,99892,100,100569,100,99876,100,100779,100,99808,100,101407,100,99748,100,101843,100,99586,100
2019-06-28 10:09:20.000000000,100211,538,100157,538,100271,100,100055,100,100314,200,99936,100,100371,100,99924,100,100420,100,99896,100,100451,100,99892,100,100569,100,99876,100,100779,100,99808,100,101407,100,99748,100,101843,100,99586,100
2019-06-28 10:09:30.000000000,100211,249,100157,249,100271,245,100055,245,100314,345,99936,245,100371,100,99924,100,100420,100,99896,100,100451,100,99892,100,100569,100,99876,100,100779,100,99808,100,101407,100,99748,100,101843,100,99586,100
2019-06-28 10:09:40.000000000,100211,210,100157,210,100271,210,100055,210,100314,310,99936,210,100371,210,99924,210,100420,100,99896,100,100451,100,99892,100,100569,100,99876,100,100779,100,99808,100,101407,100,99748,100,101843,100,99586,100
2019-06-28 10:09:43.818275491,100211,110,100157,210,100271,210,100055,210,100314,310,99936,210,100371,210,99924,210,100420,100,99896,100,100451,100,99892,100,100569,100,99876,100,100779,100,99808,100,101407,100,99748,100,101843,100,99586,100
2019-06-28 10:09:50.000000000,100271,319,100157,319,100314,419,100055,319,100371,100,99936,100,100420,100,99924,100,100451,100,99896,100,100569,100,99892,100,100779,100,99876,100,101407,100,99808,100,101843,100,99748,100,,,99586,100
2019-06-28 10:09:54.219134273,100271,319,100157,319,100314,419,100055,219,100371,100,99936,100,100420,100,99924,100,100451,100,99896,100,100569,100,99892,100,100779,100,99876,100,101407,100,99808,100,101843,100,99748,100,,,99586,100
2019-06-28 10:10:00.000000000,100271,210,100157,210,100314,310,99936,210,100371,210,99924,210,100420,210,99896,210,100451,100,99892,100,100569,100,99876,100,100779,100,99808,100,101407,100,99748,100,101843,100,99586,100,,,99525,100
2019-06-28 10:10:09.125880806,100271,210,100157,210,100314,310,99936,210,100323,100,99924,210,100371,210,99896,110,100420,210,99892,100,100451,100,99876,100,100569,100,99808,100,100779,100,99748,100,101407,100,99586,100,101843,100,99525,100
2019-06-28 10:10:10.000000000,100271,319,100157,319,100314,419,99936,319,100323,100,99924,100,100371,100,99892,100,100420,100,99876,100,100451,100,99808,100,100569,100,99748,100,100779,100,99586,100,101407,100,99525,100,101843,100,99477,100
2019-06-28 10:10:18.346086691,100271,219,100157,319,100314,419,99936,319,100323,100,99924,100,100371,100,99892,100,100420,100,99876,100,100451,100,99808,100,100569,100,99748,100,100779,100,99586,100,101407,100,99525,100,101843,100,99477,100
2019-06-28 10:10:20.000000000,100314,638,100157,538,100323,100,99936,100,100371,100,99924,100,100420,100,99892,100,100451,100,99876,100,100569,100,99808,100,100779,100,99748,100,101407,100,99586,100,101843,100,99525,100,,,99477,100
2019-06-28 10:10:22.822056504,100314,638,100157,538,100323,100,99936,100,100371,100,99924,100,100420,100,99892,100,100451,100,99876,100,100467,100,99808,100,100569,100,99748,100,100779,100,99586,100,101407,100,99525,100,101843,100,99477,100
2019-06-28 10:10:30.000000000,100314,638,100157,538,100323,100,99936,100,100371,100,99924,100,100420,100,99892,100,100451,100,99876,100,100467,100,99808,100,100569,100,99748,100,100779,100,99586,100,101407,100,99525,100,101843,100,99477,100
2019-06-28 10:10:40.000000000,100314,310,100157,210,100323,210,99936,210,100371,210,99924,210,100420,210,99892,210,100451,100,99876,100,100467,100,99808,100,100569,100,99748,100,100779,100,99586,100,101407,100,99525,100,101843,100,99477,100
2019-06-28 10:10:44.791458132,100314,310,100157,210,100323,210,99936,210,100371,210,99924,210,100420,210,99892,210,100451,100,99876,100,100467,100,99808,100,100569,100,99748,100,100580,100,99586,100,100779,100,99525,100,101407,100,99477,100
2019-06-28 10:10:50.000000000,100314,419,100157,319,100323,319,99936,319,100371,100,99924,100,100420,100,99892,100,100451,100,99876,100,100467,100,99808,100,100569,100,99748,100,100580,100,99586,100,100779,100,99525,100,101407,100,99477,100
2019-06-28 10:11:00.000000000,100314,310,100157,210,100323,210,99936,210,100371,210,99924,210,100420,210,99892,210,100451,100,99876,100,100467,100,99808,100,100569,100,99748,100,100580,100,99586,100,100779,100,99525,100,101407,100,99477,100
2019-06-28 10:11:10.000000000,100314,349,100157,249,100323,245,99936,245,100371,245,99924,245,100420,100,99892,100,100451,100,99876,100,100467,100,99808,100,100569,100,99748,100,100580,100,99586,100,100779,100,99525,100,101407,100,99477,100
2019-06-28 10:11:20.000000000,100314,419,100157,319,100323,319,99936,319,100371,100,99924,100,100420,100,99892,100,100451,100,99876,100,100467,100,99808,100,100569,100,99748,100,100580,100,99586,100,100779,100,99525,100,101407,100,99477,100
2019-06-28 10:11:30.000000000,100314,288,100157,188,100323,188,99936,188,100371,188,99924,188,100420,188,99892,188,100451,188,99876,188,100467,100,99808,100,100569,100,99748,100,100580,100,99586,100,100779,100,99525,100,101407,100,99477,100
