,ask_price_1,ask_size_1,bid_price_1,bid_size_1,ask_price_2,ask_size_2,bid_price_2,bid_size_2,ask_price_3,ask_size_3,bid_price_3,bid_size_3,ask_price_4,ask_size_4,bid_price_4,bid_size_4,ask_price_5,ask_size_5,bid_price_5,bid_size_5,ask_price_6,ask_size_6,bid_price_6,bid_size_6,ask_price_7,ask_size_7,bid_price_7,bid_size_7,ask_price_8,ask_size_8,bid_price_8,bid_size_8,ask_price_9,ask_size_9,bid_price_9,bid_size_9,ask_price_10,ask_size_10,bid_price_10,bid_size_10
2019-06-28 09:30:00.000000006,100051,100,99890,100,,,,,,,,,,,,,,,,,,,,,,,,,,,,,,,,,,,,
2019-06-28 09:30:00.000000008,100051,100,99890,100,100061,100,,,,,,,,,,,,,,,,,,,,,,,,,,,,,,,,,,
2019-06-28 09:30:00.000000011,100015,100,99890,100,100051,100,,,100061,100,,,,,,,,,,,,,,,,,,,,,,,,,,,,,,
2019-06-28 09:30:00.000000013,100015,100,99890,100,100051,100,,,100054,100,,,100061,100,,,,,,,,,,,,,,,,,,,,,,,,,,
2019-06-28 09:30:00.000000015,99953,100,99890,100,100015,100,,,100051,100,,,100054,100,,,100061,100,,,,,,,,,,,,,,,,,,,,,,
2019-06-28 09:30:00.000000016,99953,100,99950,100,100015,100,99890,100,100051,100,,,100054,100,,,100061,100,,,100126,100,,,,,,,,,,,,,,,,,,
2019-06-28 09:30:00.000000017,100015,100,99950,100,100051,100,99890,100,100054,100,,,100061,100,,,100080,100,,,100126,100,,,,,,,,,,,,,,,,,,
2019-06-28 09:30:00.000000019,100015,100,99950,100,100050,100,99890,100,100051,100,,,100054,100,,,100061,100,,,100069,100,,,100080,100,,,100100,100,,,100126,100,,,,,,
2019-06-28 09:30:00.000000021,100015,100,99972,100,100025,100,99950,100,100050,100,99890,100,100051,100,,,100054,100,,,100061,100,,,100069,100,,,100080,100,,,100100,100,,,100126,100,,
2019-06-28 09:30:00.000000024,100015,100,99972,100,100025,100,99950,100,100050,100,99890,100,100051,100,,,100054,100,,,100061,100,,,100069,100,,,100080,100,,,100100,100,,,100126,100,,
2019-06-28 09:30:00.000000025,100025,100,99972,100,100050,100,99950,100,100051,100,99890,100,100054,100,99870,100,100061,100,,,100069,100,,,100080,100,,,100082,100,,,100100,100,,,100126,100,,
2019-06-28 09:30:00.000000029,100025,100,99972,200,100050,100,99950,100,100051,100,99890,100,100054,100,99870,100,100061,100,,,100069,100,,,100080,100,,,100082,100,,,100100,100,,,100126,100,,
2019-06-28 09:30:00.000000031,100025,100,99972,200,100047,100,99950,100,100050,100,99890,100,100051,100,99870,100,100054,100,,,100061,100,,,100069,100,,,100080,100,,,100082,100,,,100100,100,,
2019-06-28 09:30:00.000000033,100025,100,99972,200,100047,100,99950,100,100050,100,99913,100,100051,100,99890,100,100054,100,99870,100,100061,100,,,100069,100,,,100080,100,,,100082,100,,,100100,100,,
2019-06-28 09:30:00.000000034,100025,100,99972,200,100047,100,99950,100,100050,100,99946,100,100051,100,99913,100,100054,100,99890,100,100061,100,99870,100,100069,100,,,100080,100,,,100082,100,,,100100,100,,
2019-06-28 09:30:00.000000035,100025,100,99972,200,100047,100,99966,100,100050,100,99955,100,100051,100,99950,100,100054,100,99946,100,100061,100,99913,100,100069,100,99890,100,100080,100,99870,100,100082,100,,,100100,100,,
2019-06-28 09:30:00.000000036,100025,100,99972,200,100047,100,99966,100,100050,100,99955,100,100051,100,99953,100,100054,100,99952,100,100061,100,99950,100,100069,100,99946,100,100080,100,99913,100,100082,100,99890,100,100100,100,99870,100
2019-06-28 09:30:00.000000037,100025,100,99972,200,100027,100,99966,100,100047,100,99955,100,100050,100,99953,100,100051,100,99952,100,100054,100,99950,100,100061,100,99946,100,100069,100,99913,100,100080,100,99890,100,100082,100,99870,100
2019-06-28 09:30:00.000000038,100025,100,99972,200,100027,100,99966,100,100047,100,99955,100,100050,100,99953,100,100051,100,99952,100,100054,100,99950,100,100061,100,99946,100,100069,100,99916,100,100080,100,99913,100,100082,100,99890,100
2019-06-28 09:30:00.000000041,100015,100,99977,100,100025,100,99972,200,100027,100,99966,100,100034,100,99955,100,100036,100,99953,100,100047,100,99952,100,100050,100,99950,100,100051,100,99946,100,100054,100,99916,100,100061,100,99913,100
2019-06-28 09:30:00.000000044,100015,200,99977,100,100025,100,99972,200,100027,100,99966,100,100034,100,99955,100,100036,100,99953,100,100047,100,99952,100,100050,100,99950,100,100051,100,99946,100,100054,100,99916,100,100061,100,99913,100
2019-06-28 09:30:00.000000045,100015,200,99977,100,100025,100,99972,200,100027,100,99966,100,100034,100,99955,100,100036,100,99953,200,100047,100,99952,100,100050,100,99950,100,100051,100,99946,100,100054,100,99916,100,100061,100,99913,100
2019-06-28 09:30:00.000000046,100015,200,99977,100,100025,100,99972,200,100027,100,99966,100,100034,100,99955,100,100036,100,99953,200,100047,100,99952,100,100050,100,99950,100,100051,100,99946,100,100054,100,99916,100,100061,100,99913,100
2019-06-28 09:30:00.000000047,100015,200,99977,100,100025,100,99972,200,100027,100,99966,100,100034,100,99955,100,100036,100,99953,200,100047,100,99952,100,100050,100,99950,100,100051,100,99946,100,100054,100,99916,100,100061,100,99913,100
2019-06-28 09:30:00.000000050,100015,200,99977,100,100024,100,99972,200,100025,100,99966,100,100027,100,99955,100,100034,100,99953,200,100036,100,99952,100,100047,100,99950,100,100050,100,99946,100,100051,100,99916,100,100054,100,99913,100
2019-06-28 09:30:00.000000051,100015,200,99977,100,100024,100,99972,200,100025,100,99966,100,100027,100,99955,100,100034,100,99953,200,100036,100,99952,100,100040,100,99950,100,100047,100,99946,100,100050,100,99916,100,100051,100,99913,100
2019-06-28 09:30:00.000000052,100015,200,99977,100,100024,100,99972,200,100025,100,99966,100,100027,100,99955,100,100034,100,99953,300,100036,100,99952,100,100040,100,99950,100,100047,100,99946,100,100050,100,99916,100,100051,100,99913,100
2019-06-28 09:30:00.000000057,100015,200,99977,100,100024,100,99972,200,100025,100,99966,100,100027,100,99955,100,100034,100,99953,300,100036,100,99952,100,100040,100,99950,100,100047,100,99946,100,100050,100,99916,100,100051,100,99913,100
2019-06-28 09:30:00.000000060,100015,200,99977,100,100024,100,99972,200,100025,100,99966,100,100027,100,99955,100,100034,100,99953,300,100036,100,99952,100,100040,100,99950,100,100047,100,99946,100,100050,100,99916,100,100051,100,99913,100
2019-06-28 09:30:00.000000063,100015,200,99989,100,100024,100,99977,100,100025,100,99973,100,100027,100,99972,200,100034,100,99966,100,100036,100,99955,100,100040,100,99953,300,100047,100,99952,100,100050,100,99950,100,100051,100,99946,100
2019-06-28 09:30:00.000000064,100015,200,99989,100,100024,100,99977,100,100025,100,99973,100,100027,100,99972,200,100034,100,99966,100,100036,100,99955,100,100040,100,99953,300,100047,100,99952,100,100050,100,99950,100,100051,100,99946,100
2019-06-28 09:30:00.000000065,100015,200,99989,100,100024,100,99977,100,100025,100,99973,100,100027,100,99972,200,100034,100,99966,100,100036,100,99955,100,100040,100,99953,300,100047,100,99952,100,100050,100,99950,100,100051,100,99946,100
2019-06-28 09:30:00.000000067,100015,200,99989,100,100024,100,99977,100,100025,100,99973,100,100027,100,99972,200,100034,100,99966,100,100036,100,99955,100,100040,100,99953,300,100047,100,99952,100,100050,100,99950,100,100051,100,99946,100
2019-06-28 09:30:00.000000071,100015,300,99989,100,100024,100,99977,100,100025,100,99973,100,100027,100,99972,200,100034,100,99966,100,100036,100,99955,100,100040,100,99953,300,100047,100,99952,100,100050,100,99950,100,100051,100,99946,100
2019-06-28 09:30:00.000000072,100013,100,99989,100,100015,300,99977,100,100024,100,99973,100,100025,100,99972,200,100027,100,99966,100,100034,100,99955,100,100036,100,99953,300,100040,100,99952,100,100047,100,99950,100,100050,100,99946,100
2019-06-28 09:30:00.000000074,100013,100,99989,100,100015,300,99977,100,100024,100,99973,100,100025,100,99972,200,100027,100,99966,100,100034,100,99955,100,100036,100,99953,400,100040,100,99952,100,100047,100,99950,100,100050,100,99946,100
2019-06-28 09:30:00.000000077,100013,100,99996,100,100015,300,99989,100,100024,100,99977,100,100025,100,99973,100,100027,100,99972,200,100034,100,99966,100,100036,100,99955,100,100040,100,99953,400,100047,100,99952,100,100050,100,99950,100
2019-06-28 09:30:00.000000080,100013,100,99996,100,100015,300,99989,100,100024,100,99977,100,100025,100,99973,100,100027,100,99972,200,100034,100,99966,100,100036,100,99955,100,100040,100,99953,400,100047,100,99952,100,100050,100,99950,100
2019-06-28 09:30:00.000000081,100013,100,99996,100,100015,300,99989,100,100024,100,99977,100,100025,100,99973,100,100027,100,99972,200,100034,100,99966,100,100036,100,99955,100,100040,100,99953,400,100047,100,99952,100,100050,100,99950,100
2019-06-28 09:30:00.000000083,100013,100,99996,100,100015,300,99989,100,100024,100,99977,100,100025,100,99973,100,100027,100,99972,200,100034,100,99966,100,100036,100,99955,100,100040,100,99953,500,100047,100,99952,100,100050,100,99950,100
2019-06-28 09:30:00.000000084,100013,100,99996,100,100015,300,99989,100,100024,100,99977,100,100025,100,99973,100,100027,200,99972,200,100034,100,99966,100,100036,100,99959,100,100040,100,99955,100,100047,100,99953,500,100050,100,99952,100
2019-06-28 09:30:00.000000085,100013,100,99996,100,100015,300,99989,100,100024,100,99977,100,100025,100,99973,100,100027,200,99972,200,100034,100,99966,100,100036,100,99959,100,100040,100,99955,100,100047,100,99953,500,100050,100,99952,100
2019-06-28 09:30:00.000000087,100013,100,99996,100,100015,300,99989,100,100024,100,99977,100,100025,100,99973,100,100027,200,99972,200,100034,100,99966,100,100036,100,99959,100,100040,100,99955,100,100047,100,99953,500,100050,100,99952,100
2019-06-28 09:30:00.000000091,99998,100,99996,100,100013,100,99989,100,100015,300,99977,100,100024,100,99973,100,100025,100,99972,200,100027,200,99966,100,100034,100,99959,100,100036,100,99955,100,100040,100,99953,500,100047,100,99952,100
2019-06-28 09:30:00.000000093,100013,100,99996,100,100015,300,99989,100,100024,100,99977,100,100025,100,99973,100,100027,200,99972,200,100034,100,99966,100,100036,100,99959,100,100040,100,99955,100,100047,100,99953,500,100050,100,99952,100
2019-06-28 09:30:00.000000095,100012,100,99996,100,100013,100,99989,100,100015,300,99977,100,100024,100,99973,100,100025,100,99972,200,100027,200,99966,100,100034,100,99959,100,100036,100,99955,100,100040,100,99953,500,100047,100,99952,100
2019-06-28 09:30:00.000000096,100012,100,99998,100,100013,100,99996,100,100015,300,99989,100,100024,100,99977,100,100025,100,99973,100,100027,200,99972,200,100034,100,99966,100,100036,100,99959,100,100040,100,99955,100,100047,100,99953,500
2019-06-28 09:30:10.000000000,100012,224,99998,224,100013,224,99996,224,100015,424,99989,224,100024,224,99977,224,100025,100,99973,100,100027,200,99972,200,100034,100,99966,100,100036,100,99959,100,100040,100,99955,100,100047,100,99953,500
2019-06-28 09:30:16.907632879,100012,224,99998,224,100013,224,99996,224,100015,424,99989,224,100024,224,99977,224,100025,100,99973,100,100027,200,99972,200,100034,100,99966,100,100036,100,99959,100,100040,100,99955,100,100047,100,99953,500
2019-06-28 09:30:20.000000000,100012,596,99998,596,100013,100,99996,100,100015,300,99989,100,100024,100,99977,100,100025,100,99973,100,100027,200,99972,200,100034,100,99966,100,100036,100,99959,100,100040,100,99955,100,100047,100,99953,500
2019-06-28 09:30:26.428694475,100012,596,99998,696,100013,100,99996,100,100015,200,99989,100,100024,100,99977,100,100025,100,99973,100,100027,200,99972,200,100034,100,99966,100,100036,100,99959,100,100040,100,99955,100,100047,100,99953,500
2019-06-28 09:30:30.000000000,100012,199,99998,299,100013,199,99996,199,100015,299,99989,199,100024,199,99977,199,100025,199,99973,199,100027,200,99972,200,100034,100,99966,100,100036,100,99959,100,100040,100,99955,100,100047,100,99953,500
2019-06-28 09:30:40.000000000,100012,596,99998,696,100013,100,99996,100,100015,200,99989,100,100024,100,99977,100,100025,100,99973,100,100027,200,99972,200,100034,100,99966,100,100036,100,99959,100,100040,100,99955,100,100047,100,99953,500
2019-06-28 09:30:50.000000000,100012,224,99998,324,100013,224,99996,224,100015,324,99989,224,100024,224,99977,224,100025,100,99973,100,100027,200,99972,200,100034,100,99966,100,100036,100,99959,100,100040,100,99955,100,100047,100,99953,500
2019-06-28 09:30:52.641793454,100012,124,99998,324,100013,224,99996,224,100015,324,99989,224,100024,224,99977,224,100025,100,99973,100,100027,200,99972,200,100034,100,99966,100,100036,100,99959,100,100047,100,99955,100,100050,100,99953,500
2019-06-28 09:31:00.000000000,100013,199,99998,299,100015,299,99996,199,100024,199,99989,199,100025,199,99977,199,100027,299,99973,199,100034,100,99972,200,100036,100,99966,100,100047,100,99959,100,100050,100,99955,100,100051,100,99953,500
2019-06-28 09:31:09.874891061,100013,199,99998,299,100015,299,99996,199,100024,199,99989,199,100025,199,99977,199,100027,299,99973,199,100034,100,99972,200,100036,100,99966,100,100047,100,99959,100,100050,100,99955,100,100051,100,99953,500
2019-06-28 09:31:10.000000000,100013,199,99998,299,100015,299,99996,199,100024,199,99989,199,100025,199,99977,199,100027,299,99973,199,100034,100,99972,200,100036,100,99966,100,100047,100,99959,100,100050,100,99955,100,100051,100,99953,500
2019-06-28 09:31:12.364041408,100013,199,99998,299,100015,299,99996,199,100024,199,99989,199,100025,199,99977,199,100027,299,99973,199,100034,100,99972,200,100036,100,99966,100,100047,100,99959,100,100050,100,99955,100,100051,100,99953,500
2019-06-28 09:31:20.000000000,100013,348,99998,448,100015,448,99996,348,100024,100,99989,100,100025,100,99977,100,100027,200,99973,100,100034,100,99972,200,100036,100,99966,100,100047,100,99959,100,100050,100,99955,100,100051,100,99953,500
2019-06-28 09:31:25.729366278,100013,348,99999,100,100015,348,99998,448,100024,100,99996,348,100025,100,99989,100,100027,200,99977,100,100034,100,99973,100,100036,100,99972,200,100047,100,99966,100,100050,100,99959,100,100051,100,99955,100
2019-06-28 09:31:30.000000000,100013,224,99999,224,100015,224,99998,324,100024,224,99996,224,100025,224,99989,224,100027,200,99977,100,100034,100,99973,100,100036,100,99972,200,100047,100,99966,100,100050,100,99959,100,100051,100,99955,100
2019-06-28 09:31:34.424830230,100013,224,99999,224,100015,224,99998,324,100024,224,99996,224,100025,224,99989,224,100027,200,99977,100,100034,100,99973,100,100036,100,99972,200,100047,100,99966,100,100050,100,99959,100,100051,100,99955,100
2019-06-28 09:31:40.000000000,100013,269,99999,269,100015,264,99998,364,100024,264,99996,264,100025,100,99989,100,100027,200,99977,100,100034,100,99973,100,100036,100,99972,200,100047,100,99966,100,100050,100,99959,100,100051,100,99955,100
2019-06-28 09:31:41.930369274,100013,169,99999,269,100015,264,99998,364,100024,264,99996,264,100025,100,99989,100,100027,200,99977,100,100034,100,99973,100,100036,100,99972,100,100047,100,99966,100,100050,100,99959,100,100051,100,99955,100
2019-06-28 09:31:44.262687233,100011,100,99999,269,100013,169,99998,364,100015,264,99996,264,100024,264,99989,100,100025,100,99977,100,100027,200,99973,100,100034,100,99972,100,100036,100,99966,100,100047,100,99959,100,100050,100,99955,100
2019-06-28 09:31:50.000000000,100011,199,99999,199,100015,199,99998,299,100024,199,99996,199,100025,199,99989,199,100027,299,99977,199,100034,100,99973,100,100036,100,99972,100,100047,100,99966,100,100050,100,99959,100,100051,100,99955,100
2019-06-28 09:31:51.835597984,100011,199,99999,199,100015,199,99998,299,100024,199,99996,199,100025,199,99989,199,100027,299,99977,199,100034,100,99973,100,100036,100,99972,100,100047,100,99966,100,100050,100,99959,100,100051,100,99955,100
2019-06-28 09:32:00.000000000,100011,224,99999,224,100015,224,99998,324,100024,224,99996,224,100025,224,99989,224,100027,200,99977,100,100034,100,99973,100,100036,100,99972,100,100047,100,99966,100,100050,100,99959,100,100051,100,99955,100
2019-06-28 09:32:10.000000000,100011,269,99999,269,100015,264,99998,364,100024,264,99996,264,100025,100,99989,100,100027,200,99977,100,100034,100,99973,100,100036,100,99972,100,100047,100,99966,100,100050,100,99959,100,100051,100,99955,100
2019-06-28 09:32:10.523514560,100011,269,99999,269,100015,264,99998,364,100024,264,99996,264,100025,100,99989,100,100027,200,99977,100,100034,100,99973,100,100036,100,99972,100,100047,100,99971,100,100050,100,99966,100,100051,100,99959,100
2019-06-28 09:32:13.816073359,100011,269,99999,269,100015,264,99998,364,100024,264,99996,264,100025,100,99989,100,100027,200,99977,100,100034,100,99973,100,100036,100,99972,100,100047,100,99971,100,100050,100,99966,100,100051,100,99959,100
2019-06-28 09:32:20.000000000,100011,596,99999,596,100015,100,99998,200,100024,100,99996,100,100025,100,99989,100,100027,200,99977,100,100034,100,99973,100,100036,100,99972,100,100047,100,99971,100,100050,100,99966,100,100051,100,99959,100
2019-06-28 09:32:30.000000000,100011,224,99999,224,100015,224,99998,324,100024,224,99996,224,100025,224,99989,224,100027,200,99977,100,100034,100,99973,100,100036,100,99972,100,100047,100,99971,100,100050,100,99966,100,100051,100,99959,100
2019-06-28 09:32:38.984611107,100011,224,99999,224,100012,100,99998,324,100015,224,99996,224,100024,224,99989,224,100025,224,99977,100,100027,200,99973,100,100034,100,99972,100,100036,100,99971,100,100047,100,99966,100,100050,100,99959,100
2019-06-28 09:32:40.000000000,100011,348,99999,348,100012,348,99998,448,100015,100,99996,100,100024,100,99989,100,100025,100,99977,100,100027,200,99973,100,100034,100,99972,100,100036,100,99971,100,100047,100,99966,100,100050,100,99959,100
2019-06-28 09:32:50.000000000,100011,348,99999,348,100012,348,99998,448,100015,100,99996,100,100024,100,99989,100,100025,100,99977,100,100027,200,99973,100,100034,100,99972,100,100036,100,99971,100,100047,100,99966,100,100050,100,99959,100
2019-06-28 09:33:00.000000000,100011,348,99999,348,100012,348,99998,448,100015,100,99996,100,100024,100,99989,100,100025,100,99977,100,100027,200,99973,100,100034,100,99972,100,100036,100,99971,100,100047,100,99966,100,100050,100,99959,100
2019-06-28 09:33:10.000000000,100011,348,99999,348,100012,348,99998,448,100015,100,99996,100,100024,100,99989,100,100025,100,99977,100,100027,200,99973,100,100034,100,99972,100,100036,100,99971,100,100047,100,99966,100,100050,100,99959,100
2019-06-28 09:33:11.564896151,100011,348,99999,348,100012,348,99998,448,100015,100,99996,100,100024,100,99989,100,100025,100,99977,100,100027,200,99973,100,100034,100,99972,100,100036,100,99971,100,100047,100,99966,100,100050,100,99959,100
2019-06-28 09:33:20.000000000,100011,269,99999,269,100012,264,99998,364,100015,264,99996,264,100024,100,99989,100,100025,100,99977,100,100027,200,99973,100,100034,100,99972,100,100036,100,99971,100,100047,100,99966,100,100050,100,99959,100
2019-06-28 09:33:24.078583122,100011,269,99999,269,100012,264,99998,364,100015,264,99996,264,100024,100,99989,100,100025,100,99977,100,100027,200,99973,100,100034,100,99972,100,100036,100,99971,100,100047,100,99966,100,100050,100,99959,100
2019-06-28 09:33:26.532467471,100011,169,99999,269,100012,264,99998,364,100015,264,99996,264,100024,100,99989,100,100025,100,99977,100,100027,200,99973,100,100034,100,99972,100,100036,100,99971,100,100047,100,99966,100,100050,100,99959,100
2019-06-28 09:33:30.000000000,100012,269,99999,269,100015,264,99998,364,100024,264,99996,264,100025,100,99989,100,100027,200,99977,100,100034,100,99973,100,100036,100,99972,100,100047,100,99971,100,100050,100,99966,100,100051,100,99959,100
2019-06-28 09:33:34.357134769,100012,169,99999,269,100015,264,99998,364,100024,264,99996,264,100025,100,99989,100,100027,200,99973,100,100034,100,99972,100,100036,100,99971,100,100047,100,99966,100,100050,100,99959,100,100051,100,99955,100
2019-06-28 09:33:40.000000000,100015,596,99999,596,100024,100,99998,200,100025,100,99996,100,100027,200,99989,100,100034,100,99973,100,100036,100,99972,100,100047,100,99971,100,100050,100,99966,100,100051,100,99959,100,100054,100,99955,100
2019-06-28 09:33:40.415843021,100015,596,99999,596,100024,100,99998,200,100025,100,99996,100,100027,200,99989,100,100034,100,99973,100,100036,100,99972,100,100047,100,99971,100,100050,100,99966,100,100051,100,99959,100,100054,100,99955,100
2019-06-28 09:33:50.000000000,100015,596,99999,596,100024,100,99998,200,100025,100,99996,100,100027,200,99989,100,100034,100,99973,100,100036,100,99972,100,100047,100,99971,100,100050,100,99966,100,100051,100,99959,100,100054,100,99955,100
2019-06-28 09:33:58.908302453,100015,596,99999,596,100024,100,99998,200,100025,100,99996,100,100027,200,99989,100,100034,100,99973,100,100036,100,99972,100,100047,100,99971,100,100050,100,99966,100,100051,100,99959,100,100054,100,99955,100
2019-06-28 09:34:00.000000000,100015,269,99999,269,100024,264,99998,364,100025,264,99996,264,100027,200,99989,100,100034,100,99973,100,100036,100,99972,100,100047,100,99971,100,100050,100,99966,100,100051,100,99959,100,100054,100,99955,100
2019-06-28 09:34:02.701579223,100015,269,99999,269,100024,264,99998,364,100025,264,99996,264,100027,200,99989,100,100034,100,99973,100,100036,100,99972,100,100047,100,99971,100,100050,100,99966,100,100051,100,99959,100,100054,100,99955,100
2019-06-28 09:34:02.989273919,100015,269,99999,269,100024,264,99998,364,100025,264,99996,264,100027,200,99989,100,100034,100,99973,100,100036,100,99972,100,100047,100,99971,100,100050,100,99966,100,100051,100,99959,100,100054,100,99955,100
2019-06-28 09:34:10.000000000,100015,199,99999,199,100024,199,99998,299,100025,199,99996,199,100027,299,99989,199,100034,199,99973,199,100036,100,99972,100,100047,100,99971,100,100050,100,99966,100,100051,100,99959,100,100054,100,99955,100
2019-06-28 09:34:20.000000000,100015,269,99999,269,100024,264,99998,364,100025,264,99996,264,100027,200,99989,100,100034,100,99973,100,100036,100,99972,100,100047,100,99971,100,100050,100,99966,100,100051,100,99959,100,100054,100,99955,100
2019-06-28 09:34:21.010948170,100015,169,99999,269,100024,264,99998,364,100025,264,99996,264,100027,200,99989,100,100034,100,99973,100,100036,100,99972,100,100047,100,99971,100,100050,100,99966,100,100051,100,99959,100,100054,100,99955,100
2019-06-28 09:34:28.120732664,100015,169,100012,100,100024,264,99999,269,100025,264,99998,364,100027,200,99996,264,100034,100,99989,100,100036,100,99973,100,100047,100,99972,100,100050,100,99971,100,100051,100,99966,100,100054,100,99959,100
2019-06-28 09:34:30.000000000,100024,269,100012,269,100025,264,99999,264,100027,364,99998,364,100034,100,99996,100,100036,100,99989,100,100047,100,99973,100,100050,100,99972,100,100051,100,99971,100,100054,100,99966,100,100061,100,99959,100
2019-06-28 09:34:31.138331483,100024,169,100012,269,100025,264,99999,264,100027,364,99998,364,100034,100,99996,100,100036,100,99989,100,100047,100,99973,100,100050,100,99972,100,100051,100,99971,100,100054,100,99966,100,100061,100,99959,100
2019-06-28 09:34:40.000000000,100025,596,100012,596,100027,200,99999,100,100034,100,99998,200,100036,100,99996,100,100047,100,99989,100,100050,100,99973,100,100051,100,99972,100,100054,100,99971,100,100061,100,99966,100,100064,100,99959,100
2019-06-28 09:34:50.000000000,100025,224,100012,224,100027,324,99999,224,100034,224,99998,324,100036,224,99996,224,100047,100,99989,100,100050,100,99973,100,100051,100,99972,100,100054,100,99971,100,100061,100,99966,100,100064,100,99959,100
2019-06-28 09:35:00.000000000,100025,199,100012,199,100027,299,99999,199,100034,199,99998,299,100036,199,99996,199,100047,199,99989,199,100050,100,99973,100,100051,100,99972,100,100054,100,99971,100,100061,100,99966,100,100064,100,99959,100
2019-06-28 09:35:01.162118766,100025,199,100012,199,100027,299,99999,199,100034,199,99998,299,100036,199,99996,199,100047,199,99989,199,100050,100,99973,100,100051,100,99972,100,100054,100,99971,100,100061,100,99966,100,100064,100,99959,100
2019-06-28 09:35:04.075406779,100025,199,100012,199,100027,299,99999,199,100034,199,99998,199,100036,199,99996,199,100047,199,99989,199,100050,100,99973,100,100051,100,99972,100,100054,100,99971,100,100061,100,99966,100,100064,100,99959,100
2019-06-28 09:35:10.000000000,100025,596,100012,596,100027,200,99999,100,100034,100,99998,100,100036,100,99996,100,100047,100,99989,100,100050,100,99973,100,100051,100,99972,100,100054,100,99971,100,100061,100,99966,100,100064,100,99959,100
2019-06-28 09:35:20.000000000,100025,348,100012,348,100027,448,99999,348,100034,100,99998,100,100036,100,99996,100,100047,100,99989,100,100050,100,99973,100,100051,100,99972,100,100054,100,99971,100,100061,100,99966,100,100064,100,99959,100
2019-06-28 09:35:23.004692269,100025,348,100015,100,100027,448,100012,348,100034,100,99999,348,100036,100,99998,100,100047,100,99996,100,100050,100,99989,100,100051,100,99973,100,100054,100,99972,100,100061,100,99971,100,100064,100,99966,100
2019-06-28 09:35:30.000000000,100025,199,100015,199,100027,299,100012,199,100034,199,99999,199,100036,199,99998,199,100047,199,99996,199,100050,100,99989,100,100051,100,99973,100,100054,100,99972,100,100061,100,99971,100,100064,100,99966,100
2019-06-28 09:35:35.606390845,100025,199,100015,199,100027,299,100012,199,100034,199,99999,199,100036,199,99998,199,100047,199,99996,199,100050,100,99989,100,100051,100,99973,100,100054,100,99972,100,100061,100,99971,100,100064,100,99966,100
2019-06-28 09:35:40.000000000,100025,596,100015,596,100027,200,100012,100,100034,100,99999,100,100036,100,99998,100,100047,100,99996,100,100050,100,99989,100,100051,100,99973,100,100054,100,99972,100,100061,100,99971,100,100064,100,99966,100
2019-06-28 09:35:42.728559417,100025,596,100015,596,100027,200,99999,100,100034,100,99998,100,100036,100,99996,100,100047,100,99989,100,100050,100,99973,100,100051,100,99972,100,100054,100,99971,100,100061,100,99966,100,100064,100,99959,100
2019-06-28 09:35:50.000000000,100025,348,100015,348,100027,448,99999,348,100034,100,99998,100,100036,100,99996,100,100047,100,99989,100,100050,100,99973,100,100051,100,99972,100,100054,100,99971,100,100061,100,99966,100,100064,100,99959,100
2019-06-28 09:36:00.000000000,100025,348,100015,348,100027,448,99999,348,100034,100,99998,100,100036,100,99996,100,100047,100,99989,100,100050,100,99973,100,100051,100,99972,100,100054,100,99971,100,100061,100,99966,100,100064,100,99959,100
2019-06-28 09:36:05.059397710,100025,348,100015,348,100027,448,99999,348,100034,100,99998,100,100036,100,99996,100,100047,100,99989,100,100050,100,99973,100,100051,100,99972,100,100054,100,99971,100,100061,100,99966,100,100064,100,99959,100
2019-06-28 09:36:05.393920890,100025,248,100015,348,100027,448,99999,348,100034,100,99998,100,100036,100,99996,100,100047,100,99989,100,100050,100,99973,100,100051,100,99972,100,100054,100,99971,100,100061,100,99966,100,100064,100,99959,100
2019-06-28 09:36:10.000000000,100027,369,100015,269,100034,264,99999,264,100036,264,99998,264,100047,100,99996,100,100050,100,99989,100,100051,100,99973,100,100054,100,99972,100,100061,100,99971,100,100064,100,99966,100,100069,100,99959,100
2019-06-28 09:36:20.000000000,100027,369,100015,269,100034,264,99999,264,100036,264,99998,264,100047,100,99996,100,100050,100,99989,100,100051,100,99973,100,100054,100,99972,100,100061,100,99971,100,100064,100,99966,100,100069,100,99959,100
2019-06-28 09:36:23.593603898,100027,369,100024,100,100034,264,100015,269,100036,264,99999,264,100047,100,99998,264,100050,100,99996,100,100051,100,99989,100,100054,100,99973,100,100061,100,99972,100,100064,100,99971,100,100080,100,99966,100
2019-06-28 09:36:29.151955803,100027,369,100024,100,100034,264,100015,269,100036,264,99999,264,100047,100,99998,264,100050,100,99996,100,100051,100,99989,100,100054,100,99973,100,100061,100,99972,100,100064,100,99971,100,100080,100,99966,100
2019-06-28 09:36:30.000000000,100027,448,100024,348,100034,348,100015,348,100036,100,99999,100,100047,100,99998,100,100050,100,99996,100,100051,100,99989,100,100054,100,99973,100,100061,100,99972,100,100064,100,99971,100,100080,100,99966,100
2019-06-28 09:36:31.037119490,100027,348,100024,348,100034,348,100015,348,100036,100,99999,100,100047,100,99998,100,100050,100,99996,100,100051,100,99989,100,100054,100,99973,100,100061,100,99972,100,100064,100,99971,100,100080,100,99966,100
2019-06-28 09:36:34.743340677,100027,348,100024,348,100034,348,100015,348,100036,100,99999,100,100047,100,99998,100,100050,100,99996,100,100051,100,99989,100,100054,100,99973,100,100061,100,99972,100,100064,100,99971,100,100080,100,99966,100
2019-06-28 09:36:40.000000000,100027,348,100024,348,100034,348,100015,348,100036,100,99999,100,100047,100,99998,100,100050,100,99996,100,100051,100,99989,100,100054,100,99973,100,100061,100,99972,100,100064,100,99971,100,100080,100,99966,100
2019-06-28 09:36:43.853689603,100027,348,100024,348,100034,348,100015,348,100036,100,99999,100,100047,100,99998,100,100050,100,99996,100,100051,100,99989,100,100054,100,99973,100,100061,100,99971,100,100064,100,99966,100,100080,100,99959,100
2019-06-28 09:36:50.000000000,100027,199,100024,199,100034,199,100015,199,100036,199,99999,199,100047,199,99998,199,100050,199,99996,199,100051,100,99989,100,100054,100,99973,100,100061,100,99971,100,100064,100,99966,100,100080,100,99959,100
2019-06-28 09:37:00.000000000,100027,199,100024,199,100034,199,100015,199,100036,199,99999,199,100047,199,99998,199,100050,199,99996,199,100051,100,99989,100,100054,100,99973,100,100061,100,99971,100,100064,100,99966,100,100080,100,99959,100
2019-06-28 09:37:10.000000000,100027,348,100024,348,100034,348,100015,348,100036,100,99999,100,100047,100,99998,100,100050,100,99996,100,100051,100,99989,100,100054,100,99973,100,100061,100,99971,100,100064,100,99966,100,100080,100,99959,100
2019-06-28 09:37:20.000000000,100027,348,100024,348,100034,348,100015,348,100036,100,99999,100,100047,100,99998,100,100050,100,99996,100,100051,100,99989,100,100054,100,99973,100,100061,100,99971,100,100064,100,99966,100,100080,100,99959,100
2019-06-28 09:37:29.180264475,100027,248,100024,348,100034,348,100015,348,100036,100,99999,100,100047,100,99998,100,100050,100,99996,100,100051,100,99989,100,100054,100,99973,100,100061,100,99971,100,100064,100,99966,100,100080,100,99959,100
2019-06-28 09:37:30.000000000,100034,199,100024,199,100036,199,100015,199,100047,199,99999,199,100050,199,99998,199,100051,199,99996,199,100054,100,99989,100,100061,100,99973,100,100064,100,99971,100,100080,100,99966,100,100082,100,99959,100
2019-06-28 09:37:40.000000000,100034,199,100024,199,100036,199,100015,199,100047,199,99999,199,100050,199,99998,199,100051,199,99996,199,100054,100,99989,100,100061,100,99973,100,100064,100,99971,100,100080,100,99966,100,100082,100,99959,100
2019-06-28 09:37:50.000000000,100034,199,100024,199,100036,199,100015,199,100047,199,99999,199,100050,199,99998,199,100051,199,99996,199,100054,100,99989,100,100061,100,99973,100,100064,100,99971,100,100080,100,99966,100,100082,100,99959,100
2019-06-28 09:37:54.008388659,100034,99,100024,199,100036,199,100015,199,100047,199,99999,199,100050,199,99998,199,100051,199,99996,199,100054,100,99989,100,100061,100,99973,100,100064,100,99971,100,100080,100,99966,100,100082,100,99959,100
2019-06-28 09:37:54.399116145,100034,99,100024,199,100036,199,100015,199,100047,199,99999,199,100050,199,99998,199,100051,199,99996,199,100054,100,99989,100,100061,100,99973,100,100064,100,99971,100,100082,100,99966,100,100091,100,99959,100
2019-06-28 09:37:55.610618986,100034,99,100024,199,100036,99,100015,199,100047,199,99999,199,100050,199,99998,199,100051,199,99996,199,100054,100,99989,100,100061,100,99973,100,100064,100,99971,100,100082,100,99966,100,100091,100,99959,100
2019-06-28 09:38:00.000000000,100047,348,100024,348,100050,348,100015,348,100051,100,99999,100,100054,100,99998,100,100061,100,99996,100,100064,100,99989,100,100082,100,99973,100,100091,100,99971,100,100119,100,99966,100,100126,100,99959,100
2019-06-28 09:38:10.000000000,100047,199,100024,199,100050,199,100015,199,100051,199,99999,199,100054,199,99998,199,100061,199,99996,199,100064,100,99989,100,100082,100,99973,100,100091,100,99971,100,100119,100,99966,100,100126,100,99959,100
2019-06-28 09:38:20.000000000,100047,269,100024,269,100050,264,100015,264,100051,264,99999,264,100054,100,99998,100,100061,100,99996,100,100064,100,99989,100,100082,100,99973,100,100091,100,99971,100,100119,100,99966,100,100126,100,99959,100
2019-06-28 09:38:30.000000000,100047,224,100024,224,100050,224,100015,224,100051,224,99999,224,100054,224,99998,224,100061,100,99996,100,100064,100,99989,100,100082,100,99973,100,100091,100,99971,100,100119,100,99966,100,100126,100,99959,100
2019-06-28 09:38:31.247859197,100047,124,100024,224,100050,224,100015,224,100051,224,99999,224,100054,224,99998,224,100061,100,99996,100,100064,100,99989,100,100082,100,99973,100,100091,100,99971,100,100119,100,99966,100,100126,100,99959,100
2019-06-28 09:38:40.000000000,100050,269,100024,269,100051,264,100015,264,100054,264,99999,264,100061,100,99998,100,100064,100,99996,100,100082,100,99989,100,100091,100,99973,100,100119,100,99971,100,100126,100,99966,100,100161,100,99959,100
2019-06-28 09:38:50.000000000,100050,348,100024,348,100051,348,100015,348,100054,100,99999,100,100061,100,99998,100,100064,100,99996,100,100082,100,99989,100,100091,100,99973,100,100119,100,99971,100,100126,100,99966,100,100161,100,99959,100
2019-06-28 09:38:58.166040728,100050,248,100024,348,100051,348,100015,348,100054,100,99999,100,100061,100,99998,100,100064,100,99996,100,100082,100,99989,100,100091,100,99973,100,100119,100,99971,100,100126,100,99966,100,100161,100,99959,100
2019-06-28 09:39:00.000000000,100051,199,100024,199,100054,199,100015,199,100061,199,99999,199,100064,199,99998,199,100082,199,99996,199,100091,100,99989,100,100119,100,99973,100,100126,100,99971,100,100161,100,99966,100,100164,100,99959,100
2019-06-28 09:39:10.000000000,100051,348,100024,348,100054,348,100015,348,100061,100,99999,100,100064,100,99998,100,100082,100,99996,100,100091,100,99989,100,100119,100,99973,100,100126,100,99971,100,100161,100,99966,100,100164,100,99959,100
2019-06-28 09:39:20.000000000,100051,596,100024,596,100054,100,100015,100,100061,100,99999,100,100064,100,99998,100,100082,100,99996,100,100091,100,99989,100,100119,100,99973,100,100126,100,99971,100,100161,100,99966,100,100164,100,99959,100
2019-06-28 09:39:30.000000000,100051,348,100024,348,100054,348,100015,348,100061,100,99999,100,100064,100,99998,100,100082,100,99996,100,100091,100,99989,100,100119,100,99973,100,100126,100,99971,100,100161,100,99966,100,100164,100,99959,100
2019-06-28 09:39:30.996198196,100051,248,100024,348,100054,348,100015,348,100061,100,99999,100,100064,100,99998,100,100082,100,99996,100,100091,100,99989,100,100119,100,99973,100,100126,100,99971,100,100161,100,99966,100,100164,100,99959,100
2019-06-28 09:39:38.545691271,100051,248,100024,348,100054,348,100015,348,100061,100,99999,100,100064,100,99998,100,100082,100,99996,100,100091,100,99989,100,100119,100,99973,100,100126,100,99971,100,100161,100,99966,100,100164,100,99959,100
2019-06-28 09:39:40.000000000,100054,348,100024,348,100061,348,100015,348,100064,100,99999,100,100082,100,99998,100,100091,100,99996,100,100119,100,99989,100,100126,100,99973,100,100161,100,99971,100,100164,100,99966,100,100206,200,99959,100
2019-06-28 09:39:50.000000000,100054,348,100024,348,100061,348,100015,348,100064,100,99999,100,100082,100,99998,100,100091,100,99996,100,100119,100,99989,100,100126,100,99973,100,100161,100,99971,100,100164,100,99966,100,100206,200,99959,100
2019-06-28 09:40:00.000000000,100054,199,100024,199,100061,199,100015,199,100064,199,99999,199,100082,199,99998,199,100091,199,99996,199,100119,100,99989,100,100126,100,99973,100,100161,100,99971,100,100164,100,99966,100,100206,200,99959,100
2019-06-28 09:40:04.598381551,100054,199,100024,199,100061,199,100015,99,100064,199,99999,199,100082,199,99998,199,100091,199,99996,199,100119,100,99989,100,100126,100,99973,100,100161,100,99971,100,100164,100,99966,100,100206,200,99959,100
2019-06-28 09:40:10.000000000,100054,348,100024,348,100061,348,99999,348,100064,100,99998,100,100082,100,99996,100,100091,100,99989,100,100119,100,99973,100,100126,100,99971,100,100161,100,99966,100,100164,100,99959,100,100206,200,99953,200
2019-06-28 09:40:16.119123385,100054,348,100024,348,100061,348,99999,348,100064,100,99998,100,100082,100,99996,100,100091,100,99989,100,100119,100,99973,100,100126,100,99971,100,100161,100,99966,100,100164,100,99959,100,100206,200,99953,200
2019-06-28 09:40:20.000000000,100054,596,100024,596,100061,100,99999,100,100064,100,99998,100,100082,100,99996,100,100091,100,99989,100,100119,100,99973,100,100126,100,99971,100,100161,100,99966,100,100164,100,99959,100,100206,200,99953,200
2019-06-28 09:40:30.000000000,100054,348,100024,348,100061,348,99999,348,100064,100,99998,100,100082,100,99996,100,100091,100,99989,100,100119,100,99973,100,100126,100,99971,100,100161,100,99966,100,100164,100,99959,100,100206,200,99953,200
2019-06-28 09:40:40.000000000,100054,348,100024,348,100061,348,99999,348,100064,100,99998,100,100082,100,99996,100,100091,100,99989,100,100119,100,99973,100,100126,100,99971,100,100161,100,99966,100,100164,100,99959,100,100206,200,99953,200
2019-06-28 09:40:40.251440581,100054,348,100024,348,100061,348,99999,348,100064,100,99998,100,100082,100,99996,100,100091,100,99989,100,100119,100,99973,100,100126,100,99971,100,100161,100,99966,100,100164,100,99959,100,100206,200,99953,100
2019-06-28 09:40:41.031682292,100054,348,100050,100,100061,348,100024,348,100064,100,99999,348,100082,100,99998,100,100091,100,99996,100,100119,100,99989,100,100126,100,99973,100,100161,100,99971,100,100164,100,99966,100,100206,200,99959,100
2019-06-28 09:40:47.491868946,100054,348,100050,100,100061,348,100024,348,100064,100,99999,348,100082,100,99998,100,100091,100,99996,100,100119,100,99989,100,100126,100,99973,100,100161,100,99971,100,100164,100,99966,100,100180,100,99959,100
2019-06-28 09:40:50.000000000,100054,596,100050,596,100061,100,100024,100,100064,100,99999,100,100082,100,99998,100,100091,100,99996,100,100119,100,99989,100,100126,100,99973,100,100161,100,99971,100,100164,100,99966,100,100180,100,99959,100
2019-06-28 09:41:00.000000000,100054,199,100050,199,100061,199,100024,199,100064,199,99999,199,100082,199,99998,199,100091,199,99996,199,100119,100,99989,100,100126,100,99973,100,100161,100,99971,100,100164,100,99966,100,100180,100,99959,100
2019-06-28 09:41:04.238285590,100054,199,100050,199,100061,199,100024,199,100064,199,99999,199,100082,199,99998,199,100091,199,99996,199,100119,100,99989,100,100126,100,99973,100,100161,100,99971,100,100164,100,99966,100,100180,100,99959,100
2019-06-28 09:41:08.543727539,100054,199,100050,199,100061,199,100024,199,100064,199,99999,199,100082,199,99998,99,100091,199,99996,199,100119,100,99989,100,100126,100,99973,100,100161,100,99971,100,100164,100,99966,100,100180,100,99959,100
2019-06-28 09:41:10.000000000,100054,596,100050,596,100061,100,100024,100,100064,100,99999,100,100082,100,99996,100,100091,100,99989,100,100119,100,99973,100,100126,100,99971,100,100161,100,99966,100,100164,100,99959,100,100180,100,99953,100
2019-06-28 09:41:20.000000000,100054,269,100050,269,100061,264,100024,264,100064,264,99999,264,100082,100,99996,100,100091,100,99989,100,100119,100,99973,100,100126,100,99971,100,100161,100,99966,100,100164,100,99959,100,100180,100,99953,100
2019-06-28 09:41:27.488233480,100054,269,100050,369,100061,264,100024,264,100064,264,99999,264,100082,100,99996,100,100091,100,99989,100,100119,100,99973,100,100126,100,99971,100,100161,100,99966,100,100164,100,99959,100,100180,100,99953,100
2019-06-28 09:41:30.000000000,100054,199,100050,299,100061,199,100024,199,100064,199,99999,199,100082,199,99996,199,100091,199,99989,199,100119,100,99973,100,100126,100,99971,100,100161,100,99966,100,100164,100,99959,100,100180,100,99953,100
2019-06-28 09:41:40.000000000,100054,269,100050,369,100061,264,100024,264,100064,264,99999,264,100082,100,99996,100,100091,100,99989,100,100119,100,99973,100,100126,100,99971,100,100161,100,99966,100,100164,100,99959,100,100180,100,99953,100
2019-06-28 09:41:41.351295666,100054,169,100050,369,100061,264,100024,264,100064,264,99999,264,100082,100,99996,100,100091,100,99989,100,100119,100,99973,100,100126,100,99971,100,100161,100,99966,100,100164,100,99959,100,100180,100,99953,100
2019-06-28 09:41:47.850090951,100054,169,100051,100,100061,264,100050,369,100064,264,100024,264,100082,100,99999,264,100091,100,99996,100,100119,100,99989,100,100126,100,99973,100,100161,100,99971,100,100164,100,99966,100,100180,100,99959,100
2019-06-28 09:41:49.696730558,100054,169,100051,100,100061,264,100050,369,100064,264,100024,264,100082,100,99999,264,100091,100,99996,100,100119,100,99989,100,100126,100,99973,100,100161,100,99971,100,100164,100,99966,100,100180,100,99959,100
2019-06-28 09:41:50.000000000,100061,269,100051,269,100064,264,100050,364,100082,264,100024,264,100091,100,99999,100,100119,100,99996,100,100126,100,99989,100,100161,100,99973,100,100164,100,99971,100,100180,100,99966,100,100206,200,99959,100
2019-06-28 09:41:57.954368323,100061,269,100051,269,100064,264,100050,364,100082,264,100024,264,100119,100,99999,100,100126,100,99996,100,100161,100,99989,100,100164,100,99973,100,100180,100,99971,100,100206,200,99966,100,100275,100,99959,100
2019-06-28 09:42:00.000000000,100061,224,100051,224,100064,224,100050,324,100082,224,100024,224,100119,224,99999,224,100126,100,99996,100,100161,100,99989,100,100164,100,99973,100,100180,100,99971,100,100206,200,99966,100,100275,100,99959,100
2019-06-28 09:42:02.581211659,100061,224,100051,224,100064,224,100050,324,100082,224,100024,224,100119,224,99999,224,100126,100,99996,100,100161,100,99989,100,100164,100,99973,100,100180,100,99971,100,100206,200,99966,100,100275,100,99959,100
2019-06-28 09:42:03.655242086,100061,124,100051,224,100064,224,100050,324,100082,224,100024,224,100119,224,99999,224,100126,100,99996,100,100161,100,99989,100,100164,100,99973,100,100180,100,99971,100,100206,200,99966,100,100275,100,99959,100
2019-06-28 09:42:10.000000000,100064,269,100051,269,100082,264,100050,364,100119,264,100024,264,100126,100,99999,100,100161,100,99996,100,100164,100,99989,100,100180,100,99973,100,100206,200,99971,100,100275,100,99966,100,100278,100,99959,100
2019-06-28 09:42:13.343863484,100064,269,100051,269,100082,264,100050,364,100119,264,100024,264,100126,100,99999,100,100161,100,99996,100,100164,100,99989,100,100180,100,99971,100,100206,200,99966,100,100275,100,99959,100,100278,100,99953,100
2019-06-28 09:42:18.963425436,100064,169,100051,269,100082,264,100050,364,100119,264,100024,264,100126,100,99999,100,100161,100,99996,100,100164,100,99989,100,100180,100,99971,100,100206,200,99966,100,100275,100,99959,100,100278,100,99953,100
2019-06-28 09:42:20.000000000,100082,269,100051,269,100119,264,100050,364,100126,264,100024,264,100161,100,99999,100,100164,100,99996,100,100180,100,99989,100,100206,200,99971,100,100275,100,99966,100,100278,100,99959,100,100415,100,99953,100
2019-06-28 09:42:30.000000000,100082,224,100051,224,100119,224,100050,324,100126,224,100024,224,100161,224,99999,224,100164,100,99996,100,100180,100,99989,100,100206,200,99971,100,100275,100,99966,100,100278,100,99959,100,100415,100,99953,100
2019-06-28 09:42:31.597988620,100082,124,100051,224,100119,224,100050,324,100126,224,100024,224,100161,224,99999,224,100164,100,99996,100,100180,100,99989,100,100206,200,99971,100,100275,100,99966,100,100278,100,99959,100,100415,100,99953,100
2019-06-28 09:42:40.000000000,100119,596,100051,596,100126,100,100050,200,100161,100,100024,100,100164,100,99999,100,100180,100,99996,100,100206,200,99989,100,100275,100,99971,100,100278,100,99966,100,100415,100,99959,100,100528,100,99953,100
2019-06-28 09:42:50.000000000,100119,348,100051,348,100126,348,100050,448,100161,100,100024,100,100164,100,99999,100,100180,100,99996,100,100206,200,99989,100,100275,100,99971,100,100278,100,99966,100,100415,100,99959,100,100528,100,99953,100
2019-06-28 09:42:57.006781225,100119,348,100051,348,100126,348,100050,448,100161,100,100024,100,100164,100,99996,100,100180,100,99989,100,100206,200,99971,100,100275,100,99966,100,100278,100,99959,100,100415,100,99953,100,100528,100,99947,100
2019-06-28 09:43:00.000000000,100119,199,100051,199,100126,199,100050,299,100161,199,100024,199,100164,199,99996,199,100180,199,99989,199,100206,200,99971,100,100275,100,99966,100,100278,100,99959,100,100415,100,99953,100,100528,100,99947,100
2019-06-28 09:43:10.000000000,100119,199,100051,199,100126,199,100050,299,100161,199,100024,199,100164,199,99996,199,100180,199,99989,199,100206,200,99971,100,100275,100,99966,100,100278,100,99959,100,100415,100,99953,100,100528,100,99947,100
2019-06-28 09:43:20.000000000,100119,269,100051,269,100126,264,100050,364,100161,264,100024,264,100164,100,99996,100,100180,100,99989,100,100206,200,99971,100,100275,100,99966,100,100278,100,99959,100,100415,100,99953,100,100528,100,99947,100
2019-06-28 09:43:28.649285214,100119,269,100055,100,100126,264,100051,269,100161,264,100050,364,100164,100,100024,264,100180,100,99996,100,100206,200,99989,100,100275,100,99971,100,100278,100,99966,100,100415,100,99959,100,100528,100,99953,100
2019-06-28 09:43:30.000000000,100119,224,100055,224,100126,224,100051,224,100161,224,100050,324,100164,224,100024,224,100180,100,99996,100,100206,200,99989,100,100275,100,99971,100,100278,100,99966,100,100415,100,99959,100,100528,100,99953,100
2019-06-28 09:43:40.000000000,100119,224,100055,224,100126,224,100051,224,100161,224,100050,324,100164,224,100024,224,100180,100,99996,100,100206,200,99989,100,100275,100,99971,100,100278,100,99966,100,100415,100,99959,100,100528,100,99953,100
2019-06-28 09:43:50.000000000,100119,224,100055,224,100126,224,100051,224,100161,224,100050,324,100164,224,100024,224,100180,100,99996,100,100206,200,99989,100,100275,100,99971,100,100278,100,99966,100,100415,100,99959,100,100528,100,99953,100
2019-06-28 09:44:00.000000000,100119,269,100055,269,100126,264,100051,264,100161,264,100050,364,100164,100,100024,100,100180,100,99996,100,100206,200,99989,100,100275,100,99971,100,100278,100,99966,100,100415,100,99959,100,100528,100,99953,100
2019-06-28 09:44:02.851423756,100119,269,100055,269,100126,264,100051,264,100161,264,100050,264,100164,100,100024,100,100180,100,99996,100,100206,200,99989,100,100275,100,99971,100,100278,100,99966,100,100415,100,99959,100,100528,100,99953,100
2019-06-28 09:44:10.000000000,100119,596,100055,596,100126,100,100051,100,100161,100,100050,100,100164,100,100024,100,100180,100,99996,100,100206,200,99989,100,100275,100,99971,100,100278,100,99966,100,100415,100,99959,100,100528,100,99953,100
2019-06-28 09:44:11.370410401,100119,496,100055,596,100126,100,100051,100,100161,100,100050,100,100164,100,100024,100,100180,100,99996,100,100206,200,99971,100,100275,100,99966,100,100278,100,99959,100,100415,100,99953,100,100528,100,99947,100
2019-06-28 09:44:17.975420376,100119,396,100055,596,100126,100,100051,100,100161,100,100050,100,100164,100,100024,100,100180,100,99996,100,100206,200,99971,100,100275,100,99966,100,100278,100,99959,100,100415,100,99953,100,100528,100,99947,100
2019-06-28 09:44:19.841324049,100119,396,100055,596,100126,100,100051,100,100161,100,100050,100,100164,100,100024,100,100180,100,99996,100,100206,200,99971,100,100275,100,99966,100,100278,100,99959,100,100280,100,99953,100,100415,100,,
2019-06-28 09:44:20.000000000,100126,269,100055,269,100161,264,100051,264,100164,264,100050,264,100180,100,100024,100,100206,200,99996,100,100275,100,99971,100,100278,100,99966,100,100280,100,99959,100,100415,100,99953,100,100528,100,,
2019-06-28 09:44:22.272000372,100126,169,100055,269,100161,264,100051,264,100164,264,100050,264,100180,100,100024,100,100206,200,99996,100,100275,100,99971,100,100278,100,99966,100,100280,100,99959,100,100415,100,99953,100,100528,100,,
2019-06-28 09:44:26.928308674,100126,69,100055,269,100161,264,100051,264,100164,264,100050,264,100180,100,100024,100,100206,200,99996,100,100275,100,99971,100,100278,100,99966,100,100280,100,99959,100,100415,100,99953,100,100528,100,,
2019-06-28 09:44:30.000000000,100161,596,100055,596,100164,100,100051,100,100180,100,100050,100,100206,200,100024,100,100275,100,99996,100,100278,100,99971,100,100280,100,99966,100,100415,100,99959,100,100528,100,99953,100,100626,100,,
2019-06-28 09:44:31.904670740,100161,596,100126,100,100164,100,100055,596,100180,100,100051,100,100206,200,100050,100,100275,100,100024,100,100278,100,99996,100,100280,100,99971,100,100415,100,99966,100,100528,100,99959,100,100626,100,99953,100
2019-06-28 09:44:39.087118299,100161,496,100126,100,100164,100,100055,596,100180,100,100051,100,100206,200,100050,100,100275,100,100024,100,100278,100,99996,100,100280,100,99971,100,100415,100,99966,100,100528,100,99959,100,100626,100,99953,100
2019-06-28 09:44:40.000000000,100164,199,100126,199,100180,199,100055,199,100206,299,100051,199,100275,199,100050,199,100278,199,100024,199,100280,100,99996,100,100415,100,99971,100,100528,100,99966,100,100626,100,99959,100,100670,100,99953,100
2019-06-28 09:44:40.388909081,100164,199,100127,100,100180,199,100126,199,100206,299,100055,199,100275,199,100051,199,100278,199,100050,199,100280,100,100024,199,100415,100,99996,100,100528,100,99971,100,100626,100,99966,100,100670,100,99959,100
2019-06-28 09:44:50.000000000,100164,269,100127,269,100180,264,100126,264,100206,364,100055,264,100275,100,100051,100,100278,100,100050,100,100280,100,100024,100,100415,100,99996,100,100528,100,99971,100,100626,100,99966,100,100670,100,99959,100
2019-06-28 09:44:55.004903525,100164,269,100127,369,100180,264,100126,264,100206,364,100055,264,100275,100,100051,100,100278,100,100050,100,100280,100,100024,100,100415,100,99996,100,100528,100,99971,100,100626,100,99966,100,100670,100,99959,100
2019-06-28 09:45:00.000000000,100164,199,100127,299,100180,199,100126,199,100206,299,100055,199,100275,199,100051,199,100278,199,100050,199,100280,100,100024,100,100415,100,99996,100,100528,100,99971,100,100626,100,99966,100,100670,100,99959,100
2019-06-28 09:45:06.655317540,100164,199,100127,199,100180,199,100126,199,100206,299,100055,199,100275,199,100051,199,100278,199,100050,199,100280,100,100024,100,100415,100,99996,100,100528,100,99971,100,100626,100,99966,100,100670,100,99959,100
2019-06-28 09:45:10.000000000,100164,269,100127,269,100180,264,100126,264,100206,364,100055,264,100275,100,100051,100,100278,100,100050,100,100280,100,100024,100,100415,100,99996,100,100528,100,99971,100,100626,100,99966,100,100670,100,99959,100
2019-06-28 09:45:20.000000000,100164,224,100127,224,100180,224,100126,224,100206,324,100055,224,100275,224,100051,224,100278,100,100050,100,100280,100,100024,100,100415,100,99996,100,100528,100,99971,100,100626,100,99966,100,100670,100,99959,100
2019-06-28 09:45:30.000000000,100164,269,100127,269,100180,264,100126,264,100206,364,100055,264,100275,100,100051,100,100278,100,100050,100,100280,100,100024,100,100415,100,99996,100,100528,100,99971,100,100626,100,99966,100,100670,100,99959,100
2019-06-28 09:45:40.000000000,100164,596,100127,596,100180,100,100126,100,100206,200,100055,100,100275,100,100051,100,100278,100,100050,100,100280,100,100024,100,100415,100,99996,100,100528,100,99971,100,100626,100,99966,100,100670,100,99959,100
2019-06-28 09:45:50.000000000,100164,224,100127,224,100180,224,100126,224,100206,324,100055,224,100275,224,100051,224,100278,100,100050,100,100280,100,100024,100,100415,100,99996,100,100528,100,99971,100,100626,100,99966,100,100670,100,99959,100
2019-06-28 09:46:00.000000000,100164,269,100127,269,100180,264,100126,264,100206,364,100055,264,100275,100,100051,100,100278,100,100050,100,100280,100,100024,100,100415,100,99996,100,100528,100,99971,100,100626,100,99966,100,100670,100,99959,100
2019-06-28 09:46:08.423696102,100164,169,100127,269,100180,264,100126,264,100206,364,100055,264,100275,100,100051,100,100278,100,100050,100,100280,100,100024,100,100415,100,99996,100,100528,100,99971,100,100626,100,99966,100,100670,100,99959,100
2019-06-28 09:46:10.000000000,100180,596,100127,596,100206,200,100126,100,100275,100,100055,100,100278,100,100051,100,100280,100,100050,100,100415,100,100024,100,100528,100,99996,100,100626,100,99971,100,100670,100,99966,100,100928,100,99959,100
2019-06-28 09:46:20.000000000,100180,596,100127,596,100206,200,100126,100,100275,100,100055,100,100278,100,100051,100,100280,100,100050,100,100415,100,100024,100,100528,100,99996,100,100626,100,99971,100,100670,100,99966,100,100928,100,99959,100
2019-06-28 09:46:29.709963970,100180,596,100127,596,100206,200,100126,100,100275,100,100055,100,100278,100,100051,100,100280,100,100050,100,100415,100,100024,100,100528,100,99996,100,100626,100,99971,100,100670,100,99966,100,100712,100,99959,100
2019-06-28 09:46:30.000000000,100180,269,100127,269,100206,364,100126,264,100275,264,100055,264,100278,100,100051,100,100280,100,100050,100,100415,100,100024,100,100528,100,99996,100,100626,100,99971,100,100670,100,99966,100,100712,100,99959,100
2019-06-28 09:46:32.853837748,100180,269,100127,269,100206,364,100126,264,100275,264,100055,264,100278,100,100051,100,100280,100,100050,100,100415,100,100024,100,100528,100,99996,100,100626,100,99971,100,100670,100,99966,100,100712,100,99959,100
2019-06-28 09:46:40.000000000,100180,199,100127,199,100206,299,100126,199,100275,199,100055,199,100278,199,100051,199,100280,199,100050,199,100415,100,100024,100,100528,100,99996,100,100626,100,99971,100,100670,100,99966,100,100712,100,99959,100
2019-06-28 09:46:42.844436431,100180,199,100128,100,100206,299,100127,199,100275,199,100126,199,100278,199,100055,199,100280,199,100051,199,100415,100,100050,199,100528,100,100024,100,100626,100,99996,100,100670,100,99971,100,100712,100,99966,100
2019-06-28 09:46:48.783397186,100180,99,100128,100,100206,299,100127,199,100275,199,100126,199,100278,199,100055,199,100280,199,100051,199,100415,100,100050,199,100528,100,100024,100,100626,100,99996,100,100670,100,99971,100,100712,100,99966,100
2019-06-28 09:46:50.000000000,100206,369,100128,269,100275,264,100127,264,100278,264,100126,264,100280,100,100055,100,100415,100,100051,100,100528,100,100050,100,100626,100,100024,100,100670,100,99996,100,100712,100,99971,100,100803,100,99966,100
2019-06-28 09:47:00.000000000,100206,369,100128,269,100275,264,100127,264,100278,264,100126,264,100280,100,100055,100,100415,100,100051,100,100528,100,100050,100,100626,100,100024,100,100670,100,99996,100,100712,100,99971,100,100803,100,99966,100
2019-06-28 09:47:02.480207847,100206,269,100128,269,100275,264,100127,264,100278,264,100126,264,100280,100,100055,100,100415,100,100051,100,100528,100,100050,100,100626,100,100024,100,100670,100,99996,100,100712,100,99971,100,100803,100,99966,100
2019-06-28 09:47:10.000000000,100206,596,100128,596,100275,100,100127,100,100278,100,100126,100,100280,100,100055,100,100415,100,100051,100,100528,100,100050,100,100626,100,100024,100,100670,100,99996,100,100712,100,99971,100,100803,100,99966,100
2019-06-28 09:47:20.000000000,100206,269,100128,269,100275,264,100127,264,100278,264,100126,264,100280,100,100055,100,100415,100,100051,100,100528,100,100050,100,100626,100,100024,100,100670,100,99996,100,100712,100,99971,100,100803,100,99966,100
2019-06-28 09:47:30.000000000,100206,348,100128,348,100275,348,100127,348,100278,100,100126,100,100280,100,100055,100,100415,100,100051,100,100528,100,100050,100,100626,100,100024,100,100670,100,99996,100,100712,100,99971,100,100803,100,99966,100
2019-06-28 09:47:40.000000000,100206,348,100128,348,100275,348,100127,348,100278,100,100126,100,100280,100,100055,100,100415,100,100051,100,100528,100,100050,100,100626,100,100024,100,100670,100,99996,100,100712,100,99971,100,100803,100,99966,100
2019-06-28 09:47:42.668849523,100206,348,100180,100,100275,348,100128,348,100278,100,100127,348,100280,100,100126,100,100415,100,100055,100,100528,100,100051,100,100626,100,100050,100,100670,100,100024,100,100712,100,99996,100,100803,100,99971,100
2019-06-28 09:47:48.442467084,100206,348,100180,100,100275,348,100128,348,100278,100,100127,348,100280,100,100126,100,100415,100,100055,100,100528,100,100051,100,100626,100,100050,100,100670,100,100024,100,100712,100,99996,100,100736,100,99971,100
2019-06-28 09:47:50.000000000,100206,348,100180,348,100275,348,100128,348,100278,100,100127,100,100280,100,100126,100,100415,100,100055,100,100528,100,100051,100,100626,100,100050,100,100670,100,100024,100,100712,100,99996,100,100736,100,99971,100
2019-06-28 09:48:00.000000000,100206,224,100180,224,100275,224,100128,224,100278,224,100127,224,100280,224,100126,224,100415,100,100055,100,100528,100,100051,100,100626,100,100050,100,100670,100,100024,100,100712,100,99996,100,100736,100,99971,100
2019-06-28 09:48:10.000000000,100206,348,100180,348,100275,348,100128,348,100278,100,100127,100,100280,100,100126,100,100415,100,100055,100,100528,100,100051,100,100626,100,100050,100,100670,100,100024,100,100712,100,99996,100,100736,100,99971,100
2019-06-28 09:48:18.132270850,100206,348,100180,248,100275,348,100128,348,100278,100,100127,100,100280,100,100126,100,100415,100,100055,100,100528,100,100051,100,100626,100,100050,100,100670,100,100024,100,100712,100,99996,100,100736,100,99971,100
2019-06-28 09:48:19.712115547,100206,248,100180,248,100275,348,100128,348,100278,100,100127,100,100280,100,100126,100,100415,100,100055,100,100626,100,100051,100,100670,100,100050,100,100712,100,100024,100,100736,100,99996,100,100803,100,99971,100
2019-06-28 09:48:20.000000000,100275,348,100128,348,100278,348,100127,348,100280,100,100126,100,100415,100,100055,100,100626,100,100051,100,100670,100,100050,100,100712,100,100024,100,100736,100,99996,100,100803,100,99971,100,100928,100,99966,100
2019-06-28 09:48:30.000000000,100275,596,100128,596,100278,100,100127,100,100280,100,100126,100,100415,100,100055,100,100626,100,100051,100,100670,100,100050,100,100712,100,100024,100,100736,100,99996,100,100803,100,99971,100,100928,100,99966,100
2019-06-28 09:48:40.000000000,100275,224,100128,224,100278,224,100127,224,100280,224,100126,224,100415,224,100055,224,100626,100,100051,100,100670,100,100050,100,100712,100,100024,100,100736,100,99996,100,100803,100,99971,100,100928,100,99966,100
2019-06-28 09:48:40.391599743,100205,100,100128,224,100275,224,100127,224,100278,224,100126,224,100280,224,100055,224,100415,224,100051,100,100626,100,100050,100,100670,100,100024,100,100712,100,99996,100,100736,100,99971,100,100803,100,99966,100
2019-06-28 09:48:45.092804011,100205,100,100128,124,100275,224,100127,224,100278,224,100126,224,100280,224,100055,224,100415,224,100051,100,100626,100,100050,100,100670,100,100024,100,100712,100,99996,100,100736,100,99971,100,100803,100,99966,100
2019-06-28 09:48:50.000000000,100205,596,100127,596,100275,100,100126,100,100278,100,100055,100,100280,100,100051,100,100415,100,100050,100,100626,100,100024,100,100670,100,99996,100,100712,100,99971,100,100736,100,99966,100,100803,100,99959,100
2019-06-28 09:48:57.214676682,100205,596,100129,100,100275,100,100127,596,100278,100,100126,100,100280,100,100055,100,100415,100,100051,100,100626,100,100050,100,100670,100,99996,100,100712,100,99971,100,100736,100,99966,100,100803,100,99959,100
2019-06-28 09:49:00.000000000,100205,199,100129,199,100275,199,100127,199,100278,199,100126,199,100280,199,100055,199,100415,199,100051,199,100626,100,100050,100,100670,100,99996,100,100712,100,99971,100,100736,100,99966,100,100803,100,99959,100
2019-06-28 09:49:02.706196793,100205,199,100129,299,100275,199,100127,199,100278,199,100126,199,100280,199,100055,199,100415,199,100051,199,100626,100,100050,100,100670,100,99996,100,100712,100,99971,100,100736,100,99966,100,100803,100,99959,100
2019-06-28 09:49:10.000000000,100205,348,100129,448,100275,348,100127,348,100278,100,100126,100,100280,100,100055,100,100415,100,100051,100,100626,100,100050,100,100670,100,99996,100,100712,100,99971,100,100736,100,99966,100,100803,100,99959,100
2019-06-28 09:49:10.285835113,100205,348,100186,100,100275,348,100129,448,100278,100,100127,348,100280,100,100126,100,100415,100,100055,100,100626,100,100051,100,100670,100,100050,100,100712,100,99996,100,100736,100,99971,100,100803,100,99966,100
2019-06-28 09:49:12.467247091,100205,348,100186,100,100275,348,100170,100,100278,100,100129,448,100415,100,100127,348,100626,100,100126,100,100670,100,100055,100,100712,100,100051,100,100736,100,100050,100,100803,100,99996,100,100928,100,99971,100
2019-06-28 09:49:19.388309559,100205,248,100186,100,100275,348,100170,100,100278,100,100129,448,100415,100,100127,348,100626,100,100126,100,100712,100,100055,100,100736,100,100051,100,100803,100,100050,100,100928,100,99996,100,,,99971,100
2019-06-28 09:49:20.000000000,100275,596,100186,596,100278,100,100170,100,100415,100,100129,200,100626,100,100127,100,100712,100,100126,100,100736,100,100055,100,100803,100,100051,100,100928,100,100050,100,,,99996,100,,,99971,100
2019-06-28 09:49:30.000000000,100275,596,100186,596,100278,100,100170,100,100415,100,100129,200,100626,100,100127,100,100712,100,100126,100,100736,100,100055,100,100803,100,100051,100,100928,100,100050,100,,,99996,100,,,99971,100
2019-06-28 09:49:36.563571745,100275,596,100186,596,100278,100,100170,100,100415,100,100129,200,100626,100,100127,100,100644,100,100126,100,100712,100,100055,100,100736,100,100051,100,100803,100,100050,100,100928,100,99996,100,,,99971,100
2019-06-28 09:49:38.833722926,100275,596,100186,596,100415,100,100170,100,100524,100,100129,200,100626,100,100127,100,100644,100,100126,100,100712,100,100055,100,100736,100,100051,100,100803,100,100050,100,100928,100,99996,100,,,99971,100
2019-06-28 09:49:40.000000000,100275,348,100186,348,100415,348,100170,348,100524,100,100129,200,100626,100,100127,100,100644,100,100126,100,100712,100,100055,100,100736,100,100051,100,100803,100,100050,100,100928,100,99996,100,,,99971,100
2019-06-28 09:49:50.000000000,100275,348,100186,348,100415,348,100170,348,100524,100,100129,200,100626,100,100127,100,100644,100,100126,100,100712,100,100055,100,100736,100,100051,100,100803,100,100050,100,100928,100,99996,100,,,99971,100
2019-06-28 09:50:00.000000000,100275,269,100186,269,100415,264,100170,264,100524,264,100129,364,100626,100,100127,100,100644,100,100126,100,100712,100,100055,100,100736,100,100051,100,100803,100,100050,100,100928,100,99996,100,,,99971,100
2019-06-28 09:50:10.000000000,100275,596,100186,596,100415,100,100170,100,100524,100,100129,200,100626,100,100127,100,100644,100,100126,100,100712,100,100055,100,100736,100,100051,100,100803,100,100050,100,100928,100,99996,100,,,99971,100
2019-06-28 09:50:20.000000000,100275,348,100186,348,100415,348,100170,348,100524,100,100129,200,100626,100,100127,100,100644,100,100126,100,100712,100,100055,100,100736,100,100051,100,100803,100,100050,100,100928,100,99996,100,,,99971,100
2019-06-28 09:50:30.000000000,100275,199,100186,199,100415,199,100170,199,100524,199,100129,299,100626,199,100127,199,100644,199,100126,199,100712,100,100055,100,100736,100,100051,100,100803,100,100050,100,100928,100,99996,100,,,99971,100
2019-06-28 09:50:40.000000000,100275,596,100186,596,100415,100,100170,100,100524,100,100129,200,100626,100,100127,100,100644,100,100126,100,100712,100,100055,100,100736,100,100051,100,100803,100,100050,100,100928,100,99996,100,,,99971,100
2019-06-28 09:50:42.032727099,100275,596,100186,596,100415,100,100129,200,100524,100,100127,100,100626,100,100126,100,100644,100,100055,100,100712,100,100051,100,100736,100,100050,100,100803,100,99996,100,100928,100,99971,100,101219,100,99966,100
2019-06-28 09:50:50.000000000,100275,199,100186,199,100415,199,100129,299,100524,199,100127,199,100626,199,100126,199,100644,199,100055,199,100712,100,100051,100,100736,100,100050,100,100803,100,99996,100,100928,100,99971,100,101219,100,99966,100
2019-06-28 09:50:54.844901196,100275,99,100186,199,100415,199,100129,299,100524,199,100127,199,100626,199,100126,199,100644,199,100055,199,100712,100,100051,100,100736,100,100050,100,100803,100,99996,100,100928,100,99971,100,101219,100,99966,100
2019-06-28 09:51:00.000000000,100415,348,100186,348,100524,348,100129,448,100626,100,100127,100,100644,100,100126,100,100712,100,100055,100,100736,100,100051,100,100803,100,100050,100,100928,100,99996,100,101219,100,99971,100,,,99966,100
2019-06-28 09:51:10.000000000,100415,596,100186,596,100524,100,100129,200,100626,100,100127,100,100644,100,100126,100,100712,100,100055,100,100736,100,100051,100,100803,100,100050,100,100928,100,99996,100,101219,100,99971,100,,,99966,100
2019-06-28 09:51:10.933806259,100415,596,100186,596,100524,100,100129,200,100626,100,100127,100,100644,100,100126,100,100712,100,100055,100,100736,100,100051,100,100789,100,100050,100,100803,100,99996,100,100928,100,99971,100,101219,100,99966,100
2019-06-28 09:51:20.000000000,100415,269,100186,269,100524,264,100129,364,100626,264,100127,264,100644,100,100126,100,100712,100,100055,100,100736,100,100051,100,100789,100,100050,100,100803,100,99996,100,100928,100,99971,100,101219,100,99966,100
2019-06-28 09:51:25.687792523,100415,169,100186,269,100524,264,100129,364,100626,264,100127,264,100644,100,100126,100,100712,100,100055,100,100736,100,100051,100,100789,100,100050,100,100803,100,99996,100,100928,100,99971,100,101219,100,99966,100
2019-06-28 09:51:30.000000000,100524,224,100186,224,100626,224,100129,324,100644,224,100127,224,100712,224,100126,224,100736,100,100055,100,100789,100,100051,100,100803,100,100050,100,100928,100,99996,100,101219,100,99971,100,,,99966,100
2019-06-28 09:51:30.738194763,100524,224,100186,224,100626,224,100129,324,100644,224,100127,224,100712,224,100126,224,100736,100,100055,100,100789,100,100051,100,100803,100,100050,100,100928,100,99996,100,100977,100,99971,100,101219,100,99966,100
2019-06-28 09:51:40.000000000,100524,596,100186,596,100626,100,100129,200,100644,100,100127,100,100712,100,100126,100,100736,100,100055,100,100789,100,100051,100,100803,100,100050,100,100928,100,99996,100,100977,100,99971,100,101219,100,99966,100
2019-06-28 09:51:42.992576575,100524,596,100275,100,100626,100,100186,596,100644,100,100129,200,100712,100,100127,100,100736,100,100126,100,100789,100,100055,100,100803,100,100051,100,100928,100,100050,100,100977,100,99996,100,101219,100,99971,100
2019-06-28 09:51:46.371443031,100524,596,100275,100,100626,100,100186,596,100644,100,100129,200,100712,100,100127,100,100736,100,100126,100,100789,100,100055,100,100803,100,100051,100,100928,100,100050,100,100966,100,99996,100,100977,100,99971,100
2019-06-28 09:51:48.179177285,100524,596,100275,100,100626,100,100186,596,100644,100,100129,200,100712,100,100127,100,100736,100,100126,100,100789,100,100055,100,100803,100,100051,100,100837,100,100050,100,100928,100,99996,100,100966,100,99971,100
2019-06-28 09:51:50.000000000,100524,269,100275,269,100626,264,100186,264,100644,264,100129,364,100712,100,100127,100,100736,100,100126,100,100789,100,100055,100,100803,100,100051,100,100837,100,100050,100,100928,100,99996,100,100966,100,99971,100
2019-06-28 09:52:00.000000000,100524,224,100275,224,100626,224,100186,224,100644,224,100129,324,100712,224,100127,224,100736,100,100126,100,100789,100,100055,100,100803,100,100051,100,100837,100,100050,100,100928,100,99996,100,100966,100,99971,100
2019-06-28 09:52:10.000000000,100524,596,100275,596,100626,100,100186,100,100644,100,100129,200,100712,100,100127,100,100736,100,100126,100,100789,100,100055,100,100803,100,100051,100,100837,100,100050,100,100928,100,99996,100,100966,100,99971,100
2019-06-28 09:52:20.000000000,100524,199,100275,199,100626,199,100186,199,100644,199,100129,299,100712,199,100127,199,100736,199,100126,199,100789,100,100055,100,100803,100,100051,100,100837,100,100050,100,100928,100,99996,100,100966,100,99971,100
2019-06-28 09:52:20.084525188,100524,199,100275,199,100626,199,100210,100,100644,199,100186,199,100712,199,100129,299,100736,199,100127,199,100789,100,100126,199,100803,100,100055,100,100837,100,100051,100,100928,100,100050,100,100966,100,99996,100
2019-06-28 09:52:30.000000000,100524,269,100275,269,100626,264,100210,264,100644,264,100186,264,100712,100,100129,200,100736,100,100127,100,100789,100,100126,100,100803,100,100055,100,100837,100,100051,100,100928,100,100050,100,100966,100,99996,100
2019-06-28 09:52:32.721025693,100524,269,100430,100,100626,264,100275,269,100644,264,100210,264,100736,100,100186,264,100789,100,100129,200,100803,100,100127,100,100837,100,100126,100,100928,100,100055,100,100966,100,100051,100,100977,100,100050,100
2019-06-28 09:52:40.000000000,100524,348,100430,348,100626,348,100275,348,100644,100,100210,100,100736,100,100186,100,100789,100,100129,200,100803,100,100127,100,100837,100,100126,100,100928,100,100055,100,100966,100,100051,100,100977,100,100050,100
2019-06-28 09:52:44.344180379,100524,348,100430,348,100617,100,100275,348,100626,348,100210,100,100736,100,100186,100,100789,100,100129,200,100803,100,100127,100,100837,100,100126,100,100928,100,100055,100,100966,100,100051,100,100977,100,100050,100
2019-06-28 09:52:44.396384505,100524,348,100430,348,100617,100,100427,100,100626,348,100275,348,100736,100,100210,100,100789,100,100186,100,100803,100,100129,200,100837,100,100127,100,100928,100,100126,100,100966,100,100055,100,100977,100,100051,100
2019-06-28 09:52:50.000000000,100524,269,100430,269,100617,264,100427,264,100626,264,100275,264,100736,100,100210,100,100789,100,100186,100,100803,100,100129,200,100837,100,100127,100,100928,100,100126,100,100966,100,100055,100,100977,100,100051,100
2019-06-28 09:52:58.868991585,100524,269,100430,269,100617,264,100427,264,100626,364,100275,264,100736,100,100210,100,100789,100,100186,100,100803,100,100129,200,100837,100,100127,100,100928,100,100126,100,100966,100,100055,100,100977,100,100051,100
2019-06-28 09:53:00.000000000,100524,269,100430,269,100617,264,100427,264,100626,364,100275,264,100736,100,100210,100,100789,100,100186,100,100803,100,100129,200,100837,100,100127,100,100928,100,100126,100,100966,100,100055,100,100977,100,100051,100
2019-06-28 09:53:10.000000000,100524,224,100430,224,100617,224,100427,224,100626,324,100275,224,100736,224,100210,224,100789,100,100186,100,100803,100,100129,200,100837,100,100127,100,100928,100,100126,100,100966,100,100055,100,100977,100,100051,100
2019-06-28 09:53:12.716397103,100524,224,100430,224,100617,224,100427,224,100626,324,100275,224,100630,100,100210,224,100736,224,100186,100,100789,100,100129,200,100803,100,100127,100,100837,100,100126,100,100966,100,100055,100,100977,100,100051,100
2019-06-28 09:53:20.000000000,100524,199,100430,199,100617,199,100427,199,100626,299,100275,199,100630,199,100210,199,100736,199,100186,199,100789,100,100129,200,100803,100,100127,100,100837,100,100126,100,100966,100,100055,100,100977,100,100051,100
2019-06-28 09:53:23.492982280,100524,199,100435,100,100617,199,100430,199,100626,299,100427,199,100630,199,100275,199,100736,199,100210,199,100789,100,100186,199,100803,100,100129,200,100837,100,100127,100,100966,100,100126,100,100977,100,100055,100
2019-06-28 09:53:30.000000000,100524,224,100435,224,100617,224,100430,224,100626,324,100427,224,100630,224,100275,224,100736,100,100210,100,100789,100,100186,100,100803,100,100129,200,100837,100,100127,100,100966,100,100126,100,100977,100,100055,100
2019-06-28 09:53:40.000000000,100524,269,100435,269,100617,264,100430,264,100626,364,100427,264,100630,100,100275,100,100736,100,100210,100,100789,100,100186,100,100803,100,100129,200,100837,100,100127,100,100966,100,100126,100,100977,100,100055,100
2019-06-28 09:53:50.000000000,100524,199,100435,199,100617,199,100430,199,100626,299,100427,199,100630,199,100275,199,100736,199,100210,199,100789,100,100186,100,100803,100,100129,200,100837,100,100127,100,100966,100,100126,100,100977,100,100055,100
2019-06-28 09:53:56.913453757,100524,199,100435,199,100617,199,100430,199,100626,299,100427,199,100630,199,100275,199,100717,100,100210,199,100736,199,100186,100,100789,100,100129,200,100803,100,100127,100,100837,100,100126,100,100966,100,100055,100
2019-06-28 09:53:57.697367675,100524,199,100435,199,100617,199,100430,199,100626,299,100427,199,100630,199,100275,199,100717,100,100210,199,100736,199,100186,100,100789,100,100129,200,100801,100,100127,100,100803,100,100126,100,100837,100,100055,100
2019-06-28 09:54:00.000000000,100524,269,100435,269,100617,264,100430,264,100626,364,100427,264,100630,100,100275,100,100717,100,100210,100,100736,100,100186,100,100789,100,100129,200,100801,100,100127,100,100803,100,100126,100,100837,100,100055,100
2019-06-28 09:54:04.147203365,100524,269,100435,269,100617,264,100430,164,100626,364,100427,264,100630,100,100275,100,100717,100,100210,100,100736,100,100186,100,100789,100,100129,200,100801,100,100127,100,100803,100,100126,100,100837,100,100055,100
2019-06-28 09:54:10.000000000,100524,596,100435,596,100617,100,100427,100,100626,200,100275,100,100630,100,100210,100,100717,100,100186,100,100736,100,100129,200,100789,100,100127,100,100801,100,100126,100,100803,100,100055,100,100837,100,100051,100
2019-06-28 09:54:20.000000000,100524,224,100435,224,100617,224,100427,224,100626,324,100275,224,100630,224,100210,224,100717,100,100186,100,100736,100,100129,200,100789,100,100127,100,100801,100,100126,100,100803,100,100055,100,100837,100,100051,100
2019-06-28 09:54:28.578530387,100524,224,100435,224,100617,224,100427,224,100626,324,100392,100,100630,124,100275,224,100717,100,100210,224,100736,100,100186,100,100789,100,100129,200,100801,100,100127,100,100803,100,100126,100,100837,100,100055,100
2019-06-28 09:54:30.000000000,100524,596,100435,596,100617,100,100427,100,100626,200,100392,100,100717,100,100275,100,100736,100,100210,100,100789,100,100186,100,100801,100,100129,200,100803,100,100127,100,100837,100,100126,100,100929,100,100055,100
2019-06-28 09:54:37.095353276,100524,596,100435,596,100603,100,100427,100,100617,100,100392,100,100626,100,100275,100,100717,100,100210,100,100736,100,100186,100,100789,100,100129,200,100801,100,100127,100,100803,100,100126,100,100837,100,100055,100
2019-06-28 09:54:37.652669584,100524,596,100435,596,100603,100,100427,100,100617,100,100392,100,100626,100,100275,100,100717,100,100210,100,100736,100,100186,100,100789,100,100129,100,100801,100,100127,100,100803,100,100126,100,100837,100,100055,100
2019-06-28 09:54:38.966678695,100524,596,100435,496,100603,100,100427,100,100617,100,100392,100,100626,100,100275,100,100717,100,100210,100,100736,100,100186,100,100789,100,100181,100,100801,100,100129,100,100803,100,100127,100,100837,100,100126,100
2019-06-28 09:54:40.000000000,100524,596,100427,596,100603,100,100392,100,100617,100,100275,100,100626,100,100210,100,100717,100,100186,100,100736,100,100181,100,100789,100,100129,100,100801,100,100127,100,100803,100,100126,100,100837,100,100055,100
2019-06-28 09:54:50.000000000,100524,269,100427,269,100603,264,100392,264,100617,264,100275,264,100626,100,100210,100,100717,100,100186,100,100736,100,100181,100,100789,100,100129,100,100801,100,100127,100,100803,100,100126,100,100837,100,100055,100
2019-06-28 09:55:00.000000000,100524,199,100427,199,100603,199,100392,199,100617,199,100275,199,100626,199,100210,199,100717,199,100186,199,100736,100,100181,100,100789,100,100129,100,100801,100,100127,100,100803,100,100126,100,100837,100,100055,100
2019-06-28 09:55:10.000000000,100524,269,100427,269,100603,264,100392,264,100617,264,100275,264,100626,100,100210,100,100717,100,100186,100,100736,100,100181,100,100789,100,100129,100,100801,100,100127,100,100803,100,100126,100,100837,100,100055,100
2019-06-28 09:55:13.497071268,100524,269,100427,269,100603,264,100392,264,100617,264,100275,264,100626,100,100210,100,100717,100,100186,100,100736,100,100181,100,100789,100,100129,100,100801,100,100127,100,100803,100,100126,100,100837,100,100055,100
2019-06-28 09:55:20.000000000,100524,596,100427,596,100603,100,100392,100,100617,100,100275,100,100626,100,100210,100,100717,100,100186,100,100736,100,100181,100,100789,100,100129,100,100801,100,100127,100,100803,100,100126,100,100837,100,100055,100
2019-06-28 09:55:30.000000000,100524,269,100427,269,100603,264,100392,264,100617,264,100275,264,100626,100,100210,100,100717,100,100186,100,100736,100,100181,100,100789,100,100129,100,100801,100,100127,100,100803,100,100126,100,100837,100,100055,100
2019-06-28 09:55:40.000000000,100524,269,100427,269,100603,264,100392,264,100617,264,100275,264,100626,100,100210,100,100717,100,100186,100,100736,100,100181,100,100789,100,100129,100,100801,100,100127,100,100803,100,100126,100,100837,100,100055,100
2019-06-28 09:55:46.854731115,100524,269,100427,269,100603,264,100392,264,100617,264,100275,364,100626,100,100210,100,100717,100,100186,100,100736,100,100181,100,100789,100,100129,100,100801,100,100127,100,100803,100,100126,100,100837,100,100055,100
2019-06-28 09:55:49.170699881,100524,269,100427,269,100603,264,100392,264,100617,264,100275,464,100626,100,100210,100,100717,100,100186,100,100736,100,100181,100,100789,100,100129,100,100801,100,100127,100,100803,100,100126,100,100837,100,100055,100
2019-06-28 09:55:50.000000000,100524,348,100427,348,100603,348,100392,348,100617,100,100275,300,100626,100,100210,100,100717,100,100186,100,100736,100,100181,100,100789,100,100129,100,100801,100,100127,100,100803,100,100126,100,100837,100,100055,100
2019-06-28 09:56:00.000000000,100524,199,100427,199,100603,199,100392,199,100617,199,100275,399,100626,199,100210,199,100717,199,100186,199,100736,100,100181,100,100789,100,100129,100,100801,100,100127,100,100803,100,100126,100,100837,100,100055,100
2019-06-28 09:56:10.000000000,100524,348,100427,348,100603,348,100392,348,100617,100,100275,300,100626,100,100210,100,100717,100,100186,100,100736,100,100181,100,100789,100,100129,100,100801,100,100127,100,100803,100,100126,100,100837,100,100055,100
2019-06-28 09:56:11.570385620,100524,348,100427,348,100603,348,100392,348,100617,100,100275,300,100626,100,100210,100,100717,100,100186,100,100736,100,100181,100,100789,100,100129,100,100801,100,100127,100,100803,100,100126,100,100837,100,100055,100
2019-06-28 09:56:19.602078799,100524,248,100427,348,100603,348,100392,348,100617,100,100275,300,100626,100,100210,100,100717,100,100186,100,100736,100,100181,100,100789,100,100129,100,100801,100,100127,100,100803,100,100126,100,100837,100,100055,100
2019-06-28 09:56:20.000000000,100603,199,100427,199,100617,199,100392,199,100626,199,100275,399,100717,199,100210,199,100736,199,100186,199,100789,100,100181,100,100801,100,100129,100,100803,100,100127,100,100837,100,100126,100,100901,100,100055,100
2019-06-28 09:56:29.334796853,100603,199,100427,199,100617,199,100392,199,100626,199,100275,499,100717,199,100210,199,100736,199,100186,199,100789,100,100181,100,100801,100,100129,100,100803,100,100126,100,100837,100,100055,100,100901,100,100051,100
2019-06-28 09:56:30.000000000,100603,199,100427,199,100617,199,100392,199,100626,199,100275,499,100717,199,100210,199,100736,199,100186,199,100789,100,100181,100,100801,100,100129,100,100803,100,100126,100,100837,100,100055,100,100901,100,100051,100
2019-06-28 09:56:40.000000000,100603,199,100427,199,100617,199,100392,199,100626,199,100275,499,100717,199,100210,199,100736,199,100186,199,100789,100,100181,100,100801,100,100129,100,100803,100,100126,100,100837,100,100055,100,100901,100,100051,100
2019-06-28 09:56:50.000000000,100603,348,100427,348,100617,348,100392,348,100626,100,100275,400,100717,100,100210,100,100736,100,100186,100,100789,100,100181,100,100801,100,100129,100,100803,100,100126,100,100837,100,100055,100,100901,100,100051,100
2019-06-28 09:57:00.000000000,100603,596,100427,596,100617,100,100392,100,100626,100,100275,400,100717,100,100210,100,100736,100,100186,100,100789,100,100181,100,100801,100,100129,100,100803,100,100126,100,100837,100,100055,100,100901,100,100051,100
2019-06-28 09:57:07.873338716,100603,596,100447,100,100617,100,100427,596,100626,100,100392,100,100717,100,100275,400,100736,100,100210,100,100789,100,100186,100,100801,100,100181,100,100803,100,100129,100,100837,100,100126,100,100901,100,100055,100
2019-06-28 09:57:10.000000000,100603,596,100447,596,100617,100,100427,100,100626,100,100392,100,100717,100,100275,400,100736,100,100210,100,100789,100,100186,100,100801,100,100181,100,100803,100,100129,100,100837,100,100126,100,100901,100,100055,100
2019-06-28 09:57:20.000000000,100603,596,100447,596,100617,100,100427,100,100626,100,100392,100,100717,100,100275,400,100736,100,100210,100,100789,100,100186,100,100801,100,100181,100,100803,100,100129,100,100837,100,100126,100,100901,100,100055,100
2019-06-28 09:57:30.000000000,100603,596,100447,596,100617,100,100427,100,100626,100,100392,100,100717,100,100275,400,100736,100,100210,100,100789,100,100186,100,100801,100,100181,100,100803,100,100129,100,100837,100,100126,100,100901,100,100055,100
2019-06-28 09:57:30.911449561,100603,596,100447,596,100617,100,100427,100,100626,100,100392,100,100717,100,100275,500,100736,100,100210,100,100789,100,100186,100,100801,100,100181,100,100803,100,100129,100,100837,100,100126,100,100901,100,100055,100
2019-06-28 09:57:40.000000000,100603,224,100447,224,100617,224,100427,224,100626,224,100392,224,100717,224,100275,624,100736,100,100210,100,100789,100,100186,100,100801,100,100181,100,100803,100,100129,100,100837,100,100126,100,100901,100,100055,100
2019-06-28 09:57:50.000000000,100603,596,100447,596,100617,100,100427,100,100626,100,100392,100,100717,100,100275,500,100736,100,100210,100,100789,100,100186,100,100801,100,100181,100,100803,100,100129,100,100837,100,100126,100,100901,100,100055,100
2019-06-28 09:58:00.000000000,100603,348,100447,348,100617,348,100427,348,100626,100,100392,100,100717,100,100275,500,100736,100,100210,100,100789,100,100186,100,100801,100,100181,100,100803,100,100129,100,100837,100,100126,100,100901,100,100055,100
2019-06-28 09:58:06.862837616,100603,348,100447,348,100617,348,100427,348,100626,100,100392,100,100717,100,100275,400,100736,100,100210,100,100789,100,100186,100,100801,100,100181,100,100803,100,100129,100,100837,100,100126,100,100901,100,100055,100
2019-06-28 09:58:10.000000000,100603,348,100447,348,100617,348,100427,348,100626,100,100392,100,100717,100,100275,400,100736,100,100210,100,100789,100,100186,100,100801,100,100181,100,100803,100,100129,100,100837,100,100126,100,100901,100,100055,100
2019-06-28 09:58:11.108686904,100551,100,100447,348,100603,348,100427,348,100617,348,100392,100,100626,100,100275,400,100717,100,100210,100,100736,100,100186,100,100789,100,100181,100,100801,100,100129,100,100803,100,100126,100,100837,100,100055,100
2019-06-28 09:58:20.000000000,100551,199,100447,199,100603,199,100427,199,100617,199,100392,199,100626,199,100275,499,100717,199,100210,199,100736,100,100186,100,100789,100,100181,100,100801,100,100129,100,100803,100,100126,100,100837,100,100055,100
2019-06-28 09:58:30.000000000,100551,199,100447,199,100603,199,100427,199,100617,199,100392,199,100626,199,100275,499,100717,199,100210,199,100736,100,100186,100,100789,100,100181,100,100801,100,100129,100,100803,100,100126,100,100837,100,100055,100
2019-06-28 09:58:40.000000000,100551,199,100447,199,100603,199,100427,199,100617,199,100392,199,100626,199,100275,499,100717,199,100210,199,100736,100,100186,100,100789,100,100181,100,100801,100,100129,100,100803,100,100126,100,100837,100,100055,100
2019-06-28 09:58:50.000000000,100551,224,100447,224,100603,224,100427,224,100617,224,100392,224,100626,224,100275,524,100717,100,100210,100,100736,100,100186,100,100789,100,100181,100,100801,100,100129,100,100803,100,100126,100,100837,100,100055,100
2019-06-28 09:58:56.633196495,100551,224,100447,124,100603,224,100427,224,100617,224,100392,224,100626,224,100275,524,100717,100,100210,100,100736,100,100186,100,100789,100,100181,100,100801,100,100129,100,100803,100,100126,100,100837,100,100055,100
2019-06-28 09:59:00.000000000,100551,348,100427,348,100603,348,100392,348,100617,100,100275,400,100626,100,100210,100,100717,100,100186,100,100736,100,100181,100,100789,100,100129,100,100801,100,100126,100,100803,100,100055,100,100837,100,100051,100
2019-06-28 09:59:07.110944260,100551,348,100427,248,100603,348,100392,348,100617,100,100275,400,100626,100,100210,100,100717,100,100186,100,100736,100,100181,100,100789,100,100129,100,100801,100,100126,100,100803,100,100055,100,100837,100,100051,100
2019-06-28 09:59:10.000000000,100551,596,100392,596,100603,100,100275,400,100617,100,100210,100,100626,100,100186,100,100717,100,100181,100,100736,100,100129,100,100789,100,100126,100,100801,100,100055,100,100803,100,100051,100,100837,100,100050,100
2019-06-28 09:59:17.835155797,100551,596,100392,496,100603,100,100275,400,100617,100,100210,100,100626,100,100186,100,100717,100,100181,100,100736,100,100129,100,100789,100,100126,100,100801,100,100055,100,100803,100,100051,100,100837,100,100050,100
2019-06-28 09:59:20.000000000,100551,269,100275,569,100603,264,100210,264,100617,264,100186,264,100626,100,100181,100,100717,100,100129,100,100736,100,100126,100,100789,100,100055,100,100801,100,100051,100,100803,100,100050,100,100837,100,99996,100
2019-06-28 09:59:30.000000000,100551,269,100275,569,100603,264,100210,264,100617,264,100186,264,100626,100,100181,100,100717,100,100129,100,100736,100,100126,100,100789,100,100055,100,100801,100,100051,100,100803,100,100050,100,100837,100,99996,100
2019-06-28 09:59:36.229780639,100551,269,100275,469,100603,264,100210,264,100617,264,100186,264,100626,100,100181,100,100717,100,100129,100,100736,100,100126,100,100789,100,100055,100,100801,100,100051,100,100803,100,100050,100,100901,100,99996,100
2019-06-28 09:59:40.000000000,100551,596,100275,796,100603,100,100210,100,100617,100,100186,100,100626,100,100181,100,100717,100,100129,100,100736,100,100126,100,100789,100,100055,100,100801,100,100051,100,100803,100,100050,100,100901,100,99996,100
2019-06-28 09:59:50.000000000,100551,596,100275,796,100603,100,100210,100,100617,100,100186,100,100626,100,100181,100,100717,100,100129,100,100736,100,100126,100,100789,100,100055,100,100801,100,100051,100,100803,100,100050,100,100901,100,99996,100
2019-06-28 10:00:00.000000000,100551,199,100275,399,100603,199,100210,199,100617,199,100186,199,100626,199,100181,199,100717,199,100129,199,100736,100,100126,100,100789,100,100055,100,100801,100,100051,100,100803,100,100050,100,100901,100,99996,100
2019-06-28 10:00:09.604329376,100551,199,100275,399,100603,199,100210,199,100617,199,100186,199,100626,199,100181,299,100717,199,100129,199,100736,100,100126,100,100789,100,100055,100,100801,100,100051,100,100803,100,100050,100,100901,100,99996,100
2019-06-28 10:00:10.000000000,100551,199,100275,399,100603,199,100210,199,100617,199,100186,199,100626,199,100181,299,100717,199,100129,199,100736,100,100126,100,100789,100,100055,100,100801,100,100051,100,100803,100,100050,100,100901,100,99996,100
2019-06-28 10:00:20.000000000,100551,596,100275,796,100603,100,100210,100,100617,100,100186,100,100626,100,100181,200,100717,100,100129,100,100736,100,100126,100,100789,100,100055,100,100801,100,100051,100,100803,100,100050,100,100901,100,99996,100
2019-06-28 10:00:30.000000000,100551,269,100275,469,100603,264,100210,264,100617,264,100186,264,100626,100,100181,200,100717,100,100129,100,100736,100,100126,100,100789,100,100055,100,100801,100,100051,100,100803,100,100050,100,100901,100,99996,100
2019-06-28 10:00:30.881235674,100551,269,100276,100,100603,264,100275,369,100617,264,100210,264,100626,100,100186,264,100717,100,100181,200,100736,100,100129,100,100789,100,100126,100,100801,100,100055,100,100803,100,100051,100,100901,100,100050,100
2019-06-28 10:00:40.000000000,100551,224,100276,224,100603,224,100275,324,100617,224,100210,224,100626,224,100186,224,100717,100,100181,200,100736,100,100129,100,100789,100,100126,100,100801,100,100055,100,100803,100,100051,100,100901,100,100050,100
2019-06-28 10:00:42.297303518,100551,224,100276,224,100603,224,100275,324,100617,224,100210,224,100626,224,100186,224,100717,100,100181,200,100736,100,100129,100,100789,100,100126,100,100801,100,100055,100,100803,100,100051,100,100901,100,100050,100
2019-06-28 10:00:50.000000000,100551,348,100276,348,100603,348,100275,448,100617,100,100210,100,100626,100,100186,100,100717,100,100181,200,100736,100,100129,100,100789,100,100126,100,100801,100,100055,100,100803,100,100051,100,100901,100,100050,100
2019-06-28 10:00:51.856034426,100551,348,100276,348,100603,348,100275,348,100617,100,100210,100,100626,100,100186,100,100717,100,100181,200,100736,100,100129,100,100789,100,100126,100,100801,100,100055,100,100803,100,100051,100,100901,100,100050,100
2019-06-28 10:00:58.942289075,100551,348,100276,248,100603,348,100275,348,100617,100,100210,100,100626,100,100186,100,100717,100,100181,200,100736,100,100129,100,100789,100,100126,100,100801,100,100055,100,100803,100,100051,100,100901,100,100050,100
2019-06-28 10:01:00.000000000,100551,269,100275,269,100603,264,100210,264,100617,264,100186,264,100626,100,100181,200,100717,100,100129,100,100736,100,100126,100,100789,100,100055,100,100801,100,100051,100,100803,100,100050,100,100901,100,99996,100
2019-06-28 10:01:10.000000000,100551,199,100275,199,100603,199,100210,199,100617,199,100186,199,100626,199,100181,299,100717,199,100129,199,100736,100,100126,100,100789,100,100055,100,100801,100,100051,100,100803,100,100050,100,100901,100,99996,100
2019-06-28 10:01:20.000000000,100551,348,100275,348,100603,348,100210,348,100617,100,100186,100,100626,100,100181,200,100717,100,100129,100,100736,100,100126,100,100789,100,100055,100,100801,100,100051,100,100803,100,100050,100,100901,100,99996,100
2019-06-28 10:01:26.346516296,100551,348,100275,348,100603,348,100210,348,100617,100,100186,100,100626,100,100181,200,100717,100,100129,100,100736,100,100126,100,100789,100,100116,100,100801,100,100055,100,100803,100,100051,100,100901,100,100050,100
2019-06-28 10:01:28.551954259,100276,100,100275,348,100551,348,100210,348,100603,348,100186,100,100617,100,100181,200,100626,100,100129,100,100717,100,100126,100,100736,100,100116,100,100789,100,100055,100,100801,100,100051,100,100803,100,100050,100
2019-06-28 10:01:30.000000000,100276,224,100275,224,100551,224,100210,224,100603,224,100186,224,100617,224,100181,324,100626,100,100129,100,100717,100,100126,100,100736,100,100116,100,100789,100,100055,100,100801,100,100051,100,100803,100,100050,100
2019-06-28 10:01:40.000000000,100276,269,100275,269,100551,264,100210,264,100603,264,100186,264,100617,100,100181,200,100626,100,100129,100,100717,100,100126,100,100736,100,100116,100,100789,100,100055,100,100801,100,100051,100,100803,100,100050,100
2019-06-28 10:01:50.000000000,100276,269,100275,269,100551,264,100210,264,100603,264,100186,264,100617,100,100181,200,100626,100,100129,100,100717,100,100126,100,100736,100,100116,100,100789,100,100055,100,100801,100,100051,100,100803,100,100050,100
2019-06-28 10:02:00.000000000,100276,348,100275,348,100551,348,100210,348,100603,100,100186,100,100617,100,100181,200,100626,100,100129,100,100717,100,100126,100,100736,100,100116,100,100789,100,100055,100,100801,100,100051,100,100803,100,100050,100
2019-06-28 10:02:10.000000000,100276,348,100275,348,100551,348,100210,348,100603,100,100186,100,100617,100,100181,200,100626,100,100129,100,100717,100,100126,100,100736,100,100116,100,100789,100,100055,100,100801,100,100051,100,100803,100,100050,100
2019-06-28 10:02:10.776972734,100276,348,100275,348,100551,348,100210,348,100603,100,100186,100,100617,100,100181,200,100626,100,100129,100,100717,100,100126,100,100736,100,100116,100,100789,100,100106,100,100801,100,100055,100,100803,100,100051,100
2019-06-28 10:02:11.114998577,100276,448,100275,348,100551,348,100210,348,100603,100,100186,100,100617,100,100181,200,100626,100,100129,100,100717,100,100126,100,100736,100,100116,100,100789,100,100106,100,100801,100,100055,100,100803,100,100051,100
2019-06-28 10:02:20.000000000,100276,696,100275,596,100551,100,100210,100,100603,100,100186,100,100617,100,100181,200,100626,100,100129,100,100717,100,100126,100,100736,100,100116,100,100789,100,100106,100,100801,100,100055,100,100803,100,100051,100
2019-06-28 10:02:23.146697286,100276,696,100275,496,100551,100,100210,100,100603,100,100186,100,100617,100,100181,200,100626,100,100129,100,100717,100,100126,100,100736,100,100116,100,100789,100,100106,100,100801,100,100055,100,100803,100,100051,100
2019-06-28 10:02:25.063462279,100276,696,100275,496,100551,100,100210,100,100603,100,100186,100,100617,100,100181,200,100626,100,100129,100,100717,100,100126,100,100736,100,100116,100,100789,100,100106,100,100801,100,100055,100,100803,100,100051,100
2019-06-28 10:02:30.000000000,100276,448,100210,348,100551,348,100186,348,100603,100,100181,200,100617,100,100129,100,100626,100,100126,100,100717,100,100116,100,100736,100,100106,100,100789,100,100055,100,100801,100,100051,100,100803,100,100050,100
2019-06-28 10:02:40.000000000,100276,696,100210,596,100551,100,100186,100,100603,100,100181,200,100617,100,100129,100,100626,100,100126,100,100717,100,100116,100,100736,100,100106,100,100789,100,100055,100,100801,100,100051,100,100803,100,100050,100
2019-06-28 10:02:50.000000000,100276,324,100210,224,100551,224,100186,224,100603,224,100181,324,100617,224,100129,224,100626,100,100126,100,100717,100,100116,100,100736,100,100106,100,100789,100,100055,100,100801,100,100051,100,100803,100,100050,100
2019-06-28 10:02:52.590928329,100276,324,100244,100,100551,224,100210,124,100603,224,100186,224,100617,224,100181,324,100626,100,100129,224,100717,100,100126,100,100736,100,100116,100,100789,100,100106,100,100801,100,100055,100,100803,100,100051,100
2019-06-28 10:03:00.000000000,100276,448,100244,348,100551,348,100186,348,100603,100,100181,200,100617,100,100129,100,100626,100,100126,100,100717,100,100116,100,100736,100,100106,100,100789,100,100055,100,100801,100,100051,100,100803,100,100050,100
2019-06-28 10:03:10.000000000,100276,448,100244,348,100551,348,100186,348,100603,100,100181,200,100617,100,100129,100,100626,100,100126,100,100717,100,100116,100,100736,100,100106,100,100789,100,100055,100,100801,100,100051,100,100803,100,100050,100
2019-06-28 10:03:15.286604712,100276,448,100244,348,100418,100,100186,348,100551,348,100181,200,100603,100,100129,100,100617,100,100126,100,100626,100,100116,100,100717,100,100106,100,100736,100,100055,100,100789,100,100051,100,100801,100,100050,100
2019-06-28 10:03:20.000000000,100276,448,100244,348,100418,348,100186,348,100551,100,100181,200,100603,100,100129,100,100617,100,100126,100,100626,100,100116,100,100717,100,100106,100,100736,100,100055,100,100789,100,100051,100,100801,100,100050,100
2019-06-28 10:03:22.024034575,100275,100,100244,348,100276,448,100186,348,100418,348,100181,200,100551,100,100129,100,100603,100,100126,100,100617,100,100116,100,100626,100,100106,100,100717,100,100055,100,100736,100,100051,100,100789,100,100050,100
2019-06-28 10:03:30.000000000,100275,199,100244,199,100276,299,100186,199,100418,199,100181,299,100551,199,100129,199,100603,199,100126,199,100617,100,100116,100,100626,100,100106,100,100717,100,100055,100,100736,100,100051,100,100789,100,100050,100
2019-06-28 10:03:34.616935511,100275,199,100244,199,100276,299,100207,100,100418,199,100186,199,100551,199,100181,299,100603,199,100129,199,100617,100,100126,199,100626,100,100116,100,100717,100,100106,100,100736,100,100055,100,100789,100,100051,100
2019-06-28 10:03:40.000000000,100275,348,100244,348,100276,448,100207,348,100418,100,100186,100,100551,100,100181,200,100603,100,100129,100,100617,100,100126,100,100626,100,100116,100,100717,100,100106,100,100736,100,100055,100,100789,100,100051,100
2019-06-28 10:03:41.116872659,100275,448,100244,348,100276,448,100207,348,100418,100,100186,100,100551,100,100181,200,100603,100,100129,100,100617,100,100126,100,100626,100,100116,100,100717,100,100106,100,100736,100,100055,100,100789,100,100051,100
2019-06-28 10:03:41.722812746,100275,548,100244,348,100276,448,100207,348,100418,100,100186,100,100551,100,100181,200,100603,100,100129,100,100617,100,100126,100,100626,100,100116,100,100717,100,100106,100,100736,100,100055,100,100789,100,100051,100
2019-06-28 10:03:44.645398687,100275,548,100244,348,100276,448,100207,348,100418,100,100186,100,100433,100,100181,200,100603,100,100129,100,100617,100,100126,100,100626,100,100116,100,100717,100,100106,100,100736,100,100055,100,100789,100,100051,100
2019-06-28 10:03:50.000000000,100275,424,100244,224,100276,324,100207,224,100418,224,100186,224,100433,224,100181,324,100603,100,100129,100,100617,100,100126,100,100626,100,100116,100,100717,100,100106,100,100736,100,100055,100,100789,100,100051,100
2019-06-28 10:04:00.000000000,100275,796,100244,596,100276,200,100207,100,100418,100,100186,100,100433,100,100181,200,100603,100,100129,100,100617,100,100126,100,100626,100,100116,100,100717,100,100106,100,100736,100,100055,100,100789,100,100051,100
2019-06-28 10:04:02.427331057,100275,796,100244,596,100276,200,100207,100,100380,100,100186,100,100418,100,100181,200,100433,100,100129,100,100603,100,100126,100,100617,100,100116,100,100717,100,100106,100,100736,100,100055,100,100789,100,100051,100
2019-06-28 10:04:06.835107082,100275,796,100244,496,100276,200,100207,100,100418,100,100186,100,100433,100,100181,200,100603,100,100129,100,100617,100,100126,100,100717,100,100116,100,100736,100,100106,100,100789,100,100055,100,100801,100,100051,100
2019-06-28 10:04:10.000000000,100275,548,100207,348,100276,448,100186,348,100418,100,100181,200,100433,100,100129,100,100603,100,100126,100,100617,100,100116,100,100717,100,100106,100,100736,100,100055,100,100789,100,100051,100,100801,100,100050,100
2019-06-28 10:04:20.000000000,100275,796,100207,596,100276,200,100186,100,100418,100,100181,200,100433,100,100129,100,100603,100,100126,100,100617,100,100116,100,100717,100,100106,100,100736,100,100055,100,100789,100,100051,100,100801,100,100050,100
2019-06-28 10:04:30.000000000,100275,399,100207,199,100276,299,100186,199,100418,199,100181,299,100433,199,100129,199,100603,199,100126,199,100617,100,100116,100,100717,100,100106,100,100736,100,100055,100,100789,100,100051,100,100801,100,100050,100
2019-06-28 10:04:40.000000000,100275,424,100207,224,100276,324,100186,224,100418,224,100181,324,100433,224,100129,224,100603,100,100126,100,100617,100,100116,100,100717,100,100106,100,100736,100,100055,100,100789,100,100051,100,100801,100,100050,100
2019-06-28 10:04:50.000000000,100275,424,100207,224,100276,324,100186,224,100418,224,100181,324,100433,224,100129,224,100603,100,100126,100,100617,100,100116,100,100717,100,100106,100,100736,100,100055,100,100789,100,100051,100,100801,100,100050,100
2019-06-28 10:04:59.520731101,100275,324,100207,224,100276,224,100186,224,100418,224,100181,324,100433,224,100129,224,100603,100,100126,100,100617,100,100116,100,100717,100,100106,100,100736,100,100055,100,100789,100,100051,100,100801,100,100050,100
2019-06-28 10:05:00.000000000,100275,369,100207,269,100276,264,100186,264,100418,264,100181,364,100433,100,100129,100,100603,100,100126,100,100617,100,100116,100,100717,100,100106,100,100736,100,100055,100,100789,100,100051,100,100801,100,100050,100
2019-06-28 10:05:10.000000000,100275,299,100207,199,100276,199,100186,199,100418,199,100181,299,100433,199,100129,199,100603,199,100126,199,100617,100,100116,100,100717,100,100106,100,100736,100,100055,100,100789,100,100051,100,100801,100,100050,100
2019-06-28 10:05:20.000000000,100275,696,100207,596,100276,100,100186,100,100418,100,100181,200,100433,100,100129,100,100603,100,100126,100,100617,100,100116,100,100717,100,100106,100,100736,100,100055,100,100789,100,100051,100,100801,100,100050,100
2019-06-28 10:05:27.341164825,100275,696,100207,596,100276,100,100186,100,100418,100,100181,200,100433,100,100126,100,100603,100,100116,100,100617,100,100106,100,100717,100,100055,100,100736,100,100051,100,100789,100,100050,100,100801,100,99996,100
2019-06-28 10:05:30.000000000,100275,299,100207,199,100276,199,100186,199,100418,199,100181,299,100433,199,100126,199,100603,199,100116,199,100617,100,100106,100,100717,100,100055,100,100736,100,100051,100,100789,100,100050,100,100801,100,99996,100
2019-06-28 10:05:40.000000000,100275,299,100207,199,100276,199,100186,199,100418,199,100181,299,100433,199,100126,199,100603,199,100116,199,100617,100,100106,100,100717,100,100055,100,100736,100,100051,100,100789,100,100050,100,100801,100,99996,100
