,ask_price_1,ask_size_1,bid_price_1,bid_size_1,ask_price_2,ask_size_2,bid_price_2,bid_size_2,ask_price_3,ask_size_3,bid_price_3,bid_size_3,ask_price_4,ask_size_4,bid_price_4,bid_size_4,ask_price_5,ask_size_5,bid_price_5,bid_size_5,ask_price_6,ask_size_6,bid_price_6,bid_size_6,ask_price_7,ask_size_7,bid_price_7,bid_size_7,ask_price_8,ask_size_8,bid_price_8,bid_size_8,ask_price_9,ask_size_9,bid_price_9,bid_size_9,ask_price_10,ask_size_10,bid_price_10,bid_size_10
2019-06-28 09:30:00.000000001,,,,,,,,,,,,,,,,,,,,,,,,,,,,,,,,,,,,,,,,
2019-06-28 09:30:00.000000012,100125,100,,,,,,,,,,,,,,,,,,,,,,,,,,,,,,,,,,,,,,
2019-06-28 09:30:00.000000013,100120,100,,,100125,100,,,,,,,,,,,,,,,,,,,,,,,,,,,,,,,,,,
2019-06-28 09:30:00.000000014,100017,100,,,100105,100,,,100120,100,,,100125,100,,,,,,,,,,,,,,,,,,,,,,,,,,
2019-06-28 09:30:00.000000015,100017,100,,,100105,100,,,100120,100,,,100125,100,,,100156,100,,,,,,,,,,,,,,,,,,,,,,
2019-06-28 09:30:00.000000016,100017,100,99882,100,100105,100,,,100120,100,,,100125,100,,,100156,100,,,,,,,,,,,,,,,,,,,,,,
2019-06-28 09:30:00.000000018,99910,100,99882,100,100017,100,,,100105,100,,,100120,100,,,100125,100,,,100156,100,,,,,,,,,,,,,,,,,,
2019-06-28 09:30:00.000000019,100017,100,99882,100,100105,100,,,100120,100,,,100125,100,,,100156,100,,,,,,,,,,,,,,,,,,,,,,
2019-06-28 09:30:00.000000020,100017,100,99910,100,100105,100,99882,100,100120,100,,,100125,100,,,100156,100,,,,,,,,,,,,,,,,,,,,,,
2019-06-28 09:30:00.000000021,100004,100,99910,100,100016,100,99882,100,100017,100,,,100082,100,,,100105,100,,,100120,100,,,100125,100,,,100156,100,,,,,,,,,,
2019-06-28 09:30:00.000000026,100004,100,99910,100,100016,100,99882,100,100017,100,,,100044,100,,,100082,100,,,100105,100,,,100120,100,,,100125,100,,,100156,100,,,,,,
2019-06-28 09:30:00.000000027,100004,100,99929,100,100016,100,99910,100,100017,100,99882,100,100044,100,,,100082,100,,,100105,100,,,100120,100,,,100125,100,,,100156,100,,,100198,100,,
2019-06-28 09:30:00.000000029,100004,100,99929,100,100016,100,99910,200,100017,100,99882,100,100044,100,,,100082,100,,,100105,100,,,100120,100,,,100125,100,,,100156,100,,,100198,100,,
2019-06-28 09:30:00.000000031,100016,100,99929,100,100017,100,99910,200,100044,100,99882,100,100082,100,,,100105,100,,,100120,100,,,100125,100,,,100156,100,,,100198,100,,,,,,
2019-06-28 09:30:00.000000032,100016,100,99976,100,100017,100,99929,100,100044,100,99910,200,100082,100,99882,100,100105,100,99858,100,100120,100,,,100125,100,,,100156,100,,,100198,100,,,,,,
2019-06-28 09:30:00.000000034,100016,100,99929,100,100017,100,99910,200,100044,100,99882,100,100082,100,99867,100,100105,100,99858,100,100120,100,,,100125,100,,,100156,100,,,100198,100,,,,,,
2019-06-28 09:30:00.000000038,99984,100,99929,100,100016,100,99910,200,100017,100,99882,100,100044,100,99867,100,100082,100,99858,100,100105,100,,,100120,100,,,100125,100,,,100156,100,,,100198,100,,
2019-06-28 09:30:00.000000039,99984,100,99929,100,100016,100,99910,200,100017,100,99882,100,100044,100,99880,100,100082,100,99867,100,100105,100,99858,100,100120,100,,,100125,100,,,100156,100,,,100198,100,,
2019-06-28 09:30:00.000000040,99984,100,99929,100,100016,100,99910,200,100017,100,99882,100,100044,100,99880,100,100082,100,99867,100,100105,100,99858,100,100120,100,,,100125,100,,,100137,100,,,100156,100,,
2019-06-28 09:30:00.000000045,99984,100,99929,100,100016,100,99910,200,100017,100,99882,100,100044,100,99880,100,100082,100,99867,100,100105,100,99858,100,100120,100,,,100125,100,,,100137,100,,,100156,100,,
2019-06-28 09:30:00.000000047,99984,100,99929,100,99999,100,99910,200,100016,100,99882,100,100017,100,99880,100,100044,100,99867,100,100082,100,99858,100,100105,100,,,100120,100,,,100125,100,,,100137,100,,
2019-06-28 09:30:00.000000049,99984,100,99929,100,99999,100,99910,200,100016,100,99882,100,100017,100,99880,100,100044,100,99876,100,100045,100,99867,100,100082,100,99858,100,100105,100,,,100120,100,,,100125,100,,
2019-06-28 09:30:00.000000050,99984,100,99929,100,99999,100,99910,200,100016,100,99882,100,100017,100,99880,100,100044,100,99876,100,100045,100,99867,100,100082,100,99858,100,100105,100,,,100111,100,,,100120,100,,
2019-06-28 09:30:00.000000051,99984,100,99976,100,99999,100,99929,100,100016,100,99910,200,100017,100,99882,100,100044,100,99880,100,100045,100,99876,100,100082,100,99867,100,100105,100,99858,100,100111,100,,,100120,100,,
2019-06-28 09:30:00.000000052,99984,100,99929,100,99999,100,99910,200,100014,100,99882,100,100016,100,99880,100,100017,100,99876,100,100044,100,99867,100,100045,100,99858,100,100082,100,,,100100,100,,,100105,100,,
2019-06-28 09:30:00.000000054,99944,100,99929,100,99984,100,99910,200,99999,100,99882,100,100014,100,99880,100,100016,100,99876,100,100017,100,99867,100,100044,100,99858,100,100045,100,,,100064,100,,,100082,100,,
2019-06-28 09:30:00.000000058,99944,100,99929,100,99984,100,99910,200,99999,100,99882,100,100014,100,99880,100,100016,100,99876,100,100017,100,99867,100,100044,100,99858,100,100045,100,,,100064,100,,,100082,100,,
2019-06-28 09:30:00.000000059,99984,100,99929,100,99999,100,99910,200,100014,100,99882,100,100016,100,99880,100,100017,100,99876,100,100044,100,99867,100,100045,100,99858,100,100064,100,,,100082,100,,,100100,100,,
2019-06-28 09:30:00.000000060,99984,100,99929,100,99999,100,99910,200,100010,100,99882,100,100014,100,99880,100,100016,100,99876,100,100017,100,99867,100,100044,100,99858,100,100045,100,,,100064,100,,,100082,100,,
2019-06-28 09:30:00.000000063,99984,100,99929,100,99999,100,99910,200,100010,100,99882,100,100014,100,99880,100,100016,100,99876,100,100017,100,99867,100,100044,100,99858,100,100045,100,99762,100,100064,100,,,100082,100,,
2019-06-28 09:30:00.000000064,99984,100,99929,100,99999,100,99910,200,100010,100,99888,100,100014,100,99882,100,100016,100,99880,100,100017,100,99876,100,100044,100,99867,100,100045,100,99858,100,100064,100,99762,100,100082,100,,
2019-06-28 09:30:00.000000065,99984,100,99955,100,99999,100,99945,100,100010,100,99929,100,100014,100,99910,200,100016,100,99888,100,100017,100,99882,100,100044,100,99880,100,100045,100,99876,100,100064,100,99867,100,100082,100,99858,100
2019-06-28 09:30:00.000000067,99984,100,99955,100,99999,100,99945,100,100010,100,99929,100,100014,100,99910,200,100016,100,99888,100,100017,100,99882,100,100028,100,99880,100,100044,100,99876,100,100045,100,99867,100,100064,100,99858,100
2019-06-28 09:30:00.000000069,99984,100,99955,100,99999,100,99945,100,100010,100,99944,100,100014,100,99929,100,100016,100,99910,200,100017,100,99888,100,100028,100,99882,100,100044,100,99880,100,100045,100,99876,100,100064,100,99867,100
2019-06-28 09:30:00.000000071,99984,100,99955,100,99999,100,99945,100,100010,100,99944,100,100014,100,99929,100,100016,100,99910,200,100017,100,99888,100,100028,100,99882,100,100044,100,99880,100,100045,100,99876,100,100064,100,99867,100
2019-06-28 09:30:00.000000072,99984,100,99955,100,99999,100,99945,100,100010,100,99944,100,100014,100,99929,100,100016,100,99910,200,100017,100,99888,100,100028,100,99882,100,100044,100,99880,100,100045,100,99876,100,100064,100,99867,100
2019-06-28 09:30:00.000000078,99976,100,99955,100,99984,100,99945,100,99999,100,99944,100,100010,100,99929,100,100014,100,99910,200,100016,100,99888,100,100017,100,99882,100,100028,100,99880,100,100044,100,99876,100,100045,100,99867,100
2019-06-28 09:30:00.000000085,99984,100,99955,100,99999,100,99945,100,100010,100,99944,100,100014,100,99929,100,100016,100,99910,200,100017,100,99888,100,100028,100,99882,100,100044,100,99880,100,100045,100,99876,100,100064,100,99867,100
2019-06-28 09:30:00.000000086,99984,100,99956,100,99999,100,99955,100,100010,100,99945,100,100014,100,99944,100,100016,100,99929,100,100017,100,99910,200,100028,100,99888,100,100044,100,99882,100,100045,100,99880,100,100064,100,99876,100
2019-06-28 09:30:00.000000088,99984,100,99956,100,99999,100,99955,100,100010,100,99945,100,100014,100,99944,100,100016,100,99929,100,100017,100,99910,200,100028,100,99888,100,100044,100,99882,100,100045,100,99880,100,100064,100,99876,100
2019-06-28 09:30:00.000000091,99984,100,99967,100,99999,100,99956,100,100010,100,99955,100,100014,100,99945,100,100016,100,99944,100,100017,100,99929,100,100028,100,99910,200,100044,100,99888,100,100045,100,99882,100,100064,100,99880,100
2019-06-28 09:30:00.000000093,99999,100,99968,100,100010,100,99967,100,100014,100,99957,100,100016,100,99956,100,100017,100,99955,100,100028,100,99945,100,100044,100,99944,100,100045,100,99929,100,100064,100,99910,200,100078,100,99888,100
2019-06-28 09:30:00.000000096,99999,100,99968,100,100010,100,99967,100,100014,100,99957,100,100016,100,99956,100,100017,100,99955,100,100028,100,99945,100,100044,100,99944,100,100045,100,99929,100,100064,100,99910,200,100065,100,99888,100
2019-06-28 09:30:00.000000098,99999,100,99968,100,100010,100,99967,100,100014,100,99957,100,100016,100,99956,100,100017,100,99955,100,100028,100,99945,100,100044,100,99944,100,100045,100,99929,100,100064,100,99910,200,100065,100,99888,100
2019-06-28 09:30:10.000000000,99999,190,99968,190,100010,190,99967,190,100014,190,99957,190,100016,190,99956,190,100017,100,99955,100,100028,100,99945,100,100044,100,99944,100,100045,100,99929,100,100064,100,99910,200,100065,100,99888,100
2019-06-28 09:30:20.000000000,99999,281,99968,281,100010,281,99967,281,100014,100,99957,100,100016,100,99956,100,100017,100,99955,100,100028,100,99945,100,100044,100,99944,100,100045,100,99929,100,100064,100,99910,200,100065,100,99888,100
2019-06-28 09:30:26.134273900,99984,100,99968,281,99999,281,99967,281,100010,281,99957,100,100014,100,99955,100,100016,100,99945,100,100017,100,99944,100,100028,100,99929,100,100044,100,99910,200,100045,100,99888,100,100064,100,99882,100
2019-06-28 09:30:30.000000000,99984,172,99968,172,99999,172,99967,172,100010,172,99957,172,100014,172,99955,172,100016,172,99945,172,100017,100,99944,100,100028,100,99929,100,100044,100,99910,200,100045,100,99888,100,100064,100,99882,100
2019-06-28 09:30:31.651378223,99984,172,99968,172,99999,172,99967,172,100010,172,99957,172,100014,172,99955,172,100016,172,99945,172,100017,100,99944,100,100028,100,99929,100,100044,100,99910,200,100045,100,99888,100,100051,100,99882,100
2019-06-28 09:30:39.040545750,99984,172,99968,172,99999,172,99967,172,100010,172,99957,172,100014,172,99955,172,100016,172,99945,172,100017,100,99944,100,100028,100,99929,100,100044,100,99910,200,100045,100,99888,100,100051,100,99882,100
2019-06-28 09:30:40.000000000,99984,462,99968,462,99999,100,99967,100,100010,100,99957,100,100014,100,99955,100,100016,100,99945,100,100017,100,99944,100,100028,100,99929,100,100044,100,99910,200,100045,100,99888,100,100051,100,99882,100
2019-06-28 09:30:46.334084433,99984,462,99968,462,99999,100,99967,100,100010,100,99957,100,100014,100,99955,100,100016,100,99945,100,100017,100,99944,100,100028,100,99929,100,100044,100,99910,200,100045,100,99888,100,100051,100,99882,100
2019-06-28 09:30:46.846199518,99984,462,99968,562,99999,100,99967,100,100010,100,99957,100,100014,100,99955,100,100016,100,99945,100,100017,100,99944,100,100028,100,99929,100,100044,100,99910,200,100045,100,99888,100,100051,100,99880,100
2019-06-28 09:30:50.000000000,99984,223,99968,323,99999,219,99967,219,100010,219,99957,219,100014,100,99955,100,100016,100,99945,100,100017,100,99944,100,100028,100,99929,100,100044,100,99910,200,100045,100,99888,100,100051,100,99880,100
2019-06-28 09:30:53.665902508,99984,123,99968,423,99999,219,99967,219,100010,219,99957,219,100014,100,99955,100,100016,100,99945,100,100017,100,99944,100,100028,100,99929,100,100044,100,99910,200,100045,100,99888,100,100051,100,99880,100
2019-06-28 09:31:00.000000000,99999,172,99968,372,100010,172,99967,172,100014,172,99957,172,100016,172,99955,172,100017,172,99945,172,100028,100,99944,100,100044,100,99929,100,100045,100,99910,200,100051,100,99888,100,100064,100,99880,100
2019-06-28 09:31:02.192947905,99999,172,99968,372,100010,172,99967,172,100014,172,99957,172,100016,172,99955,172,100017,172,99945,172,100028,100,99944,100,100044,100,99929,100,100045,100,99910,200,100051,100,99888,100,100064,100,99880,100
2019-06-28 09:31:10.000000000,99999,172,99968,372,100010,172,99967,172,100014,172,99957,172,100016,172,99955,172,100017,172,99945,172,100028,100,99944,100,100044,100,99929,100,100045,100,99910,200,100051,100,99888,100,100064,100,99880,100
2019-06-28 09:31:11.050298620,99999,72,99968,372,100010,172,99967,172,100014,172,99957,172,100016,172,99955,172,100017,172,99945,172,100028,100,99944,100,100044,100,99929,100,100045,100,99910,200,100051,100,99888,100,100064,100,99880,100
2019-06-28 09:31:15.124029421,99999,72,99968,372,100010,172,99967,172,100014,172,99957,172,100016,172,99955,172,100017,172,99945,172,100028,100,99944,100,100044,100,99929,100,100045,100,99910,300,100051,100,99888,100,100064,100,99880,100
2019-06-28 09:31:15.450555468,99999,72,99968,272,100010,172,99967,172,100014,72,99957,172,100016,172,99955,172,100017,172,99945,172,100028,100,99944,100,100044,100,99929,100,100045,100,99910,300,100051,100,99888,100,100064,100,99880,100
2019-06-28 09:31:20.000000000,100010,462,99968,562,100016,100,99967,100,100017,100,99957,100,100028,100,99955,100,100044,100,99945,100,100045,100,99944,100,100051,100,99929,100,100064,100,99910,300,100065,100,99888,100,100078,100,99880,100
2019-06-28 09:31:25.848887379,100010,462,99968,462,100016,100,99967,100,100017,100,99957,100,100028,100,99955,100,100044,100,99945,100,100045,100,99944,100,100051,100,99929,100,100064,100,99910,300,100065,100,99888,100,100078,100,99880,100
2019-06-28 09:31:30.000000000,100010,281,99968,281,100016,281,99967,281,100017,100,99957,100,100028,100,99955,100,100044,100,99945,100,100045,100,99944,100,100051,100,99929,100,100064,100,99910,300,100065,100,99888,100,100078,100,99880,100
2019-06-28 09:31:35.176415524,99999,100,99968,281,100010,281,99967,281,100016,281,99957,100,100017,100,99955,100,100028,100,99945,100,100044,100,99944,100,100045,100,99929,100,100051,100,99910,300,100064,100,99888,100,100065,100,99880,100
2019-06-28 09:31:40.000000000,99999,172,99968,172,100010,172,99967,172,100016,172,99957,172,100017,172,99955,172,100028,172,99945,172,100044,100,99944,100,100045,100,99929,100,100051,100,99910,300,100064,100,99888,100,100065,100,99880,100
2019-06-28 09:31:41.480507425,99999,172,99968,172,100010,172,99967,172,100016,172,99957,172,100017,172,99955,172,100025,100,99945,172,100028,172,99944,100,100044,100,99929,100,100045,100,99910,300,100051,100,99888,100,100064,100,99880,100
2019-06-28 09:31:50.000000000,99999,281,99968,281,100010,281,99967,281,100016,100,99957,100,100017,100,99955,100,100025,100,99945,100,100028,100,99944,100,100044,100,99929,100,100045,100,99910,300,100051,100,99888,100,100064,100,99880,100
2019-06-28 09:31:54.541608011,99999,281,99968,281,100010,281,99967,281,100016,100,99957,100,100017,100,99955,100,100025,100,99945,100,100028,100,99944,100,100044,100,99929,100,100045,100,99910,300,100051,100,99888,100,100064,100,99880,100
2019-06-28 09:32:00.000000000,99999,281,99968,281,100010,281,99967,281,100016,100,99957,100,100017,100,99955,100,100025,100,99945,100,100028,100,99944,100,100044,100,99929,100,100045,100,99910,300,100051,100,99888,100,100064,100,99880,100
2019-06-28 09:32:10.000000000,99999,172,99968,172,100010,172,99967,172,100016,172,99957,172,100017,172,99955,172,100025,172,99945,172,100028,100,99944,100,100044,100,99929,100,100045,100,99910,300,100051,100,99888,100,100064,100,99880,100
2019-06-28 09:32:11.064141168,99999,172,99969,100,100010,172,99968,172,100016,172,99967,172,100017,172,99957,172,100025,172,99955,172,100028,100,99945,172,100044,100,99944,100,100045,100,99929,100,100051,100,99910,300,100064,100,99888,100
2019-06-28 09:32:20.000000000,99999,462,99969,462,100010,100,99968,100,100016,100,99967,100,100017,100,99957,100,100025,100,99955,100,100028,100,99945,100,100044,100,99944,100,100045,100,99929,100,100051,100,99910,300,100064,100,99888,100
2019-06-28 09:32:22.229068697,99999,462,99969,462,100010,100,99968,100,100016,100,99967,100,100017,100,99957,100,100025,100,99955,100,100028,100,99945,100,100044,100,99944,100,100045,100,99929,100,100051,100,99910,400,100064,100,99888,100
2019-06-28 09:32:30.000000000,99999,462,99969,462,100010,100,99968,100,100016,100,99967,100,100017,100,99957,100,100025,100,99955,100,100028,100,99945,100,100044,100,99944,100,100045,100,99929,100,100051,100,99910,400,100064,100,99888,100
2019-06-28 09:32:31.477652024,99999,462,99969,462,100010,100,99968,100,100016,100,99967,100,100017,100,99957,100,100025,100,99955,100,100028,100,99945,100,100044,100,99944,100,100045,100,99935,100,100051,100,99929,100,100064,100,99910,400
2019-06-28 09:32:38.738865712,99999,462,99969,462,100010,100,99968,100,100017,100,99967,100,100025,100,99957,100,100028,100,99955,100,100044,100,99945,100,100045,100,99944,100,100051,100,99935,100,100064,100,99929,100,100065,100,99910,400
2019-06-28 09:32:40.000000000,99999,190,99969,190,100010,190,99968,190,100017,190,99967,190,100025,190,99957,190,100028,100,99955,100,100044,100,99945,100,100045,100,99944,100,100051,100,99935,100,100064,100,99929,100,100065,100,99910,400
2019-06-28 09:32:50.000000000,99999,190,99969,190,100010,190,99968,190,100017,190,99967,190,100025,190,99957,190,100028,100,99955,100,100044,100,99945,100,100045,100,99944,100,100051,100,99935,100,100064,100,99929,100,100065,100,99910,400
2019-06-28 09:32:59.945524772,99999,190,99969,190,100010,190,99968,190,100017,190,99967,190,100025,190,99957,190,100028,100,99955,100,100044,100,99945,100,100045,100,99944,100,100051,100,99935,100,100064,100,99929,100,100065,100,99910,300
2019-06-28 09:33:00.000000000,99999,462,99969,462,100010,100,99968,100,100017,100,99967,100,100025,100,99957,100,100028,100,99955,100,100044,100,99945,100,100045,100,99944,100,100051,100,99935,100,100064,100,99929,100,100065,100,99910,300
2019-06-28 09:33:10.000000000,99999,223,99969,223,100010,219,99968,219,100017,219,99967,219,100025,100,99957,100,100028,100,99955,100,100044,100,99945,100,100045,100,99944,100,100051,100,99935,100,100064,100,99929,100,100065,100,99910,300
2019-06-28 09:33:10.031135962,99999,223,99969,123,100010,219,99968,219,100017,219,99967,219,100025,100,99957,100,100028,100,99955,100,100044,100,99945,100,100045,100,99944,100,100051,100,99935,100,100064,100,99929,100,100065,100,99910,300
2019-06-28 09:33:20.000000000,99999,172,99968,172,100010,172,99967,172,100017,172,99957,172,100025,172,99955,172,100028,172,99945,172,100044,100,99944,100,100045,100,99935,100,100051,100,99929,100,100064,100,99910,300,100065,100,99888,100
2019-06-28 09:33:30.000000000,99999,172,99968,172,100010,172,99967,172,100017,172,99957,172,100025,172,99955,172,100028,172,99945,172,100044,100,99944,100,100045,100,99935,100,100051,100,99929,100,100064,100,99910,300,100065,100,99888,100
2019-06-28 09:33:31.015893516,99999,172,99968,172,100010,172,99967,172,100017,172,99957,172,100025,172,99955,172,100028,172,99945,172,100044,100,99944,100,100045,100,99935,100,100051,100,99929,100,100065,100,99927,100,100082,100,99910,300
2019-06-28 09:33:34.201612938,99969,100,99968,172,99999,172,99967,172,100010,172,99957,172,100017,172,99955,172,100025,172,99945,172,100028,172,99944,100,100044,100,99935,100,100045,100,99929,100,100051,100,99927,100,100065,100,99910,300
2019-06-28 09:33:40.000000000,99969,190,99968,190,99999,190,99967,190,100010,190,99957,190,100017,190,99955,190,100025,100,99945,100,100028,100,99944,100,100044,100,99935,100,100045,100,99929,100,100051,100,99927,100,100065,100,99910,300
2019-06-28 09:33:50.000000000,99969,190,99968,190,99999,190,99967,190,100010,190,99957,190,100017,190,99955,190,100025,100,99945,100,100028,100,99944,100,100044,100,99935,100,100045,100,99929,100,100051,100,99927,100,100065,100,99910,300
2019-06-28 09:33:57.434375875,99969,190,99968,190,99999,190,99967,190,100010,190,99957,190,100017,190,99955,190,100025,100,99945,100,100028,100,99944,100,100044,100,99935,100,100045,100,99929,100,100051,100,99927,100,100064,100,99910,300
2019-06-28 09:33:59.776795796,99969,290,99968,190,99999,190,99967,190,100010,190,99957,90,100017,190,99955,190,100025,100,99945,100,100028,100,99944,100,100044,100,99935,100,100045,100,99929,100,100051,100,99927,100,100064,100,99910,300
2019-06-28 09:34:00.000000000,99969,323,99968,223,99999,219,99967,219,100010,219,99955,219,100017,100,99945,100,100025,100,99944,100,100028,100,99935,100,100044,100,99929,100,100045,100,99927,100,100051,100,99910,300,100064,100,99888,100
2019-06-28 09:34:06.185275199,99969,323,99968,223,99999,219,99967,219,100010,219,99955,219,100012,100,99945,100,100017,100,99944,100,100025,100,99935,100,100028,100,99929,100,100044,100,99927,100,100045,100,99910,300,100051,100,99888,100
2019-06-28 09:34:10.000000000,99969,562,99968,462,99999,100,99967,100,100010,100,99955,100,100012,100,99945,100,100017,100,99944,100,100025,100,99935,100,100028,100,99929,100,100044,100,99927,100,100045,100,99910,300,100051,100,99888,100
2019-06-28 09:34:20.000000000,99969,290,99968,190,99999,190,99967,190,100010,190,99955,190,100012,190,99945,190,100017,100,99944,100,100025,100,99935,100,100028,100,99929,100,100044,100,99927,100,100045,100,99910,300,100051,100,99888,100
2019-06-28 09:34:25.268604446,99969,290,99968,90,99999,190,99967,190,100010,190,99955,190,100012,190,99945,190,100017,100,99944,100,100025,100,99935,100,100028,100,99929,100,100044,100,99927,100,100045,100,99910,300,100051,100,99888,100
2019-06-28 09:34:28.870544548,99969,290,99968,90,99999,190,99967,190,100010,190,99955,190,100012,190,99945,190,100017,100,99944,100,100025,100,99935,100,100028,100,99929,100,100044,100,99927,100,100045,100,99910,300,100051,100,99888,100
2019-06-28 09:34:30.000000000,99969,323,99967,223,99999,219,99955,219,100010,219,99945,219,100012,100,99944,100,100017,100,99935,100,100025,100,99929,100,100028,100,99927,100,100044,100,99910,300,100045,100,99888,100,100051,100,99858,100
2019-06-28 09:34:39.584371765,99969,323,99967,223,99984,100,99955,219,99999,219,99945,219,100010,219,99944,100,100012,100,99935,100,100017,100,99929,100,100025,100,99927,100,100028,100,99910,300,100044,100,99888,100,100045,100,99858,100
2019-06-28 09:34:40.000000000,99969,290,99967,190,99984,190,99955,190,99999,190,99945,190,100010,190,99944,190,100012,100,99935,100,100017,100,99929,100,100025,100,99927,100,100028,100,99910,300,100044,100,99888,100,100045,100,99858,100
2019-06-28 09:34:50.000000000,99969,290,99967,190,99984,190,99955,190,99999,190,99945,190,100010,190,99944,190,100012,100,99935,100,100017,100,99929,100,100025,100,99927,100,100028,100,99910,300,100044,100,99888,100,100045,100,99858,100
2019-06-28 09:35:00.000000000,99969,272,99967,172,99984,172,99955,172,99999,172,99945,172,100010,172,99944,172,100012,172,99935,172,100017,100,99929,100,100025,100,99927,100,100028,100,99910,300,100044,100,99888,100,100045,100,99858,100
2019-06-28 09:35:10.000000000,99969,323,99967,223,99984,219,99955,219,99999,219,99945,219,100010,100,99944,100,100012,100,99935,100,100017,100,99929,100,100025,100,99927,100,100028,100,99910,300,100044,100,99888,100,100045,100,99858,100
2019-06-28 09:35:11.544310034,99969,323,99967,223,99984,119,99955,219,99999,219,99945,219,100010,100,99944,100,100012,100,99935,100,100017,100,99929,100,100025,100,99927,100,100028,100,99913,100,100044,100,99910,300,100045,100,99888,100
2019-06-28 09:35:20.000000000,99969,562,99967,462,99999,100,99955,100,100010,100,99945,100,100012,100,99944,100,100017,100,99935,100,100025,100,99929,100,100028,100,99927,100,100044,100,99913,100,100045,100,99910,300,100051,100,99888,100
2019-06-28 09:35:30.000000000,99969,323,99967,223,99999,219,99955,219,100010,219,99945,219,100012,100,99944,100,100017,100,99935,100,100025,100,99929,100,100028,100,99927,100,100044,100,99913,100,100045,100,99910,300,100051,100,99888,100
2019-06-28 09:35:40.000000000,99969,290,99967,190,99999,190,99955,190,100010,190,99945,190,100012,190,99944,190,100017,100,99935,100,100025,100,99929,100,100028,100,99927,100,100044,100,99913,100,100045,100,99910,300,100051,100,99888,100
2019-06-28 09:35:50.000000000,99969,562,99967,462,99999,100,99955,100,100010,100,99945,100,100012,100,99944,100,100017,100,99935,100,100025,100,99929,100,100028,100,99927,100,100044,100,99913,100,100045,100,99910,300,100051,100,99888,100
2019-06-28 09:36:00.000000000,99969,290,99967,190,99999,190,99955,190,100010,190,99945,190,100012,190,99944,190,100017,100,99935,100,100025,100,99929,100,100028,100,99927,100,100044,100,99913,100,100045,100,99910,300,100051,100,99888,100
2019-06-28 09:36:10.000000000,99969,290,99967,190,99999,190,99955,190,100010,190,99945,190,100012,190,99944,190,100017,100,99935,100,100025,100,99929,100,100028,100,99927,100,100044,100,99913,100,100045,100,99910,300,100051,100,99888,100
2019-06-28 09:36:20.000000000,99969,381,99967,281,99999,281,99955,281,100010,100,99945,100,100012,100,99944,100,100017,100,99935,100,100025,100,99929,100,100028,100,99927,100,100044,100,99913,100,100045,100,99910,300,100051,100,99888,100
2019-06-28 09:36:29.020876335,99969,281,99967,281,99999,281,99955,281,100010,100,99945,100,100012,100,99944,100,100017,100,99935,100,100025,100,99929,100,100028,100,99927,100,100044,100,99913,100,100045,100,99910,300,100051,100,99888,100
2019-06-28 09:36:30.000000000,99969,172,99967,172,99999,172,99955,172,100010,172,99945,172,100012,172,99944,172,100017,172,99935,172,100025,100,99929,100,100028,100,99927,100,100044,100,99913,100,100045,100,99910,300,100051,100,99888,100
2019-06-28 09:36:40.000000000,99969,462,99967,462,99999,100,99955,100,100010,100,99945,100,100012,100,99944,100,100017,100,99935,100,100025,100,99929,100,100028,100,99927,100,100044,100,99913,100,100045,100,99910,300,100051,100,99888,100
2019-06-28 09:36:50.000000000,99969,190,99967,190,99999,190,99955,190,100010,190,99945,190,100012,190,99944,190,100017,100,99935,100,100025,100,99929,100,100028,100,99927,100,100044,100,99913,100,100045,100,99910,300,100051,100,99888,100
2019-06-28 09:37:00.000000000,99969,223,99967,223,99999,219,99955,219,100010,219,99945,219,100012,100,99944,100,100017,100,99935,100,100025,100,99929,100,100028,100,99927,100,100044,100,99913,100,100045,100,99910,300,100051,100,99888,100
2019-06-28 09:37:10.000000000,99969,462,99967,462,99999,100,99955,100,100010,100,99945,100,100012,100,99944,100,100017,100,99935,100,100025,100,99929,100,100028,100,99927,100,100044,100,99913,100,100045,100,99910,300,100051,100,99888,100
2019-06-28 09:37:19.947619498,99969,362,99967,462,99999,100,99955,100,100010,100,99945,100,100012,100,99944,100,100017,100,99935,100,100025,100,99929,100,100028,100,99927,100,100044,100,99913,100,100045,100,99910,300,100051,100,99888,100
2019-06-28 09:37:20.000000000,99999,281,99967,281,100010,281,99955,281,100012,100,99945,100,100017,100,99944,100,100025,100,99935,100,100028,100,99929,100,100044,100,99927,100,100045,100,99913,100,100051,100,99910,300,100064,100,99888,100
2019-06-28 09:37:20.965769776,99999,281,99967,281,100010,281,99955,281,100012,100,99945,100,100017,100,99944,100,100025,100,99935,100,100028,100,99929,100,100044,100,99927,100,100045,100,99913,100,100051,100,99910,300,100064,100,99888,100
2019-06-28 09:37:30.000000000,99999,462,99967,462,100010,100,99955,100,100012,100,99945,100,100017,100,99944,100,100025,100,99935,100,100028,100,99929,100,100044,100,99927,100,100045,100,99913,100,100051,100,99910,300,100064,100,99888,100
2019-06-28 09:37:32.430470053,99999,462,99969,100,100010,100,99967,462,100012,100,99955,100,100017,100,99945,100,100025,100,99944,100,100028,100,99935,100,100044,100,99929,100,100045,100,99927,100,100051,100,99913,100,100064,100,99910,300
2019-06-28 09:37:34.268284331,99999,462,99969,100,100010,100,99967,462,100012,100,99955,100,100017,100,99945,100,100025,100,99944,100,100028,100,99935,100,100044,100,99929,100,100045,100,99927,100,100051,100,99913,100,100064,100,99910,300
2019-06-28 09:37:40.000000000,99999,462,99969,462,100010,100,99967,100,100012,100,99955,100,100017,100,99945,100,100025,100,99944,100,100028,100,99935,100,100044,100,99929,100,100045,100,99927,100,100051,100,99913,100,100064,100,99910,300
2019-06-28 09:37:48.226287251,99999,462,99969,462,100010,100,99967,100,100012,100,99955,100,100017,100,99945,100,100025,100,99944,100,100028,100,99935,100,100044,100,99929,100,100045,100,99927,100,100051,100,99913,100,100064,100,99910,300
2019-06-28 09:37:50.000000000,99999,223,99969,223,100010,219,99967,219,100012,219,99955,219,100017,100,99945,100,100025,100,99944,100,100028,100,99935,100,100044,100,99929,100,100045,100,99927,100,100051,100,99913,100,100064,100,99910,300
2019-06-28 09:38:00.000000000,99999,462,99969,462,100010,100,99967,100,100012,100,99955,100,100017,100,99945,100,100025,100,99944,100,100028,100,99935,100,100044,100,99929,100,100045,100,99927,100,100051,100,99913,100,100064,100,99910,300
2019-06-28 09:38:10.000000000,99999,281,99969,281,100010,281,99967,281,100012,100,99955,100,100017,100,99945,100,100025,100,99944,100,100028,100,99935,100,100044,100,99929,100,100045,100,99927,100,100051,100,99913,100,100064,100,99910,300
2019-06-28 09:38:15.260659393,99999,281,99969,281,100010,281,99967,281,100012,100,99945,100,100017,100,99944,100,100025,100,99935,100,100028,100,99929,100,100044,100,99927,100,100045,100,99913,100,100051,100,99910,300,100064,100,99892,100
2019-06-28 09:38:20.000000000,99999,462,99969,462,100010,100,99967,100,100012,100,99945,100,100017,100,99944,100,100025,100,99935,100,100028,100,99929,100,100044,100,99927,100,100045,100,99913,100,100051,100,99910,300,100064,100,99892,100
2019-06-28 09:38:30.000000000,99999,462,99969,462,100010,100,99967,100,100012,100,99945,100,100017,100,99944,100,100025,100,99935,100,100028,100,99929,100,100044,100,99927,100,100045,100,99913,100,100051,100,99910,300,100064,100,99892,100
2019-06-28 09:38:40.000000000,99999,190,99969,190,100010,190,99967,190,100012,190,99945,190,100017,190,99944,190,100025,100,99935,100,100028,100,99929,100,100044,100,99927,100,100045,100,99913,100,100051,100,99910,300,100064,100,99892,100
2019-06-28 09:38:43.805003331,99999,190,99969,190,100010,190,99967,190,100012,190,99945,190,100017,190,99944,190,100025,100,99935,100,100028,100,99929,100,100044,100,99927,100,100045,100,99913,100,100051,100,99910,300,100054,100,99892,100
2019-06-28 09:38:48.699708076,99999,90,99969,190,100010,190,99967,190,100012,190,99945,190,100017,190,99944,190,100025,100,99935,100,100028,100,99929,100,100044,100,99927,100,100045,100,99913,100,100051,100,99910,300,100054,100,99892,100
2019-06-28 09:38:50.000000000,100010,190,99969,190,100012,190,99967,190,100017,190,99945,190,100025,190,99944,190,100028,100,99935,100,100044,100,99929,100,100045,100,99927,100,100051,100,99913,100,100054,100,99910,300,100064,100,99892,100
2019-06-28 09:38:57.499478451,100010,190,99969,190,100012,190,99967,190,100017,190,99945,190,100025,190,99944,190,100028,100,99935,100,100044,100,99929,100,100045,100,99927,100,100051,100,99913,100,100054,100,99910,300,100064,100,99892,100
2019-06-28 09:39:00.000000000,100010,462,99969,462,100012,100,99967,100,100017,100,99945,100,100025,100,99944,100,100028,100,99935,100,100044,100,99929,100,100045,100,99927,100,100051,100,99913,100,100054,100,99910,300,100064,100,99892,100
2019-06-28 09:39:10.000000000,100010,190,99969,190,100012,190,99967,190,100017,190,99945,190,100025,190,99944,190,100028,100,99935,100,100044,100,99929,100,100045,100,99927,100,100051,100,99913,100,100054,100,99910,300,100064,100,99892,100
2019-06-28 09:39:20.000000000,100010,462,99969,462,100012,100,99967,100,100017,100,99945,100,100025,100,99944,100,100028,100,99935,100,100044,100,99929,100,100045,100,99927,100,100051,100,99913,100,100054,100,99910,300,100064,100,99892,100
2019-06-28 09:39:24.984984147,100010,462,99974,100,100012,100,99969,462,100017,100,99967,100,100025,100,99945,100,100028,100,99944,100,100044,100,99935,100,100045,100,99929,100,100051,100,99927,100,100054,100,99913,100,100064,100,99910,300
2019-06-28 09:39:30.000000000,100010,172,99974,172,100012,172,99969,172,100017,172,99967,172,100025,172,99945,172,100028,172,99944,172,100044,100,99935,100,100045,100,99929,100,100051,100,99927,100,100054,100,99913,100,100064,100,99910,300
2019-06-28 09:39:40.000000000,100010,462,99974,462,100012,100,99969,100,100017,100,99967,100,100025,100,99945,100,100028,100,99944,100,100044,100,99935,100,100045,100,99929,100,100051,100,99927,100,100054,100,99913,100,100064,100,99910,300
2019-06-28 09:39:50.000000000,100010,281,99974,281,100012,281,99969,281,100017,100,99967,100,100025,100,99945,100,100028,100,99944,100,100044,100,99935,100,100045,100,99929,100,100051,100,99927,100,100054,100,99913,100,100064,100,99910,300
2019-06-28 09:39:53.667217885,100010,281,99974,281,100012,281,99969,281,100017,100,99967,100,100025,100,99945,100,100028,100,99944,100,100044,100,99935,100,100045,100,99929,100,100051,100,99927,100,100054,100,99913,100,100064,100,99910,300
2019-06-28 09:39:54.386339674,100010,281,99974,281,100012,281,99969,281,100017,100,99967,100,100025,100,99961,100,100028,100,99944,100,100044,100,99935,100,100045,100,99929,100,100051,100,99927,100,100054,100,99913,100,100064,100,99910,300
2019-06-28 09:39:55.305154585,100008,100,99974,281,100010,281,99969,281,100012,281,99967,100,100017,100,99961,100,100025,100,99944,100,100028,100,99935,100,100044,100,99929,100,100045,100,99927,100,100051,100,99913,100,100054,100,99910,300
2019-06-28 09:40:00.000000000,100008,281,99974,281,100010,281,99969,281,100012,100,99967,100,100017,100,99961,100,100025,100,99944,100,100028,100,99935,100,100044,100,99929,100,100045,100,99927,100,100051,100,99913,100,100054,100,99910,300
2019-06-28 09:40:01.990828213,100008,281,99974,281,100010,281,99969,281,100012,100,99967,100,100017,100,99961,100,100025,100,99944,100,100028,100,99935,100,100044,100,99929,100,100045,100,99927,100,100051,100,99913,100,100054,100,99910,300
2019-06-28 09:40:06.727674704,100008,281,99974,281,100010,281,99969,281,100012,100,99967,100,100017,100,99961,100,100025,100,99944,100,100028,100,99935,100,100044,100,99929,100,100045,100,99927,100,100051,100,99913,100,100054,100,99910,300
2019-06-28 09:40:10.000000000,100008,190,99974,190,100010,190,99969,190,100012,190,99967,190,100017,190,99961,190,100025,100,99944,100,100028,100,99935,100,100044,100,99929,100,100045,100,99927,100,100051,100,99913,100,100054,100,99910,300
2019-06-28 09:40:20.000000000,100008,462,99974,462,100010,100,99969,100,100012,100,99967,100,100017,100,99961,100,100025,100,99944,100,100028,100,99935,100,100044,100,99929,100,100045,100,99927,100,100051,100,99913,100,100054,100,99910,300
2019-06-28 09:40:30.000000000,100008,223,99974,223,100010,219,99969,219,100012,219,99967,219,100017,100,99961,100,100025,100,99944,100,100028,100,99935,100,100044,100,99929,100,100045,100,99927,100,100051,100,99913,100,100054,100,99910,300
2019-06-28 09:40:40.000000000,100008,223,99974,223,100010,219,99969,219,100012,219,99967,219,100017,100,99961,100,100025,100,99944,100,100028,100,99935,100,100044,100,99929,100,100045,100,99927,100,100051,100,99913,100,100054,100,99910,300
2019-06-28 09:40:41.991021212,100008,223,99974,223,100010,219,99969,219,100012,219,99967,219,100017,100,99961,100,100025,100,99944,100,100028,100,99935,100,100044,100,99929,100,100045,100,99927,100,100051,100,99913,100,100054,100,99910,300
2019-06-28 09:40:42.788719236,100008,223,99974,123,100010,219,99969,219,100012,219,99967,219,100017,100,99961,100,100025,100,99944,100,100028,100,99935,100,100044,100,99929,100,100045,100,99927,100,100051,100,99913,100,100054,100,99910,300
2019-06-28 09:40:42.883840770,100008,223,99974,23,100010,219,99969,219,100012,219,99967,219,100017,100,99961,100,100025,100,99944,100,100028,100,99935,100,100044,100,99929,100,100045,100,99927,100,100051,100,99913,100,100054,100,99910,300
2019-06-28 09:40:50.000000000,100008,223,99969,223,100010,219,99967,219,100012,219,99961,219,100017,100,99944,100,100025,100,99935,100,100028,100,99929,100,100044,100,99927,100,100045,100,99913,100,100051,100,99910,300,100054,100,99892,100
2019-06-28 09:41:00.000000000,100008,462,99969,462,100010,100,99967,100,100012,100,99961,100,100017,100,99944,100,100025,100,99935,100,100028,100,99929,100,100044,100,99927,100,100045,100,99913,100,100051,100,99910,300,100054,100,99892,100
2019-06-28 09:41:10.000000000,100008,223,99969,223,100010,219,99967,219,100012,219,99961,219,100017,100,99944,100,100025,100,99935,100,100028,100,99929,100,100044,100,99927,100,100045,100,99913,100,100051,100,99910,300,100054,100,99892,100
2019-06-28 09:41:11.696600821,100008,223,99969,123,100010,219,99967,219,100012,219,99961,219,100017,100,99944,100,100025,100,99935,100,100028,100,99929,100,100044,100,99927,100,100045,100,99913,100,100051,100,99910,300,100054,100,99892,100
2019-06-28 09:41:20.000000000,100008,281,99967,281,100010,281,99961,281,100012,100,99944,100,100017,100,99935,100,100025,100,99929,100,100028,100,99927,100,100044,100,99913,100,100045,100,99910,300,100051,100,99892,100,100054,100,99888,100
2019-06-28 09:41:30.000000000,100008,281,99967,281,100010,281,99961,281,100012,100,99944,100,100017,100,99935,100,100025,100,99929,100,100028,100,99927,100,100044,100,99913,100,100045,100,99910,300,100051,100,99892,100,100054,100,99888,100
2019-06-28 09:41:40.000000000,100008,172,99967,172,100010,172,99961,172,100012,172,99944,172,100017,172,99935,172,100025,172,99929,172,100028,100,99927,100,100044,100,99913,100,100045,100,99910,300,100051,100,99892,100,100054,100,99888,100
2019-06-28 09:41:50.000000000,100008,281,99967,281,100010,281,99961,281,100012,100,99944,100,100017,100,99935,100,100025,100,99929,100,100028,100,99927,100,100044,100,99913,100,100045,100,99910,300,100051,100,99892,100,100054,100,99888,100
2019-06-28 09:41:57.801206408,100008,281,99967,281,100010,281,99961,281,100012,100,99944,100,100017,100,99935,100,100025,100,99929,100,100028,100,99927,100,100045,100,99913,100,100051,100,99910,300,100054,100,99892,100,100064,100,99888,100
2019-06-28 09:42:00.000000000,100008,223,99967,223,100010,219,99961,219,100012,219,99944,219,100017,100,99935,100,100025,100,99929,100,100028,100,99927,100,100045,100,99913,100,100051,100,99910,300,100054,100,99892,100,100064,100,99888,100
2019-06-28 09:42:10.000000000,100008,223,99967,223,100010,219,99961,219,100012,219,99944,219,100017,100,99935,100,100025,100,99929,100,100028,100,99927,100,100045,100,99913,100,100051,100,99910,300,100054,100,99892,100,100064,100,99888,100
2019-06-28 09:42:10.623628794,100008,223,99967,223,100010,119,99961,219,100012,219,99944,219,100017,100,99935,100,100025,100,99929,100,100028,100,99927,100,100045,100,99913,100,100051,100,99910,300,100054,100,99892,100,100064,100,99888,100
2019-06-28 09:42:14.873759334,100008,223,99967,123,100010,119,99961,219,100012,219,99944,219,100017,100,99935,100,100025,100,99929,100,100028,100,99927,100,100045,100,99913,100,100051,100,99910,300,100054,100,99892,100,100064,100,99888,100
2019-06-28 09:42:16.687785761,100008,223,99967,123,100010,119,99961,219,100012,219,99944,219,100017,100,99935,100,100025,100,99929,100,100028,100,99927,100,100045,100,99913,100,100051,100,99910,300,100054,100,99892,100,100064,100,99888,100
2019-06-28 09:42:20.000000000,100008,223,99961,223,100012,219,99944,219,100017,219,99935,219,100025,100,99929,100,100028,100,99927,100,100045,100,99913,100,100051,100,99910,300,100054,100,99892,100,100064,100,99888,100,100070,100,99858,100
2019-06-28 09:42:28.421232669,100008,223,99961,123,100012,219,99944,219,100017,219,99935,219,100025,100,99929,100,100028,100,99927,100,100045,100,99913,100,100051,100,99910,300,100054,100,99892,100,100064,100,99888,100,100070,100,99858,100
2019-06-28 09:42:30.000000000,100008,172,99944,172,100012,172,99935,172,100017,172,99929,172,100025,172,99927,172,100028,172,99913,172,100045,100,99910,300,100051,100,99892,100,100054,100,99888,100,100064,100,99858,100,100070,100,99796,100
2019-06-28 09:42:38.424081122,100008,172,99944,72,100012,172,99935,172,100017,172,99929,172,100025,172,99927,172,100028,172,99913,172,100045,100,99910,300,100051,100,99888,100,100054,100,99858,100,100064,100,99796,100,100070,100,99762,100
2019-06-28 09:42:40.000000000,100008,462,99935,462,100012,100,99929,100,100017,100,99927,100,100025,100,99913,100,100028,100,99910,300,100045,100,99888,100,100051,100,99858,100,100054,100,99796,100,100064,100,99762,100,100070,100,99681,100
2019-06-28 09:42:42.278019734,99967,100,99935,462,100008,462,99929,100,100012,100,99927,100,100017,100,99913,100,100025,100,99910,300,100028,100,99888,100,100045,100,99858,100,100051,100,99796,100,100054,100,99762,100,100064,100,99681,100
2019-06-28 09:42:50.000000000,99967,281,99935,281,100008,281,99929,281,100012,100,99927,100,100017,100,99913,100,100025,100,99910,300,100028,100,99888,100,100045,100,99858,100,100051,100,99796,100,100054,100,99762,100,100064,100,99681,100
2019-06-28 09:43:00.000000000,99967,223,99935,223,100008,219,99929,219,100012,219,99927,219,100017,100,99913,100,100025,100,99910,300,100028,100,99888,100,100045,100,99858,100,100051,100,99796,100,100054,100,99762,100,100064,100,99681,100
2019-06-28 09:43:10.000000000,99967,223,99935,223,100008,219,99929,219,100012,219,99927,219,100017,100,99913,100,100025,100,99910,300,100028,100,99888,100,100045,100,99858,100,100051,100,99796,100,100054,100,99762,100,100064,100,99681,100
2019-06-28 09:43:20.000000000,99967,462,99935,462,100008,100,99929,100,100012,100,99927,100,100017,100,99913,100,100025,100,99910,300,100028,100,99888,100,100045,100,99858,100,100051,100,99796,100,100054,100,99762,100,100064,100,99681,100
2019-06-28 09:43:24.766104803,99967,462,99935,362,100008,100,99929,100,100012,100,99927,100,100017,100,99913,100,100025,100,99910,300,100028,100,99888,100,100045,100,99858,100,100051,100,99796,100,100054,100,99762,100,100064,100,99681,100
2019-06-28 09:43:30.000000000,99967,190,99929,190,100008,190,99927,190,100012,190,99913,190,100017,190,99910,390,100025,100,99888,100,100028,100,99858,100,100045,100,99796,100,100051,100,99762,100,100054,100,99681,100,100064,100,99676,100
2019-06-28 09:43:38.545907626,99967,190,99929,90,100008,190,99927,190,100012,190,99913,190,100017,190,99910,390,100025,100,99888,100,100028,100,99858,100,100045,100,99796,100,100051,100,99762,100,100054,100,99681,100,100064,100,99676,100
2019-06-28 09:43:40.000000000,99967,223,99927,223,100008,219,99913,219,100012,219,99910,419,100017,100,99888,100,100025,100,99858,100,100028,100,99796,100,100045,100,99762,100,100051,100,99681,100,100054,100,99676,100,100064,100,99666,100
2019-06-28 09:43:50.000000000,99967,281,99927,281,100008,281,99913,281,100012,100,99910,300,100017,100,99888,100,100025,100,99858,100,100028,100,99796,100,100045,100,99762,100,100051,100,99681,100,100054,100,99676,100,100064,100,99666,100
2019-06-28 09:44:00.000000000,99967,462,99927,462,100008,100,99913,100,100012,100,99910,300,100017,100,99888,100,100025,100,99858,100,100028,100,99796,100,100045,100,99762,100,100051,100,99681,100,100054,100,99676,100,100064,100,99666,100
2019-06-28 09:44:10.000000000,99967,172,99927,172,100008,172,99913,172,100012,172,99910,372,100017,172,99888,172,100025,172,99858,172,100028,100,99796,100,100045,100,99762,100,100051,100,99681,100,100054,100,99676,100,100064,100,99666,100
2019-06-28 09:44:17.464399588,99935,100,99927,172,99967,172,99913,172,100008,172,99910,372,100012,172,99888,172,100017,172,99858,172,100025,172,99796,100,100028,100,99762,100,100045,100,99681,100,100051,100,99676,100,100054,100,99666,100
2019-06-28 09:44:20.000000000,99935,281,99927,281,99967,281,99913,281,100008,100,99910,300,100012,100,99888,100,100017,100,99858,100,100025,100,99796,100,100028,100,99762,100,100045,100,99681,100,100051,100,99676,100,100054,100,99666,100
2019-06-28 09:44:21.426445284,99935,281,99927,181,99967,281,99913,281,100008,100,99910,300,100012,100,99888,100,100017,100,99858,100,100025,100,99796,100,100028,100,99762,100,100045,100,99681,100,100051,100,99676,100,100054,100,99666,100
2019-06-28 09:44:23.000435977,99935,281,99927,81,99967,281,99913,281,100008,100,99910,300,100012,100,99888,100,100017,100,99858,100,100025,100,99796,100,100028,100,99762,100,100051,100,99681,100,100054,100,99676,100,100064,100,99666,100
2019-06-28 09:44:27.847910928,99927,19,99913,281,99935,281,99910,300,99967,281,99888,100,100008,100,99858,100,100012,100,99796,100,100017,100,99762,100,100025,100,99681,100,100028,100,99676,100,100051,100,99666,100,100054,100,99662,100
2019-06-28 09:44:30.000000000,99927,109,99913,190,99935,190,99910,390,99967,190,99888,190,100008,190,99858,190,100012,100,99796,100,100017,100,99762,100,100025,100,99681,100,100028,100,99676,100,100051,100,99666,100,100054,100,99662,100
2019-06-28 09:44:30.967144328,99927,209,99913,190,99935,190,99910,390,99967,190,99888,190,100008,190,99858,190,100012,100,99796,100,100017,100,99762,100,100025,100,99681,100,100028,100,99676,100,100051,100,99666,100,100054,100,99662,100
2019-06-28 09:44:40.000000000,99927,191,99913,172,99935,172,99910,372,99967,172,99888,172,100008,172,99858,172,100012,172,99796,172,100017,100,99762,100,100025,100,99681,100,100028,100,99676,100,100051,100,99666,100,100054,100,99662,100
2019-06-28 09:44:50.000000000,99927,300,99913,281,99935,281,99910,481,99967,100,99888,100,100008,100,99858,100,100012,100,99796,100,100017,100,99762,100,100025,100,99681,100,100028,100,99676,100,100051,100,99666,100,100054,100,99662,100
2019-06-28 09:45:00.000000000,99927,191,99913,172,99935,172,99910,372,99967,172,99888,172,100008,172,99858,172,100012,172,99796,172,100017,100,99762,100,100025,100,99681,100,100028,100,99676,100,100051,100,99666,100,100054,100,99662,100
2019-06-28 09:45:02.319853700,99913,28,99910,372,99927,191,99888,172,99935,172,99858,172,99967,172,99796,172,100008,172,99762,100,100012,172,99681,100,100017,100,99676,100,100025,100,99666,100,100028,100,99662,100,100051,100,99642,100
2019-06-28 09:45:10.000000000,99913,151,99910,423,99927,238,99888,219,99935,219,99858,219,99967,100,99796,100,100008,100,99762,100,100012,100,99681,100,100017,100,99676,100,100025,100,99666,100,100028,100,99662,100,100051,100,99642,100
2019-06-28 09:45:11.750719441,99913,151,99910,423,99927,219,99888,219,99935,219,99858,219,99967,100,99796,100,100008,100,99762,100,100012,100,99681,100,100017,100,99676,100,100025,100,99666,100,100028,100,99662,100,100051,100,99642,100
2019-06-28 09:45:14.674757051,99913,151,99910,423,99927,219,99888,219,99935,219,99858,219,99967,100,99796,100,100008,100,99762,100,100012,100,99681,100,100017,100,99676,100,100025,100,99666,100,100028,100,99662,100,100051,100,99642,100
2019-06-28 09:45:20.000000000,99913,390,99910,662,99927,100,99888,100,99935,100,99858,100,99967,100,99796,100,100008,100,99762,100,100012,100,99681,100,100017,100,99676,100,100025,100,99666,100,100028,100,99662,100,100051,100,99642,100
2019-06-28 09:45:24.078986778,99913,390,99910,562,99926,100,99888,100,99927,100,99858,100,99935,100,99796,100,99967,100,99762,100,100008,100,99681,100,100012,100,99676,100,100017,100,99666,100,100025,100,99662,100,100028,100,99642,100
2019-06-28 09:45:30.000000000,99913,390,99910,562,99926,100,99888,100,99927,100,99858,100,99935,100,99796,100,99967,100,99762,100,100008,100,99681,100,100012,100,99676,100,100017,100,99666,100,100025,100,99662,100,100028,100,99642,100
2019-06-28 09:45:30.171146172,99913,390,99910,462,99926,100,99888,100,99927,100,99858,100,99935,100,99796,100,99967,100,99762,100,100008,100,99681,100,100012,100,99676,100,100017,100,99666,100,100025,100,99662,100,100028,100,99642,100
2019-06-28 09:45:32.444211284,99913,390,99910,362,99926,100,99888,100,99927,100,99858,100,99935,100,99796,100,99967,100,99762,100,100008,100,99681,100,100012,100,99676,100,100017,100,99666,100,100025,100,99662,100,100028,100,99642,100
2019-06-28 09:45:40.000000000,99913,100,99888,172,99926,172,99858,172,99927,172,99796,172,99935,172,99762,172,99967,172,99681,172,100008,100,99676,100,100012,100,99666,100,100017,100,99662,100,100025,100,99642,100,100028,100,99396,100
2019-06-28 09:45:50.000000000,99913,151,99888,223,99926,219,99858,219,99927,219,99796,219,99935,100,99762,100,99967,100,99681,100,100008,100,99676,100,100012,100,99666,100,100017,100,99662,100,100025,100,99642,100,100028,100,99396,100
2019-06-28 09:45:54.894656629,99913,151,99888,123,99926,219,99858,219,99927,219,99796,219,99935,100,99762,100,99967,100,99681,100,100008,100,99676,100,100012,100,99662,100,100017,100,99642,100,100025,100,99396,100,100028,100,99372,100
2019-06-28 09:45:56.300491719,99913,151,99888,123,99926,219,99858,219,99927,219,99796,219,99935,100,99762,100,99967,100,99676,100,100008,100,99662,100,100012,100,99642,100,100017,100,99396,100,100025,100,99372,100,100028,100,98969,100
2019-06-28 09:46:00.000000000,99913,390,99858,462,99926,100,99796,100,99927,100,99762,100,99935,100,99676,100,99967,100,99662,100,100008,100,99642,100,100012,100,99396,100,100017,100,99372,100,100025,100,98969,100,100028,100,,
2019-06-28 09:46:10.000000000,99913,118,99858,190,99926,190,99796,190,99927,190,99762,190,99935,190,99676,190,99967,100,99662,100,100008,100,99642,100,100012,100,99396,100,100017,100,99372,100,100025,100,98969,100,100028,100,,
2019-06-28 09:46:20.000000000,99913,100,99858,172,99926,172,99796,172,99927,172,99762,172,99935,172,99676,172,99967,172,99662,172,100008,100,99642,100,100012,100,99396,100,100017,100,99372,100,100025,100,98969,100,100028,100,,
2019-06-28 09:46:30.000000000,99913,151,99858,223,99926,219,99796,219,99927,219,99762,219,99935,100,99676,100,99967,100,99662,100,100008,100,99642,100,100012,100,99396,100,100017,100,99372,100,100025,100,98969,100,100028,100,,
2019-06-28 09:46:37.304537922,99913,151,99858,223,99926,219,99796,119,99927,219,99762,219,99935,100,99696,100,99967,100,99676,100,100008,100,99662,100,100012,100,99642,100,100017,100,99396,100,100025,100,99372,100,100028,100,98969,100
2019-06-28 09:46:40.000000000,99913,209,99858,281,99926,281,99762,281,99927,100,99696,100,99935,100,99676,100,99967,100,99662,100,100008,100,99642,100,100012,100,99396,100,100017,100,99372,100,100025,100,98969,100,100028,100,,
2019-06-28 09:46:40.833402571,99913,209,99858,181,99926,281,99762,281,99927,100,99696,100,99935,100,99676,100,99967,100,99662,100,100008,100,99396,100,100012,100,99372,100,100017,100,98969,100,100025,100,,,100028,100,,
2019-06-28 09:46:50.000000000,99913,100,99762,172,99926,172,99696,172,99927,172,99676,172,99935,172,99662,172,99967,172,99396,172,100008,100,99372,100,100012,100,98969,100,100017,100,,,100025,100,,,100028,100,,
2019-06-28 09:46:59.660245924,99913,100,99762,72,99926,172,99696,172,99927,172,99676,172,99935,172,99662,172,99967,172,99396,172,100008,100,99372,100,100012,100,98969,100,100017,100,,,100025,100,,,100028,100,,
2019-06-28 09:47:00.000000000,99913,209,99696,281,99926,281,99676,281,99927,100,99662,100,99935,100,99396,100,99967,100,99372,100,100008,100,98969,100,100012,100,,,100017,100,,,100025,100,,,100028,100,,
2019-06-28 09:47:10.000000000,99913,100,99696,172,99926,172,99676,172,99927,172,99662,172,99935,172,99396,172,99967,172,99372,172,100008,100,98969,100,100012,100,,,100017,100,,,100025,100,,,100028,100,,
2019-06-28 09:47:19.118628618,99809,100,99696,172,99913,100,99676,172,99926,172,99662,172,99927,172,99396,172,99935,172,99372,172,99967,172,98969,100,100008,100,,,100012,100,,,100017,100,,,100025,100,,
2019-06-28 09:47:20.000000000,99809,462,99696,462,99913,28,99676,100,99926,100,99662,100,99927,100,99396,100,99935,100,99372,100,99967,100,98969,100,100008,100,,,100012,100,,,100017,100,,,100025,100,,
2019-06-28 09:47:30.000000000,99809,223,99696,223,99913,147,99676,219,99926,219,99662,219,99927,100,99396,100,99935,100,99372,100,99967,100,98969,100,100008,100,,,100012,100,,,100017,100,,,100025,100,,
2019-06-28 09:47:40.000000000,99809,172,99696,172,99913,100,99676,172,99926,172,99662,172,99927,172,99396,172,99935,172,99372,172,99967,100,98969,100,100008,100,,,100012,100,,,100017,100,,,100025,100,,
2019-06-28 09:47:50.000000000,99809,281,99696,281,99913,209,99676,281,99926,100,99662,100,99927,100,99396,100,99935,100,99372,100,99967,100,98969,100,100008,100,,,100012,100,,,100017,100,,,100025,100,,
2019-06-28 09:47:50.990532335,99809,281,99696,281,99858,100,99676,281,99913,209,99662,100,99926,100,99396,100,99927,100,99372,100,99935,100,98969,100,99967,100,,,100008,100,,,100012,100,,,100017,100,,
2019-06-28 09:47:56.224231498,99809,281,99763,100,99858,100,99696,281,99913,209,99676,281,99926,100,99662,100,99927,100,99396,100,99935,100,99372,100,99967,100,98969,100,100008,100,,,100012,100,,,100017,100,,
2019-06-28 09:47:59.272901745,99809,181,99763,100,99858,100,99696,281,99913,209,99676,281,99926,100,99662,100,99927,100,99612,100,99935,100,99396,100,99967,100,99372,100,100008,100,98969,100,100012,100,,,100017,100,,
2019-06-28 09:48:00.000000000,99858,223,99763,223,99913,147,99696,219,99926,219,99676,219,99927,100,99662,100,99935,100,99612,100,99967,100,99396,100,100008,100,99372,100,100012,100,98969,100,100017,100,,,100025,100,,
2019-06-28 09:48:10.000000000,99858,223,99763,223,99913,147,99696,219,99926,219,99676,219,99927,100,99662,100,99935,100,99612,100,99967,100,99396,100,100008,100,99372,100,100012,100,98969,100,100017,100,,,100025,100,,
2019-06-28 09:48:10.248970239,99858,223,99763,323,99913,147,99696,219,99926,219,99676,219,99935,100,99662,100,99967,100,99612,100,100008,100,99396,100,100012,100,99372,100,100017,100,98969,100,100025,100,,,100028,100,,
2019-06-28 09:48:20.000000000,99858,281,99763,381,99913,209,99696,281,99926,100,99676,100,99935,100,99662,100,99967,100,99612,100,100008,100,99396,100,100012,100,99372,100,100017,100,98969,100,100025,100,,,100028,100,,
2019-06-28 09:48:21.236191997,99785,100,99763,381,99858,281,99696,281,99913,209,99676,100,99926,100,99662,100,99935,100,99612,100,99967,100,99396,100,100008,100,99372,100,100012,100,98969,100,100017,100,,,100025,100,,
2019-06-28 09:48:21.463122077,99785,100,99763,381,99858,281,99702,100,99913,209,99696,281,99926,100,99662,100,99935,100,99612,100,99967,100,99396,100,100008,100,99372,100,100012,100,98969,100,100017,100,,,100025,100,,
2019-06-28 09:48:30.000000000,99785,462,99763,562,99858,100,99702,100,99913,28,99696,100,99926,100,99662,100,99935,100,99612,100,99967,100,99396,100,100008,100,99372,100,100012,100,98969,100,100017,100,,,100025,100,,
2019-06-28 09:48:35.568562527,99785,462,99763,562,99858,100,99702,100,99913,28,99696,100,99926,100,99695,100,99935,100,99662,100,99967,100,99612,100,100008,100,99396,100,100012,100,99372,100,100017,100,98969,100,100025,100,,
2019-06-28 09:48:40.000000000,99785,190,99763,290,99858,190,99702,190,99913,118,99696,190,99926,190,99695,190,99935,100,99662,100,99967,100,99612,100,100008,100,99396,100,100012,100,99372,100,100017,100,98969,100,100025,100,,
2019-06-28 09:48:50.000000000,99785,281,99763,381,99858,281,99702,281,99913,28,99696,100,99926,100,99695,100,99935,100,99662,100,99967,100,99612,100,100008,100,99396,100,100012,100,99372,100,100017,100,98969,100,100025,100,,
2019-06-28 09:48:57.862009957,99785,281,99763,381,99858,381,99702,281,99913,28,99696,100,99926,100,99695,100,99935,100,99662,100,99967,100,99612,100,100008,100,99396,100,100012,100,99372,100,100017,100,98969,100,100025,100,,
2019-06-28 09:49:00.000000000,99785,462,99763,562,99858,200,99702,100,99913,28,99696,100,99926,100,99695,100,99935,100,99662,100,99967,100,99612,100,100008,100,99396,100,100012,100,99372,100,100017,100,98969,100,100025,100,,
2019-06-28 09:49:10.000000000,99785,223,99763,323,99858,319,99702,219,99913,147,99696,219,99926,100,99695,100,99935,100,99662,100,99967,100,99612,100,100008,100,99396,100,100012,100,99372,100,100017,100,98969,100,100025,100,,
2019-06-28 09:49:13.094995515,99785,223,99763,323,99858,319,99702,219,99913,147,99696,219,99926,100,99695,100,99935,100,99662,100,99967,100,99612,100,100008,100,99396,100,100012,100,99372,100,100025,100,98969,100,100028,100,,
2019-06-28 09:49:13.623626066,99785,123,99763,323,99858,319,99702,219,99913,147,99696,219,99926,100,99695,100,99935,100,99662,100,99967,100,99612,100,100012,100,99396,100,100025,100,99372,100,100028,100,98969,100,100051,100,,
2019-06-28 09:49:14.118634796,99785,23,99763,323,99858,319,99702,219,99913,147,99696,219,99926,100,99695,100,99935,100,99662,100,99967,100,99612,100,100012,100,99396,100,100025,100,99372,100,100028,100,98969,100,100051,100,,
2019-06-28 09:49:15.491709955,99858,319,99785,77,99913,147,99763,323,99926,100,99702,219,99935,100,99696,219,99967,100,99695,100,100012,100,99662,100,100025,100,99612,100,100028,100,99396,100,100051,100,99372,100,100054,100,98969,100
2019-06-28 09:49:18.562590483,99858,319,99785,77,99913,147,99763,323,99926,100,99702,219,99935,100,99696,219,99967,100,99695,100,100012,100,99662,100,100025,100,99612,100,100028,100,99396,100,100029,100,99372,100,100051,100,98969,100
2019-06-28 09:49:20.000000000,99858,323,99785,200,99913,147,99763,319,99926,219,99702,219,99935,100,99696,100,99967,100,99695,100,100012,100,99662,100,100025,100,99612,100,100028,100,99396,100,100029,100,99372,100,100051,100,98969,100
2019-06-28 09:49:25.442612890,99858,323,99785,200,99913,147,99763,319,99926,219,99702,219,99935,100,99695,100,99967,100,99662,100,100012,100,99612,100,100025,100,99396,100,100028,100,99372,100,100029,100,98969,100,100051,100,,
2019-06-28 09:49:28.173376009,99858,323,99785,200,99913,147,99763,319,99926,219,99702,219,99935,100,99695,100,99939,100,99662,100,99967,100,99612,100,100012,100,99396,100,100025,100,99372,100,100028,100,98969,100,100029,100,,
2019-06-28 09:49:30.000000000,99858,272,99785,149,99913,100,99763,272,99926,172,99702,172,99935,172,99695,172,99939,172,99662,172,99967,100,99612,100,100012,100,99396,100,100025,100,99372,100,100028,100,98969,100,100029,100,,
2019-06-28 09:49:40.000000000,99858,272,99785,149,99913,100,99763,272,99926,172,99702,172,99935,172,99695,172,99939,172,99662,172,99967,100,99612,100,100012,100,99396,100,100025,100,99372,100,100028,100,98969,100,100029,100,,
2019-06-28 09:49:48.991979042,99858,272,99785,149,99913,100,99763,272,99926,172,99702,172,99935,172,99695,172,99939,172,99662,172,99967,100,99612,100,100012,100,99396,100,100025,100,98969,100,100028,100,,,100029,100,,
2019-06-28 09:49:50.000000000,99858,323,99785,200,99913,147,99763,319,99926,219,99702,219,99935,100,99695,100,99939,100,99662,100,99967,100,99612,100,100012,100,99396,100,100025,100,98969,100,100028,100,,,100029,100,,
2019-06-28 09:50:00.000000000,99858,272,99785,149,99913,100,99763,272,99926,172,99702,172,99935,172,99695,172,99939,172,99662,172,99967,100,99612,100,100012,100,99396,100,100025,100,98969,100,100028,100,,,100029,100,,
2019-06-28 09:50:10.000000000,99858,562,99785,439,99913,28,99763,200,99926,100,99702,100,99935,100,99695,100,99939,100,99662,100,99967,100,99612,100,100012,100,99396,100,100025,100,98969,100,100028,100,,,100029,100,,
2019-06-28 09:50:12.662264200,99858,562,99785,439,99913,28,99763,200,99926,100,99702,100,99935,100,99695,100,99939,100,99662,100,99967,100,99612,100,100012,100,99396,100,100025,100,98969,100,100028,100,,,100029,100,,
2019-06-28 09:50:13.045663406,99858,562,99785,439,99913,28,99763,200,99935,100,99702,100,99939,100,99695,100,99967,100,99662,100,100012,100,99612,100,100025,100,99396,100,100028,100,98969,100,100029,100,,,100033,100,,
2019-06-28 09:50:20.000000000,99858,381,99785,258,99913,209,99763,381,99935,100,99702,100,99939,100,99695,100,99967,100,99662,100,100012,100,99612,100,100025,100,99396,100,100028,100,98969,100,100029,100,,,100033,100,,
2019-06-28 09:50:30.000000000,99858,290,99785,167,99913,118,99763,290,99935,190,99702,190,99939,190,99695,190,99967,100,99662,100,100012,100,99612,100,100025,100,99396,100,100028,100,98969,100,100029,100,,,100033,100,,
2019-06-28 09:50:40.000000000,99858,381,99785,258,99913,209,99763,381,99935,100,99702,100,99939,100,99695,100,99967,100,99662,100,100012,100,99612,100,100025,100,99396,100,100028,100,98969,100,100029,100,,,100033,100,,
2019-06-28 09:50:46.072848625,99858,281,99785,258,99913,209,99763,381,99935,100,99702,100,99939,100,99695,100,99967,100,99662,100,100012,100,99612,100,100025,100,99396,100,100028,100,98969,100,100029,100,,,100033,100,,
2019-06-28 09:50:50.000000000,99858,190,99785,167,99913,118,99763,290,99935,190,99702,190,99939,190,99695,190,99967,100,99662,100,100012,100,99612,100,100025,100,99396,100,100028,100,98969,100,100029,100,,,100033,100,,
2019-06-28 09:50:50.396664422,99858,190,99785,167,99913,118,99763,290,99935,190,99702,190,99939,190,99695,190,99967,100,99662,100,100012,100,99612,100,100025,100,99396,100,100028,100,98969,100,100029,100,,,100033,100,,
2019-06-28 09:51:00.000000000,99858,462,99785,439,99913,28,99763,200,99935,100,99702,100,99939,100,99695,100,99967,100,99662,100,100012,100,99612,100,100025,100,99396,100,100028,100,98969,100,100029,100,,,100033,100,,
2019-06-28 09:51:10.000000000,99858,281,99785,258,99913,209,99763,381,99935,100,99702,100,99939,100,99695,100,99967,100,99662,100,100012,100,99612,100,100025,100,99396,100,100028,100,98969,100,100029,100,,,100033,100,,
2019-06-28 09:51:20.000000000,99858,190,99785,167,99913,118,99763,290,99935,190,99702,190,99939,190,99695,190,99967,100,99662,100,100012,100,99612,100,100025,100,99396,100,100028,100,98969,100,100029,100,,,100033,100,,
2019-06-28 09:51:30.000000000,99858,281,99785,258,99913,209,99763,381,99935,100,99702,100,99939,100,99695,100,99967,100,99662,100,100012,100,99612,100,100025,100,99396,100,100028,100,98969,100,100029,100,,,100033,100,,
2019-06-28 09:51:31.747436462,99858,281,99785,181,99913,209,99763,381,99935,100,99702,100,99939,100,99695,100,99967,100,99662,100,100012,100,99612,100,100025,100,99396,100,100028,100,98969,100,100029,100,,,100033,100,,
2019-06-28 09:51:40.000000000,99858,172,99763,272,99913,100,99702,172,99935,172,99695,172,99939,172,99662,172,99967,172,99612,172,100012,100,99396,100,100025,100,98969,100,100028,100,,,100029,100,,,100033,100,,
2019-06-28 09:51:50.000000000,99858,281,99763,381,99913,209,99702,281,99935,100,99695,100,99939,100,99662,100,99967,100,99612,100,100012,100,99396,100,100025,100,98969,100,100028,100,,,100029,100,,,100033,100,,
2019-06-28 09:51:55.671059012,99858,281,99763,381,99913,209,99702,281,99939,100,99695,100,99967,100,99662,100,100012,100,99612,100,100025,100,99396,100,100028,100,98969,100,100029,100,,,100033,100,,,100051,100,,
2019-06-28 09:52:00.000000000,99858,281,99763,381,99913,209,99702,281,99939,100,99695,100,99967,100,99662,100,100012,100,99612,100,100025,100,99396,100,100028,100,98969,100,100029,100,,,100033,100,,,100051,100,,
2019-06-28 09:52:10.000000000,99858,190,99763,290,99913,118,99702,190,99939,190,99695,190,99967,190,99662,190,100012,100,99612,100,100025,100,99396,100,100028,100,98969,100,100029,100,,,100033,100,,,100051,100,,
2019-06-28 09:52:18.792160478,99776,100,99763,290,99858,190,99702,190,99913,118,99695,190,99939,190,99662,190,99967,190,99396,100,100012,100,98969,100,100025,100,,,100028,100,,,100029,100,,,100033,100,,
2019-06-28 09:52:20.000000000,99776,281,99763,381,99858,281,99702,281,99913,28,99695,100,99939,100,99662,100,99967,100,99396,100,100012,100,98969,100,100025,100,,,100028,100,,,100029,100,,,100033,100,,
2019-06-28 09:52:26.493836456,99776,281,99763,281,99858,281,99702,281,99913,28,99695,100,99939,100,99662,100,99967,100,99396,100,100012,100,98969,100,100025,100,,,100028,100,,,100029,100,,,100033,100,,
2019-06-28 09:52:30.000000000,99776,223,99763,223,99858,219,99702,219,99913,147,99695,219,99939,100,99662,100,99967,100,99396,100,100012,100,98969,100,100025,100,,,100028,100,,,100029,100,,,100033,100,,
2019-06-28 09:52:34.258410541,99776,223,99763,223,99858,219,99702,219,99913,147,99695,219,99939,100,99662,100,99967,100,99548,100,100025,100,99396,100,100028,100,98969,100,100029,100,,,100033,100,,,100051,100,,
2019-06-28 09:52:40.000000000,99776,462,99763,462,99858,100,99702,100,99913,28,99695,100,99939,100,99662,100,99967,100,99548,100,100025,100,99396,100,100028,100,98969,100,100029,100,,,100033,100,,,100051,100,,
2019-06-28 09:52:46.977504569,99776,462,99763,462,99858,100,99702,100,99913,28,99695,100,99939,100,99662,100,99967,100,99645,100,100025,100,99548,100,100028,100,99396,100,100029,100,98969,100,100033,100,,,100051,100,,
2019-06-28 09:52:49.023744291,99776,362,99763,462,99913,28,99702,100,99939,100,99695,100,99967,100,99662,100,100025,100,99645,100,100028,100,99548,100,100029,100,99396,100,100033,100,98969,100,100051,100,,,100054,100,,
2019-06-28 09:52:50.000000000,99913,390,99763,462,99939,100,99702,100,99967,100,99695,100,100025,100,99662,100,100028,100,99645,100,100029,100,99548,100,100033,100,99396,100,100051,100,98969,100,100054,100,,,100082,100,,
2019-06-28 09:53:00.000000000,99913,390,99763,462,99939,100,99702,100,99967,100,99695,100,100025,100,99662,100,100028,100,99645,100,100029,100,99548,100,100033,100,99396,100,100051,100,98969,100,100054,100,,,100082,100,,
2019-06-28 09:53:07.695681148,99913,390,99852,100,99939,100,99763,462,99967,100,99702,100,100025,100,99695,100,100028,100,99662,100,100029,100,99645,100,100033,100,99548,100,100051,100,99396,100,100054,100,98969,100,100082,100,,
2019-06-28 09:53:10.000000000,99913,390,99852,462,99939,100,99763,100,99967,100,99702,100,100025,100,99695,100,100028,100,99662,100,100029,100,99645,100,100033,100,99548,100,100051,100,99396,100,100054,100,98969,100,100082,100,,
2019-06-28 09:53:20.000000000,99913,209,99852,281,99939,281,99763,281,99967,100,99702,100,100025,100,99695,100,100028,100,99662,100,100029,100,99645,100,100033,100,99548,100,100051,100,99396,100,100054,100,98969,100,100082,100,,
2019-06-28 09:53:25.574856766,99913,209,99852,281,99939,281,99786,100,99967,100,99763,281,100025,100,99702,100,100028,100,99695,100,100029,100,99662,100,100033,100,99645,100,100051,100,99548,100,100054,100,99396,100,100082,100,98969,100
2019-06-28 09:53:30.000000000,99913,100,99852,172,99939,172,99786,172,99967,172,99763,172,100025,172,99702,172,100028,172,99695,172,100029,100,99662,100,100033,100,99645,100,100051,100,99548,100,100054,100,99396,100,100082,100,98969,100
2019-06-28 09:53:40.000000000,99913,209,99852,281,99939,281,99786,281,99967,100,99763,100,100025,100,99702,100,100028,100,99695,100,100029,100,99662,100,100033,100,99645,100,100051,100,99548,100,100054,100,99396,100,100082,100,98969,100
2019-06-28 09:53:43.862832494,99913,209,99852,281,99939,281,99820,100,99967,100,99786,281,100025,100,99763,100,100028,100,99702,100,100029,100,99695,100,100033,100,99662,100,100051,100,99645,100,100054,100,99548,100,100082,100,99396,100
2019-06-28 09:53:47.502760825,99913,209,99852,281,99939,281,99820,100,99967,100,99786,381,100025,100,99763,100,100028,100,99702,100,100029,100,99695,100,100033,100,99662,100,100051,100,99645,100,100054,100,99548,100,100082,100,99396,100
2019-06-28 09:53:49.916758541,99913,209,99852,281,99939,281,99820,100,99967,100,99786,381,100019,100,99763,100,100025,100,99702,100,100028,100,99695,100,100029,100,99662,100,100033,100,99645,100,100051,100,99548,100,100054,100,99396,100
2019-06-28 09:53:50.000000000,99913,151,99852,223,99939,219,99820,219,99967,219,99786,319,100019,100,99763,100,100025,100,99702,100,100028,100,99695,100,100029,100,99662,100,100033,100,99645,100,100051,100,99548,100,100054,100,99396,100
2019-06-28 09:54:00.000000000,99913,209,99852,281,99939,281,99820,281,99967,100,99786,200,100019,100,99763,100,100025,100,99702,100,100028,100,99695,100,100029,100,99662,100,100033,100,99645,100,100051,100,99548,100,100054,100,99396,100
2019-06-28 09:54:10.000000000,99913,151,99852,223,99939,219,99820,219,99967,219,99786,319,100019,100,99763,100,100025,100,99702,100,100028,100,99695,100,100029,100,99662,100,100033,100,99645,100,100051,100,99548,100,100054,100,99396,100
2019-06-28 09:54:20.000000000,99913,209,99852,281,99939,281,99820,281,99967,100,99786,200,100019,100,99763,100,100025,100,99702,100,100028,100,99695,100,100029,100,99662,100,100033,100,99645,100,100051,100,99548,100,100054,100,99396,100
2019-06-28 09:54:29.849851268,99913,209,99852,281,99939,281,99820,281,99967,100,99786,200,100019,100,99763,100,100025,100,99702,100,100028,100,99695,100,100029,100,99662,100,100033,100,99645,100,100051,100,99548,100,100054,100,99396,100
2019-06-28 09:54:30.000000000,99913,118,99852,190,99939,190,99820,190,99967,190,99786,290,100019,190,99763,190,100025,100,99702,100,100028,100,99695,100,100029,100,99662,100,100033,100,99645,100,100051,100,99548,100,100054,100,99396,100
2019-06-28 09:54:40.000000000,99913,118,99852,190,99939,190,99820,190,99967,190,99786,290,100019,190,99763,190,100025,100,99702,100,100028,100,99695,100,100029,100,99662,100,100033,100,99645,100,100051,100,99548,100,100054,100,99396,100
2019-06-28 09:54:41.421322665,99913,118,99852,190,99939,190,99820,190,99967,190,99786,290,100019,190,99763,190,100025,100,99702,100,100028,100,99695,100,100029,100,99662,100,100033,100,99645,100,100051,100,99548,100,100054,100,99396,100
2019-06-28 09:54:50.000000000,99913,118,99852,190,99939,190,99820,190,99967,190,99786,290,100019,190,99763,190,100025,100,99702,100,100028,100,99695,100,100029,100,99662,100,100033,100,99645,100,100051,100,99548,100,100054,100,99396,100
2019-06-28 09:54:52.752235290,99913,18,99852,190,99939,190,99820,190,99967,190,99786,290,100019,190,99763,190,100025,100,99702,100,100028,100,99695,100,100029,100,99662,100,100033,100,99645,100,100051,100,99548,100,100054,100,99396,100
2019-06-28 09:54:58.845156603,99913,18,99852,190,99939,190,99820,190,99967,190,99786,290,100019,190,99763,190,100025,100,99702,100,100028,100,99695,100,100029,100,99662,100,100033,100,99645,100,100051,100,99548,100,100054,100,99396,100
2019-06-28 09:55:00.000000000,99939,281,99852,281,99967,281,99820,281,100019,100,99786,200,100025,100,99763,100,100028,100,99702,100,100029,100,99695,100,100033,100,99662,100,100051,100,99645,100,100054,100,99548,100,100082,100,99396,100
2019-06-28 09:55:03.643515747,99939,181,99852,281,99967,281,99820,281,100019,100,99786,200,100025,100,99763,100,100028,100,99702,100,100029,100,99695,100,100033,100,99662,100,100051,100,99645,100,100054,100,99548,100,100082,100,99396,100
2019-06-28 09:55:10.000000000,99967,223,99852,223,100019,219,99820,219,100025,219,99786,319,100028,100,99763,100,100029,100,99702,100,100033,100,99695,100,100051,100,99662,100,100054,100,99645,100,100082,100,99548,100,100120,100,99396,100
2019-06-28 09:55:20.000000000,99967,223,99852,223,100019,219,99820,219,100025,219,99786,319,100028,100,99763,100,100029,100,99702,100,100033,100,99695,100,100051,100,99662,100,100054,100,99645,100,100082,100,99548,100,100120,100,99396,100
2019-06-28 09:55:30.000000000,99967,172,99852,172,100019,172,99820,172,100025,172,99786,272,100028,172,99763,172,100029,172,99702,172,100033,100,99695,100,100051,100,99662,100,100054,100,99645,100,100082,100,99548,100,100120,100,99396,100
2019-06-28 09:55:38.360490385,99967,72,99852,172,100019,172,99820,172,100025,172,99786,272,100028,72,99763,172,100029,172,99702,172,100033,100,99695,100,100051,100,99662,100,100054,100,99645,100,100082,100,99548,100,100120,100,99396,100
2019-06-28 09:55:40.000000000,100019,281,99852,281,100025,281,99820,281,100029,100,99786,200,100033,100,99763,100,100051,100,99702,100,100054,100,99695,100,100082,100,99662,100,100120,100,99645,100,100125,100,99548,100,100137,100,99396,100
2019-06-28 09:55:48.904466823,100019,281,99852,281,100025,281,99820,281,100029,100,99786,200,100033,100,99763,100,100051,100,99702,100,100054,100,99695,100,100082,100,99662,100,100120,100,99645,100,100125,100,99548,100,100137,100,99396,100
2019-06-28 09:55:50.000000000,100019,172,99852,172,100025,172,99820,172,100029,172,99786,272,100033,172,99763,172,100051,172,99702,172,100054,100,99695,100,100082,100,99662,100,100120,100,99645,100,100125,100,99548,100,100137,100,99396,100
2019-06-28 09:55:51.258877881,100019,72,99852,172,100025,172,99820,172,100029,172,99786,272,100033,172,99763,172,100051,172,99702,172,100054,100,99695,100,100082,100,99645,100,100120,100,99548,100,100125,100,99396,100,100137,100,98969,100
2019-06-28 09:56:00.000000000,100025,462,99852,462,100029,100,99820,100,100033,100,99786,200,100051,100,99763,100,100054,100,99702,100,100082,100,99695,100,100120,100,99645,100,100125,100,99548,100,100137,100,99396,100,100269,100,98969,100
2019-06-28 09:56:00.951281344,100025,462,99852,462,100029,100,99820,100,100033,100,99786,200,100051,100,99763,100,100054,100,99702,100,100082,100,99695,100,100125,100,99645,100,100137,100,99548,100,100269,100,99396,100,100321,100,98969,100
2019-06-28 09:56:07.091823277,100025,462,99967,100,100029,100,99852,462,100033,100,99820,100,100051,100,99786,100,100054,100,99763,100,100082,100,99702,100,100125,100,99695,100,100137,100,99645,100,100269,100,99548,100,100321,100,99396,100
2019-06-28 09:56:07.290506101,100025,462,99967,100,100029,100,99852,462,100033,100,99820,100,100051,100,99786,100,100054,100,99763,100,100082,100,99702,100,100125,100,99695,100,100137,100,99645,100,100321,100,99548,100,100369,100,99396,100
2019-06-28 09:56:10.000000000,100025,281,99967,281,100029,281,99852,281,100033,100,99820,100,100051,100,99786,100,100054,100,99763,100,100082,100,99702,100,100125,100,99695,100,100137,100,99645,100,100321,100,99548,100,100369,100,99396,100
2019-06-28 09:56:14.126640323,100025,181,99967,281,100029,281,99852,281,100033,100,99820,100,100051,100,99786,100,100054,100,99763,100,100082,100,99702,100,100125,100,99695,100,100137,100,99645,100,100321,100,99548,100,100369,100,99396,100
2019-06-28 09:56:20.000000000,100029,462,99967,462,100033,100,99852,100,100051,100,99820,100,100054,100,99786,100,100082,100,99763,100,100125,100,99702,100,100137,100,99695,100,100321,100,99645,100,100369,100,99548,100,100416,100,99396,100
2019-06-28 09:56:30.000000000,100029,223,99967,223,100033,219,99852,219,100051,219,99820,219,100054,100,99786,100,100082,100,99763,100,100125,100,99702,100,100137,100,99695,100,100321,100,99645,100,100369,100,99548,100,100416,100,99396,100
2019-06-28 09:56:40.000000000,100029,223,99967,223,100033,219,99852,219,100051,219,99820,219,100054,100,99786,100,100082,100,99763,100,100125,100,99702,100,100137,100,99695,100,100321,100,99645,100,100369,100,99548,100,100416,100,99396,100
2019-06-28 09:56:50.000000000,100029,190,99967,190,100033,190,99852,190,100051,190,99820,190,100054,190,99786,190,100082,100,99763,100,100125,100,99702,100,100137,100,99695,100,100321,100,99645,100,100369,100,99548,100,100416,100,99396,100
2019-06-28 09:56:59.841201997,100029,190,99967,190,100033,190,99852,90,100051,190,99820,190,100054,190,99786,190,100082,100,99763,100,100125,100,99702,100,100137,100,99695,100,100321,100,99645,100,100369,100,99548,100,100416,100,99396,100
2019-06-28 09:57:00.000000000,100029,172,99967,172,100033,172,99820,172,100051,172,99786,172,100054,172,99763,172,100082,172,99702,172,100125,100,99695,100,100137,100,99645,100,100321,100,99548,100,100369,100,99396,100,100416,100,98969,100
2019-06-28 09:57:10.000000000,100029,281,99967,281,100033,281,99820,281,100051,100,99786,100,100054,100,99763,100,100082,100,99702,100,100125,100,99695,100,100137,100,99645,100,100321,100,99548,100,100369,100,99396,100,100416,100,98969,100
2019-06-28 09:57:20.000000000,100029,172,99967,172,100033,172,99820,172,100051,172,99786,172,100054,172,99763,172,100082,172,99702,172,100125,100,99695,100,100137,100,99645,100,100321,100,99548,100,100369,100,99396,100,100416,100,98969,100
2019-06-28 09:57:28.040207943,100029,72,99967,172,100033,172,99820,172,100051,172,99786,172,100054,172,99763,172,100082,172,99702,172,100125,100,99695,100,100137,100,99645,100,100321,100,99548,100,100369,100,99396,100,100416,100,98969,100
2019-06-28 09:57:28.258970934,100029,72,99967,172,100033,172,99820,172,100051,172,99786,172,100054,172,99763,172,100082,172,99702,172,100125,100,99695,100,100137,100,99645,100,100258,100,99548,100,100321,100,99396,100,100369,100,98969,100
2019-06-28 09:57:28.398526701,100029,72,99967,172,100033,172,99820,172,100051,172,99786,172,100054,172,99763,172,100082,172,99702,172,100125,100,99695,100,100137,100,99645,100,100258,100,99548,100,100321,100,99396,100,100369,100,98969,100
2019-06-28 09:57:30.000000000,100033,172,99967,172,100051,172,99820,172,100054,172,99786,172,100082,172,99763,172,100125,172,99702,172,100137,100,99695,100,100258,100,99645,100,100321,100,99548,100,100369,100,99396,100,100416,100,98969,100
2019-06-28 09:57:40.000000000,100033,281,99967,281,100051,281,99820,281,100054,100,99786,100,100082,100,99763,100,100125,100,99702,100,100137,100,99695,100,100258,100,99645,100,100321,100,99548,100,100369,100,99396,100,100416,100,98969,100
2019-06-28 09:57:50.000000000,100033,172,99967,172,100051,172,99820,172,100054,172,99786,172,100082,172,99763,172,100125,172,99702,172,100137,100,99695,100,100258,100,99645,100,100321,100,99548,100,100369,100,99396,100,100416,100,98969,100
2019-06-28 09:58:00.000000000,100033,281,99967,281,100051,281,99820,281,100054,100,99786,100,100082,100,99763,100,100125,100,99702,100,100137,100,99695,100,100258,100,99645,100,100321,100,99548,100,100369,100,99396,100,100416,100,98969,100
2019-06-28 09:58:05.412068660,100033,181,99967,281,100051,281,99820,281,100054,100,99786,100,100082,100,99763,100,100125,100,99702,100,100137,100,99695,100,100258,100,99645,100,100321,100,99548,100,100369,100,99396,100,100416,100,98969,100
2019-06-28 09:58:10.000000000,100051,281,99967,281,100054,281,99820,281,100082,100,99786,100,100125,100,99763,100,100137,100,99702,100,100258,100,99695,100,100321,100,99645,100,100369,100,99548,100,100416,100,99396,100,100454,100,98969,100
2019-06-28 09:58:20.000000000,100051,281,99967,281,100054,281,99820,281,100082,100,99786,100,100125,100,99763,100,100137,100,99702,100,100258,100,99695,100,100321,100,99645,100,100369,100,99548,100,100416,100,99396,100,100454,100,98969,100
2019-06-28 09:58:21.314064647,100051,181,99967,281,100054,281,99820,281,100082,100,99786,100,100125,100,99763,100,100137,100,99702,100,100258,100,99695,100,100321,100,99645,100,100369,100,99548,100,100416,100,99396,100,100454,100,98969,100
2019-06-28 09:58:30.000000000,100054,223,99967,223,100082,219,99820,219,100125,219,99786,219,100137,100,99763,100,100258,100,99702,100,100321,100,99695,100,100369,100,99645,100,100416,100,99548,100,100454,100,99396,100,100461,100,98969,100
2019-06-28 09:58:40.000000000,100054,281,99967,281,100082,281,99820,281,100125,100,99786,100,100137,100,99763,100,100258,100,99702,100,100321,100,99695,100,100369,100,99645,100,100416,100,99548,100,100454,100,99396,100,100461,100,98969,100
2019-06-28 09:58:43.989145845,100054,181,99967,281,100082,281,99820,281,100125,100,99786,100,100137,100,99763,100,100258,100,99702,100,100321,100,99695,100,100369,100,99645,100,100416,100,99396,100,100454,100,98969,100,100461,100,,
2019-06-28 09:58:50.000000000,100082,223,99967,223,100125,219,99820,219,100137,219,99786,219,100258,100,99763,100,100321,100,99702,100,100369,100,99695,100,100416,100,99645,100,100454,100,99396,100,100461,100,98969,100,100647,100,,
2019-06-28 09:59:00.000000000,100082,172,99967,172,100125,172,99820,172,100137,172,99786,172,100258,172,99763,172,100321,172,99702,172,100369,100,99695,100,100416,100,99645,100,100454,100,99396,100,100461,100,98969,100,100647,100,,
2019-06-28 09:59:10.000000000,100082,462,99967,462,100125,100,99820,100,100137,100,99786,100,100258,100,99763,100,100321,100,99702,100,100369,100,99695,100,100416,100,99645,100,100454,100,99396,100,100461,100,98969,100,100647,100,,
2019-06-28 09:59:17.857394394,100053,100,99967,462,100082,462,99786,100,100125,100,99763,100,100137,100,99702,100,100258,100,99695,100,100321,100,99645,100,100369,100,99396,100,100416,100,98969,100,100454,100,,,100461,100,,
2019-06-28 09:59:20.000000000,100053,281,99967,281,100082,281,99786,281,100125,100,99763,100,100137,100,99702,100,100258,100,99695,100,100321,100,99645,100,100369,100,99396,100,100416,100,98969,100,100454,100,,,100461,100,,
2019-06-28 09:59:26.703474501,100053,281,100015,100,100082,281,99967,281,100125,100,99786,281,100137,100,99763,100,100258,100,99702,100,100321,100,99695,100,100369,100,99645,100,100416,100,99396,100,100454,100,98969,100,100461,100,,
2019-06-28 09:59:30.000000000,100053,172,100015,172,100082,172,99967,172,100125,172,99786,172,100137,172,99763,172,100258,172,99702,172,100321,100,99695,100,100369,100,99645,100,100416,100,99396,100,100454,100,98969,100,100461,100,,
2019-06-28 09:59:37.707562182,100053,172,100015,172,100082,172,99967,172,100125,172,99786,172,100137,172,99763,172,100159,100,99702,172,100258,172,99645,100,100321,100,99396,100,100369,100,98969,100,100416,100,,,100454,100,,
2019-06-28 09:59:40.000000000,100053,462,100015,462,100082,100,99967,100,100125,100,99786,100,100137,100,99763,100,100159,100,99702,100,100258,100,99645,100,100321,100,99396,100,100369,100,98969,100,100416,100,,,100454,100,,
2019-06-28 09:59:50.000000000,100053,462,100015,462,100082,100,99967,100,100125,100,99786,100,100137,100,99763,100,100159,100,99702,100,100258,100,99645,100,100321,100,99396,100,100369,100,98969,100,100416,100,,,100454,100,,
2019-06-28 09:59:57.707037008,100053,462,100015,462,100082,100,99967,100,100125,100,99919,100,100137,100,99786,100,100159,100,99763,100,100258,100,99702,100,100321,100,99645,100,100369,100,99396,100,100416,100,98969,100,100454,100,,
2019-06-28 09:59:58.102789435,100053,462,100015,462,100082,100,99967,100,100125,100,99919,100,100137,100,99786,100,100159,100,99772,100,100258,100,99763,100,100321,100,99702,100,100369,100,99645,100,100416,100,99396,100,100454,100,98969,100
2019-06-28 10:00:00.000000000,100053,190,100015,190,100082,190,99967,190,100125,190,99919,190,100137,190,99786,190,100159,100,99772,100,100258,100,99763,100,100321,100,99702,100,100369,100,99645,100,100416,100,99396,100,100454,100,98969,100
2019-06-28 10:00:10.000000000,100053,172,100015,172,100082,172,99967,172,100125,172,99919,172,100137,172,99786,172,100159,172,99772,172,100258,100,99763,100,100321,100,99702,100,100369,100,99645,100,100416,100,99396,100,100454,100,98969,100
2019-06-28 10:00:20.000000000,100053,462,100015,462,100082,100,99967,100,100125,100,99919,100,100137,100,99786,100,100159,100,99772,100,100258,100,99763,100,100321,100,99702,100,100369,100,99645,100,100416,100,99396,100,100454,100,98969,100
2019-06-28 10:00:20.799180489,100053,462,100015,462,100082,100,99967,100,100125,100,99919,100,100127,100,99786,100,100137,100,99772,100,100159,100,99763,100,100258,100,99702,100,100321,100,99645,100,100369,100,99396,100,100416,100,98969,100
2019-06-28 10:00:30.000000000,100053,462,100015,462,100082,100,99967,100,100125,100,99919,100,100127,100,99786,100,100137,100,99772,100,100159,100,99763,100,100258,100,99702,100,100321,100,99645,100,100369,100,99396,100,100416,100,98969,100
2019-06-28 10:00:30.314475864,100053,462,100015,362,100082,100,99967,100,100125,100,99919,100,100127,100,99786,100,100137,100,99763,100,100159,100,99702,100,100258,100,99645,100,100321,100,99396,100,100369,100,98969,100,100416,100,,
2019-06-28 10:00:33.520550327,100053,462,100015,362,100082,100,100001,100,100125,100,99967,100,100127,100,99919,100,100137,100,99786,100,100159,100,99763,100,100258,100,99702,100,100321,100,99645,100,100369,100,99396,100,100416,100,98969,100
2019-06-28 10:00:40.000000000,100053,172,100001,172,100082,172,99967,172,100125,172,99919,172,100127,172,99786,172,100137,172,99763,172,100159,100,99702,100,100258,100,99645,100,100321,100,99396,100,100369,100,98969,100,100416,100,,
2019-06-28 10:00:50.000000000,100053,190,100001,190,100082,190,99967,190,100125,190,99919,190,100127,190,99786,190,100137,100,99763,100,100159,100,99702,100,100258,100,99645,100,100321,100,99396,100,100369,100,98969,100,100416,100,,
2019-06-28 10:01:00.000000000,100053,462,100001,462,100082,100,99967,100,100125,100,99919,100,100127,100,99786,100,100137,100,99763,100,100159,100,99702,100,100258,100,99645,100,100321,100,99396,100,100369,100,98969,100,100416,100,,
2019-06-28 10:01:00.560656323,100053,462,100001,462,100082,100,99967,100,100125,100,99919,100,100127,100,99786,100,100137,100,99763,100,100159,100,99702,100,100258,100,99645,100,100321,100,99396,100,100365,100,98969,100,100369,100,,
2019-06-28 10:01:06.050272041,100053,362,100001,462,100082,100,99967,100,100125,100,99919,100,100127,100,99786,100,100137,100,99763,100,100159,100,99702,100,100258,100,99645,100,100321,100,99396,100,100365,100,98969,100,100369,100,,
2019-06-28 10:01:09.643358911,100053,362,100016,100,100082,100,100001,462,100125,100,99967,100,100127,100,99919,100,100137,100,99786,100,100159,100,99763,100,100258,100,99702,100,100321,100,99645,100,100365,100,99396,100,100369,100,98969,100
2019-06-28 10:01:10.000000000,100082,281,100016,281,100125,281,100001,281,100127,100,99967,100,100137,100,99919,100,100159,100,99786,100,100258,100,99763,100,100321,100,99702,100,100365,100,99645,100,100369,100,99396,100,100416,100,98969,100
2019-06-28 10:01:20.000000000,100082,462,100016,462,100125,100,100001,100,100127,100,99967,100,100137,100,99919,100,100159,100,99786,100,100258,100,99763,100,100321,100,99702,100,100365,100,99645,100,100369,100,99396,100,100416,100,98969,100
2019-06-28 10:01:23.770347550,100082,362,100016,462,100125,100,100001,100,100127,100,99967,100,100137,100,99919,100,100159,100,99850,100,100258,100,99786,100,100321,100,99763,100,100365,100,99702,100,100369,100,99645,100,100416,100,99396,100
2019-06-28 10:01:26.884302452,100040,100,100016,462,100082,362,100001,100,100125,100,99967,100,100127,100,99919,100,100137,100,99850,100,100159,100,99786,100,100258,100,99763,100,100321,100,99702,100,100365,100,99645,100,100369,100,99396,100
2019-06-28 10:01:30.000000000,100040,223,100016,223,100125,219,100001,219,100127,219,99967,219,100137,100,99919,100,100159,100,99850,100,100258,100,99786,100,100321,100,99763,100,100365,100,99702,100,100369,100,99645,100,100416,100,99396,100
2019-06-28 10:01:40.000000000,100040,223,100016,223,100125,219,100001,219,100127,219,99967,219,100137,100,99919,100,100159,100,99850,100,100258,100,99786,100,100321,100,99763,100,100365,100,99702,100,100369,100,99645,100,100416,100,99396,100
2019-06-28 10:01:45.149980992,100040,223,100016,223,100125,219,100001,219,100127,219,99967,119,100137,100,99919,100,100159,100,99850,100,100258,100,99786,100,100321,100,99763,100,100365,100,99702,100,100369,100,99645,100,100416,100,99396,100
2019-06-28 10:01:50.000000000,100040,223,100016,223,100125,219,100001,219,100127,219,99919,219,100137,100,99850,100,100159,100,99786,100,100258,100,99763,100,100321,100,99702,100,100365,100,99645,100,100369,100,99396,100,100416,100,98969,100
2019-06-28 10:02:00.000000000,100040,223,100016,223,100125,219,100001,219,100127,219,99919,219,100137,100,99850,100,100159,100,99786,100,100258,100,99763,100,100321,100,99702,100,100365,100,99645,100,100369,100,99396,100,100416,100,98969,100
2019-06-28 10:02:04.898817857,100040,223,100016,223,100125,219,100001,219,100127,219,99919,119,100137,100,99850,100,100159,100,99786,100,100258,100,99763,100,100321,100,99702,100,100365,100,99645,100,100369,100,99396,100,100416,100,99330,100
2019-06-28 10:02:05.357843002,100040,223,100016,123,100125,219,100001,219,100127,219,99919,119,100137,100,99850,100,100159,100,99786,100,100258,100,99763,100,100321,100,99702,100,100365,100,99645,100,100369,100,99396,100,100416,100,99330,100
2019-06-28 10:02:10.000000000,100040,172,100001,172,100125,172,99850,172,100127,172,99786,172,100137,172,99763,172,100159,172,99702,172,100258,100,99645,100,100321,100,99396,100,100365,100,99330,100,100369,100,98969,100,100416,100,,
2019-06-28 10:02:20.000000000,100040,223,100001,223,100125,219,99850,219,100127,219,99786,219,100137,100,99763,100,100159,100,99702,100,100258,100,99645,100,100321,100,99396,100,100365,100,99330,100,100369,100,98969,100,100416,100,,
2019-06-28 10:02:23.982035233,100040,223,100001,223,100125,219,99850,219,100127,219,99786,219,100137,100,99763,100,100159,100,99702,100,100258,100,99645,100,100321,100,99414,100,100365,100,99396,100,100369,100,98969,100,100416,100,,
2019-06-28 10:02:25.183999876,100040,223,100001,123,100125,219,99850,219,100127,219,99786,219,100137,100,99763,100,100159,100,99702,100,100258,100,99645,100,100321,100,99414,100,100365,100,99396,100,100369,100,98969,100,100416,100,,
2019-06-28 10:02:30.000000000,100040,223,99850,223,100125,219,99786,219,100127,219,99763,219,100137,100,99702,100,100159,100,99645,100,100258,100,99414,100,100321,100,99396,100,100365,100,98969,100,100369,100,,,100416,100,,
2019-06-28 10:02:40.000000000,100040,172,99850,172,100125,172,99786,172,100127,172,99763,172,100137,172,99702,172,100159,172,99645,172,100258,100,99414,100,100321,100,99396,100,100365,100,98969,100,100369,100,,,100416,100,,
2019-06-28 10:02:50.000000000,100040,223,99850,223,100125,219,99786,219,100127,219,99763,219,100137,100,99702,100,100159,100,99645,100,100258,100,99414,100,100321,100,99396,100,100365,100,98969,100,100369,100,,,100416,100,,
2019-06-28 10:02:53.778963732,100040,223,99850,223,100125,219,99786,219,100127,219,99763,219,100137,100,99702,100,100159,100,99645,100,100258,100,99414,100,100321,100,99396,100,100365,100,99323,100,100369,100,98969,100,100416,100,,
2019-06-28 10:02:53.814475756,100040,223,99850,223,100125,219,99786,219,100127,219,99763,219,100137,100,99702,100,100159,100,99645,100,100258,100,99414,100,100321,100,99396,100,100365,100,99323,100,100369,100,99034,100,100416,100,98969,100
2019-06-28 10:03:00.000000000,100040,190,99850,190,100125,190,99786,190,100127,190,99763,190,100137,190,99702,190,100159,100,99645,100,100258,100,99414,100,100321,100,99396,100,100365,100,99323,100,100369,100,99034,100,100416,100,98969,100
2019-06-28 10:03:03.904956512,100040,190,99850,90,100125,190,99786,190,100127,90,99763,190,100137,190,99702,190,100159,100,99645,100,100258,100,99414,100,100321,100,99396,100,100365,100,99323,100,100369,100,99034,100,100416,100,98969,100
2019-06-28 10:03:10.000000000,100040,281,99786,281,100125,281,99763,281,100137,100,99702,100,100159,100,99645,100,100258,100,99414,100,100321,100,99396,100,100365,100,99323,100,100369,100,99034,100,100416,100,98969,100,100461,100,,
2019-06-28 10:03:20.000000000,100040,190,99786,190,100125,190,99763,190,100137,190,99702,190,100159,190,99645,190,100258,100,99414,100,100321,100,99396,100,100365,100,99323,100,100369,100,99034,100,100416,100,98969,100,100461,100,,
2019-06-28 10:03:30.000000000,100040,172,99786,172,100125,172,99763,172,100137,172,99702,172,100159,172,99645,172,100258,172,99414,172,100321,100,99396,100,100365,100,99323,100,100369,100,99034,100,100416,100,98969,100,100461,100,,
2019-06-28 10:03:33.013757368,100040,172,99786,172,100125,172,99763,172,100137,172,99702,172,100159,172,99645,172,100258,172,99414,172,100321,100,99396,100,100365,100,99323,100,100369,100,99320,100,100416,100,99034,100,100461,100,98969,100
2019-06-28 10:03:40.000000000,100040,462,99786,462,100125,100,99763,100,100137,100,99702,100,100159,100,99645,100,100258,100,99414,100,100321,100,99396,100,100365,100,99323,100,100369,100,99320,100,100416,100,99034,100,100461,100,98969,100
2019-06-28 10:03:42.084388527,100001,100,99786,462,100040,462,99763,100,100125,100,99702,100,100137,100,99645,100,100159,100,99414,100,100258,100,99396,100,100321,100,99323,100,100365,100,99320,100,100369,100,99034,100,100416,100,98969,100
2019-06-28 10:03:50.000000000,100001,462,99786,462,100040,100,99763,100,100125,100,99702,100,100137,100,99645,100,100159,100,99414,100,100258,100,99396,100,100321,100,99323,100,100365,100,99320,100,100369,100,99034,100,100416,100,98969,100
2019-06-28 10:04:00.000000000,100001,462,99786,462,100040,100,99763,100,100125,100,99702,100,100137,100,99645,100,100159,100,99414,100,100258,100,99396,100,100321,100,99323,100,100365,100,99320,100,100369,100,99034,100,100416,100,98969,100
2019-06-28 10:04:10.000000000,100001,190,99786,190,100040,190,99763,190,100125,190,99702,190,100137,190,99645,190,100159,100,99414,100,100258,100,99396,100,100321,100,99323,100,100365,100,99320,100,100369,100,99034,100,100416,100,98969,100
2019-06-28 10:04:11.775828486,100001,190,99786,90,100040,190,99763,190,100125,90,99702,190,100137,190,99645,190,100159,100,99414,100,100258,100,99396,100,100321,100,99323,100,100365,100,99320,100,100369,100,99034,100,100416,100,98969,100
2019-06-28 10:04:14.802396343,100001,190,99786,90,100040,190,99763,190,100125,90,99702,190,100137,190,99645,190,100159,100,99414,100,100258,100,99396,100,100321,100,99323,100,100365,100,99320,100,100369,100,99034,100,100416,100,98993,100
2019-06-28 10:04:20.000000000,100001,172,99763,172,100040,172,99702,172,100137,172,99645,172,100159,172,99414,172,100258,172,99396,172,100321,100,99323,100,100365,100,99320,100,100369,100,99034,100,100416,100,98993,100,100461,100,98969,100
2019-06-28 10:04:30.000000000,100001,190,99763,190,100040,190,99702,190,100137,190,99645,190,100159,190,99414,190,100258,100,99396,100,100321,100,99323,100,100365,100,99320,100,100369,100,99034,100,100416,100,98993,100,100461,100,98969,100
2019-06-28 10:04:34.636348105,100001,190,99763,90,100040,190,99702,190,100137,190,99645,190,100159,190,99414,190,100258,100,99323,100,100321,100,99320,100,100365,100,99034,100,100369,100,98993,100,100416,100,98969,100,100461,100,,
2019-06-28 10:04:40.000000000,100001,281,99702,281,100040,281,99645,281,100137,100,99414,100,100159,100,99323,100,100258,100,99320,100,100321,100,99034,100,100365,100,98993,100,100369,100,98969,100,100416,100,,,100461,100,,
2019-06-28 10:04:50.000000000,100001,462,99702,462,100040,100,99645,100,100137,100,99414,100,100159,100,99323,100,100258,100,99320,100,100321,100,99034,100,100365,100,98993,100,100369,100,98969,100,100416,100,,,100461,100,,
2019-06-28 10:04:57.645547633,100001,462,99702,462,100040,100,99645,100,100137,100,99414,100,100159,100,99323,100,100258,100,99320,100,100321,100,99034,100,100365,100,98993,100,100369,100,98969,100,100416,100,98859,100,100461,100,,
2019-06-28 10:05:00.000000000,100001,281,99702,281,100040,281,99645,281,100137,100,99414,100,100159,100,99323,100,100258,100,99320,100,100321,100,99034,100,100365,100,98993,100,100369,100,98969,100,100416,100,98859,100,100461,100,,
2019-06-28 10:05:10.000000000,100001,281,99702,281,100040,281,99645,281,100137,100,99414,100,100159,100,99323,100,100258,100,99320,100,100321,100,99034,100,100365,100,98993,100,100369,100,98969,100,100416,100,98859,100,100461,100,,
2019-06-28 10:05:20.000000000,100001,172,99702,172,100040,172,99645,172,100137,172,99414,172,100159,172,99323,172,100258,172,99320,172,100321,100,99034,100,100365,100,98993,100,100369,100,98969,100,100416,100,98859,100,100461,100,,
2019-06-28 10:05:30.000000000,100001,281,99702,281,100040,281,99645,281,100137,100,99414,100,100159,100,99323,100,100258,100,99320,100,100321,100,99034,100,100365,100,98993,100,100369,100,98969,100,100416,100,98859,100,100461,100,,
2019-06-28 10:05:38.526383600,100001,281,99702,181,100040,281,99645,281,100137,100,99414,100,100159,100,99323,100,100258,100,99320,100,100321,100,99034,100,100365,100,98993,100,100369,100,98969,100,100416,100,98859,100,100461,100,,
2019-06-28 10:05:40.000000000,100001,190,99645,190,100040,190,99414,190,100137,190,99323,190,100159,190,99320,190,100258,100,99034,100,100321,100,98993,100,100365,100,98969,100,100369,100,98859,100,100416,100,,,100461,100,,
2019-06-28 10:05:48.575968223,100001,190,99645,90,100040,190,99414,190,100137,190,99323,190,100159,190,99320,190,100258,100,99034,100,100321,100,98993,100,100365,100,98969,100,100369,100,98859,100,100416,100,,,100461,100,,
2019-06-28 10:05:50.000000000,100001,281,99414,281,100040,281,99323,281,100137,100,99320,100,100159,100,99034,100,100258,100,98993,100,100321,100,98969,100,100365,100,98859,100,100369,100,,,100416,100,,,100461,100,,
2019-06-28 10:05:55.775994361,100001,281,99414,181,100040,281,99323,281,100137,100,99320,100,100159,100,99034,100,100258,100,98993,100,100321,100,98969,100,100365,100,98859,100,100369,100,,,100416,100,,,100461,100,,
2019-06-28 10:06:00.000000000,100001,462,99323,462,100040,100,99320,100,100137,100,99034,100,100159,100,98993,100,100258,100,98969,100,100321,100,98859,100,100365,100,,,100369,100,,,100416,100,,,100461,100,,
2019-06-28 10:06:10.000000000,100001,190,99323,190,100040,190,99320,190,100137,190,99034,190,100159,190,98993,190,100258,100,98969,100,100321,100,98859,100,100365,100,,,100369,100,,,100416,100,,,100461,100,,
2019-06-28 10:06:12.292177139,100001,190,99323,190,100040,190,99320,190,100137,190,99034,190,100159,190,98993,190,100258,100,98969,100,100321,100,98859,100,100365,100,98807,100,100369,100,,,100416,100,,,100461,100,,
2019-06-28 10:06:20.000000000,100001,223,99323,223,100040,219,99320,219,100137,219,99034,219,100159,100,98993,100,100258,100,98969,100,100321,100,98859,100,100365,100,98807,100,100369,100,,,100416,100,,,100461,100,,
2019-06-28 10:06:22.130424201,100001,223,99323,123,100040,219,99320,219,100137,219,99034,219,100159,100,98993,100,100258,100,98969,100,100321,100,98859,100,100365,100,98807,100,100369,100,,,100416,100,,,100461,100,,
2019-06-28 10:06:24.852300788,100001,223,99323,123,100040,219,99320,219,100137,219,99034,219,100258,100,98993,100,100321,100,98969,100,100365,100,98859,100,100369,100,98807,100,100416,100,98768,100,100461,100,,,101254,100,,
2019-06-28 10:06:30.000000000,100001,462,99320,462,100040,100,99034,100,100137,100,98993,100,100258,100,98969,100,100321,100,98859,100,100365,100,98807,100,100369,100,98768,100,100416,100,,,100461,100,,,101254,100,,
2019-06-28 10:06:40.000000000,100001,190,99320,190,100040,190,99034,190,100137,190,98993,190,100258,190,98969,190,100321,100,98859,100,100365,100,98807,100,100369,100,98768,100,100416,100,,,100461,100,,,101254,100,,
2019-06-28 10:06:40.439516111,99414,100,99320,190,100001,190,99034,190,100040,190,98993,190,100137,190,98969,190,100258,190,98859,100,100321,100,98807,100,100365,100,98768,100,100369,100,,,100416,100,,,100461,100,,
2019-06-28 10:06:50.000000000,99414,190,99320,190,100001,190,99034,190,100040,190,98993,190,100137,190,98969,190,100258,100,98859,100,100321,100,98807,100,100365,100,98768,100,100369,100,,,100416,100,,,100461,100,,
2019-06-28 10:07:00.000000000,99414,190,99320,190,100001,190,99034,190,100040,190,98993,190,100137,190,98969,190,100258,100,98859,100,100321,100,98807,100,100365,100,98768,100,100369,100,,,100416,100,,,100461,100,,
2019-06-28 10:07:03.090587819,99414,190,99320,190,100001,190,99071,100,100040,190,99034,90,100137,190,98993,190,100258,100,98969,190,100321,100,98859,100,100365,100,98807,100,100369,100,98768,100,100416,100,,,100461,100,,
2019-06-28 10:07:10.000000000,99414,190,99320,190,100001,190,99071,190,100040,190,98993,190,100137,190,98969,190,100258,100,98859,100,100321,100,98807,100,100365,100,98768,100,100369,100,,,100416,100,,,100461,100,,
2019-06-28 10:07:20.000000000,99414,223,99320,223,100001,219,99071,219,100040,219,98993,219,100137,100,98969,100,100258,100,98859,100,100321,100,98807,100,100365,100,98768,100,100369,100,,,100416,100,,,100461,100,,
2019-06-28 10:07:22.356214916,99414,223,99320,223,100001,219,99201,100,100040,219,99071,219,100137,100,98993,219,100258,100,98969,100,100321,100,98859,100,100365,100,98807,100,100369,100,98768,100,100461,100,,,101254,100,,
2019-06-28 10:07:24.397074484,99414,223,99320,223,100001,219,99201,100,100040,219,99109,100,100258,100,99071,219,100321,100,98993,219,100365,100,98969,100,100369,100,98859,100,100461,100,98807,100,101254,100,98768,100,,,,
2019-06-28 10:07:30.000000000,99414,281,99320,281,100001,281,99201,281,100040,100,99109,100,100258,100,99071,100,100321,100,98993,100,100365,100,98969,100,100369,100,98859,100,100461,100,98807,100,101254,100,98768,100,,,,
2019-06-28 10:07:40.000000000,99414,190,99320,190,100001,190,99201,190,100040,190,99109,190,100258,190,99071,190,100321,100,98993,100,100365,100,98969,100,100369,100,98859,100,100461,100,98807,100,101254,100,98768,100,,,,
2019-06-28 10:07:50.000000000,99414,281,99320,281,100001,281,99201,281,100040,100,99109,100,100258,100,99071,100,100321,100,98993,100,100365,100,98969,100,100369,100,98859,100,100461,100,98807,100,101254,100,98768,100,,,,
2019-06-28 10:07:55.277232523,99414,181,99320,281,100001,281,99201,281,100040,100,99109,100,100258,100,99071,100,100321,100,98993,100,100365,100,98969,100,100369,100,98859,100,100461,100,98807,100,101254,100,98768,100,,,,
