,ask_price_1,ask_size_1,bid_price_1,bid_size_1,ask_price_2,ask_size_2,bid_price_2,bid_size_2,ask_price_3,ask_size_3,bid_price_3,bid_size_3,ask_price_4,ask_size_4,bid_price_4,bid_size_4,ask_price_5,ask_size_5,bid_price_5,bid_size_5,ask_price_6,ask_size_6,bid_price_6,bid_size_6,ask_price_7,ask_size_7,bid_price_7,bid_size_7,ask_price_8,ask_size_8,bid_price_8,bid_size_8,ask_price_9,ask_size_9,bid_price_9,bid_size_9,ask_price_10,ask_size_10,bid_price_10,bid_size_10
2019-06-28 09:30:00.000000001,,,99994,100,,,,,,,,,,,,,,,,,,,,,,,,,,,,,,,,,,,,
2019-06-28 09:30:00.000000006,100157,100,99994,100,100188,100,99890,100,,,,,,,,,,,,,,,,,,,,,,,,,,,,,,,,
2019-06-28 09:30:00.000000007,100123,100,99994,100,100157,100,99890,100,100188,100,,,100279,100,,,,,,,,,,,,,,,,,,,,,,,,,,
2019-06-28 09:30:00.000000012,100071,100,99994,100,100123,100,99890,100,100157,100,,,100188,100,,,100279,100,,,,,,,,,,,,,,,,,,,,,,
2019-06-28 09:30:00.000000015,100071,100,100002,100,100123,100,99994,100,100157,100,99977,100,100188,100,99890,100,100279,100,,,,,,,,,,,,,,,,,,,,,,
2019-06-28 09:30:00.000000016,100071,100,99994,100,100123,100,99977,100,100157,100,99890,100,100188,100,,,100279,100,,,,,,,,,,,,,,,,,,,,,,
2019-06-28 09:30:00.000000017,100071,100,99994,100,100123,100,99977,100,100125,100,99890,100,100157,100,,,100188,100,,,100279,100,,,,,,,,,,,,,,,,,,
2019-06-28 09:30:00.000000019,100071,100,99994,100,100121,100,99977,100,100123,100,99890,100,100125,100,,,100157,100,,,100188,100,,,100279,100,,,,,,,,,,,,,,
2019-06-28 09:30:00.000000020,100071,100,99977,100,100121,100,99890,100,100123,100,,,100125,100,,,100157,100,,,100188,100,,,100279,100,,,,,,,,,,,,,,
2019-06-28 09:30:00.000000021,100071,100,99977,100,100121,100,99890,100,100123,100,,,100125,100,,,100157,100,,,100188,100,,,100279,100,,,,,,,,,,,,,,
2019-06-28 09:30:00.000000025,100038,100,100028,100,100071,100,99992,100,100104,100,99977,100,100118,100,99890,100,100121,100,,,100123,100,,,100125,100,,,100157,100,,,100188,100,,,100279,100,,
2019-06-28 09:30:00.000000026,100071,100,100028,100,100104,100,99992,100,100118,100,99977,100,100121,100,99890,100,100123,100,,,100125,100,,,100157,100,,,100188,100,,,100279,100,,,,,,
2019-06-28 09:30:00.000000028,100071,100,100028,100,100083,100,99992,100,100104,100,99977,100,100118,100,99890,100,100121,100,,,100123,100,,,100125,100,,,100157,100,,,100188,100,,,100279,100,,
2019-06-28 09:30:00.000000032,100071,100,100028,100,100083,100,99992,100,100104,100,99977,100,100118,100,99936,100,100121,100,99890,100,100123,100,,,100125,100,,,100157,100,,,100188,100,,,100279,100,,
2019-06-28 09:30:00.000000033,100029,100,100028,100,100071,100,99992,100,100083,100,99977,100,100104,100,99936,100,100118,100,99890,100,100121,100,,,100123,100,,,100125,100,,,100157,100,,,100188,100,,
2019-06-28 09:30:00.000000034,100029,100,100028,100,100071,100,99992,100,100083,100,99977,100,100095,100,99936,100,100104,100,99890,100,100118,100,,,100121,100,,,100123,100,,,100125,100,,,100157,100,,
2019-06-28 09:30:00.000000035,100029,100,100028,100,100071,100,99992,100,100083,100,99977,100,100095,100,99936,100,100104,100,99890,100,100106,100,,,100118,100,,,100121,100,,,100123,100,,,100125,100,,
2019-06-28 09:30:00.000000036,100029,100,100028,100,100038,100,99992,100,100071,100,99977,100,100083,100,99936,100,100095,100,99890,100,100104,100,,,100106,100,,,100118,100,,,100121,100,,,100123,100,,
2019-06-28 09:30:00.000000039,100029,100,99992,100,100038,100,99977,100,100071,100,99936,100,100083,100,99890,100,100095,100,,,100104,100,,,100106,100,,,100118,100,,,100121,100,,,100123,100,,
2019-06-28 09:30:00.000000045,100029,100,99992,100,100038,100,99977,100,100071,100,99939,100,100083,100,99936,100,100095,100,99890,100,100104,100,,,100106,100,,,100118,100,,,100121,100,,,100123,100,,
2019-06-28 09:30:00.000000048,100029,100,99992,100,100038,100,99977,100,100071,100,99939,100,100083,100,99936,100,100095,100,99890,100,100104,100,,,100106,100,,,100116,100,,,100118,100,,,100121,100,,
2019-06-28 09:30:00.000000054,100029,100,99977,100,100038,100,99939,100,100071,100,99936,100,100083,100,99890,100,100095,100,,,100104,100,,,100106,100,,,100116,100,,,100118,100,,,100121,100,,
2019-06-28 09:30:00.000000055,100029,100,99939,100,100038,100,99936,100,100071,100,99890,100,100083,100,,,100095,100,,,100104,100,,,100106,100,,,100116,100,,,100118,100,,,100121,100,,
2019-06-28 09:30:00.000000056,99991,100,99939,100,100029,100,99936,100,100038,100,99890,100,100071,100,,,100083,100,,,100095,100,,,100104,100,,,100106,100,,,100116,100,,,100118,100,,
2019-06-28 09:30:00.000000058,99991,100,99939,100,100029,100,99936,100,100038,100,99926,100,100071,100,99890,100,100083,100,,,100095,100,,,100104,100,,,100106,100,,,100116,100,,,100118,100,,
2019-06-28 09:30:00.000000060,99991,100,99982,100,100029,100,99939,100,100038,100,99936,100,100071,100,99926,100,100083,100,99890,100,100095,100,,,100104,100,,,100106,100,,,100116,100,,,100118,100,,
2019-06-28 09:30:00.000000062,99991,100,99982,100,100029,100,99939,100,100038,100,99936,100,100071,100,99926,100,100083,100,99924,100,100095,100,99890,100,100104,100,,,100106,100,,,100116,100,,,100118,100,,
2019-06-28 09:30:00.000000065,99991,100,99982,100,100029,100,99939,100,100038,100,99936,100,100071,100,99926,100,100083,100,99924,100,100095,100,99890,100,100104,100,,,100106,100,,,100116,100,,,100118,100,,
2019-06-28 09:30:00.000000066,99991,100,99982,100,100029,100,99939,100,100038,100,99936,100,100071,100,99926,100,100083,100,99924,100,100095,100,99904,100,100102,100,99890,100,100104,100,,,100106,100,,,100116,100,,
2019-06-28 09:30:00.000000067,99991,100,99982,100,100029,100,99939,100,100038,100,99936,100,100071,100,99929,100,100083,100,99926,100,100095,100,99924,100,100102,100,99917,100,100104,100,99904,100,100106,100,99890,100,100116,100,,
2019-06-28 09:30:00.000000068,99991,100,99982,100,100029,100,99969,100,100038,100,99939,100,100071,100,99936,100,100083,100,99929,100,100095,100,99926,100,100102,100,99924,100,100104,100,99917,100,100106,100,99904,100,100116,100,99890,100
2019-06-28 09:30:00.000000069,99991,100,99982,100,100018,100,99969,100,100029,100,99939,100,100038,100,99936,100,100071,100,99929,100,100083,100,99926,100,100095,100,99924,100,100102,100,99917,100,100104,100,99904,100,100106,100,99890,100
2019-06-28 09:30:00.000000072,99991,100,99982,100,100018,100,99969,100,100029,100,99939,100,100038,100,99936,100,100071,100,99933,100,100083,100,99929,100,100095,100,99926,100,100102,100,99924,100,100104,100,99917,100,100106,100,99904,100
2019-06-28 09:30:00.000000073,99991,100,99969,100,100018,100,99939,100,100029,100,99936,100,100038,100,99933,100,100071,100,99929,100,100083,100,99926,100,100095,100,99924,100,100102,100,99917,100,100104,100,99904,100,100106,100,99890,100
2019-06-28 09:30:00.000000077,99991,100,99969,100,100018,100,99939,100,100029,100,99936,100,100038,100,99933,100,100071,100,99929,100,100083,100,99926,100,100095,100,99924,100,100102,100,99917,100,100104,100,99904,100,100106,100,99890,100
2019-06-28 09:30:00.000000080,99982,100,99969,100,99991,100,99939,100,100018,100,99936,100,100029,100,99933,100,100038,100,99929,100,100071,100,99926,100,100083,100,99924,100,100095,100,99917,100,100102,100,99904,100,100104,100,99890,100
2019-06-28 09:30:00.000000081,99982,100,99969,100,99991,100,99939,100,100018,100,99936,100,100029,100,99933,100,100038,100,99929,100,100071,100,99926,100,100078,100,99924,100,100083,100,99917,100,100095,100,99904,100,100102,100,99890,100
2019-06-28 09:30:00.000000082,99982,200,99969,100,99991,100,99939,100,100018,100,99936,100,100029,100,99933,100,100038,100,99929,100,100071,100,99926,100,100078,100,99924,100,100083,100,99917,100,100095,100,99904,100,100102,100,99890,100
2019-06-28 09:30:00.000000089,99982,100,99969,100,99991,100,99939,100,100018,100,99936,100,100029,100,99933,100,100038,100,99929,100,100071,100,99926,100,100078,100,99924,100,100083,100,99917,100,100095,100,99904,100,100102,100,99890,100
2019-06-28 09:30:00.000000090,99982,100,99969,100,99991,100,99939,100,100006,100,99936,100,100018,100,99933,100,100029,100,99929,100,100038,100,99926,100,100071,100,99924,100,100078,100,99917,100,100083,100,99904,100,100095,100,99890,100
2019-06-28 09:30:00.000000091,99991,100,99969,100,100006,100,99939,100,100018,100,99936,100,100029,100,99933,100,100038,100,99929,100,100071,100,99926,100,100078,100,99924,100,100083,100,99917,100,100095,100,99904,100,100102,100,99890,100
2019-06-28 09:30:00.000000092,99991,100,99939,100,100006,100,99936,100,100018,100,99933,100,100029,100,99929,100,100038,100,99926,100,100071,100,99924,100,100078,100,99917,100,100083,100,99904,100,100095,100,99890,100,100102,100,,
2019-06-28 09:30:00.000000094,99991,100,99939,100,100006,100,99936,100,100018,100,99933,100,100029,100,99929,100,100038,100,99926,100,100060,100,99924,100,100071,100,99917,100,100078,100,99904,100,100083,100,99890,100,100095,100,,
2019-06-28 09:30:00.000000095,100006,100,99939,100,100018,100,99936,100,100029,100,99933,100,100038,100,99929,100,100060,100,99926,100,100071,100,99924,100,100078,100,99917,100,100083,100,99904,100,100095,100,99890,100,100102,100,,
2019-06-28 09:30:00.000000098,100006,100,99939,100,100018,100,99936,100,100029,100,99933,100,100038,100,99929,100,100060,100,99926,100,100071,100,99924,100,100078,100,99917,100,100083,100,99905,100,100095,100,99904,100,100102,100,99890,100
2019-06-28 09:30:00.000000099,100018,100,99939,100,100029,100,99936,100,100038,100,99933,100,100060,100,99929,100,100071,100,99926,100,100078,100,99924,100,100083,100,99917,100,100095,100,99905,100,100102,100,99904,100,100104,100,99890,100
2019-06-28 09:30:10.000000000,100018,168,99939,168,100029,168,99936,168,100038,168,99933,168,100060,168,99929,168,100071,168,99926,168,100078,100,99924,100,100083,100,99917,100,100095,100,99905,100,100102,100,99904,100,100104,100,99890,100
2019-06-28 09:30:20.000000000,100018,168,99939,168,100029,168,99936,168,100038,168,99933,168,100060,168,99929,168,100071,168,99926,168,100078,100,99924,100,100083,100,99917,100,100095,100,99905,100,100102,100,99904,100,100104,100,99890,100
2019-06-28 09:30:30.000000000,100018,184,99939,184,100029,184,99936,184,100038,184,99933,184,100060,184,99929,184,100071,100,99926,100,100078,100,99924,100,100083,100,99917,100,100095,100,99905,100,100102,100,99904,100,100104,100,99890,100
2019-06-28 09:30:40.000000000,100018,168,99939,168,100029,168,99936,168,100038,168,99933,168,100060,168,99929,168,100071,168,99926,168,100078,100,99924,100,100083,100,99917,100,100095,100,99905,100,100102,100,99904,100,100104,100,99890,100
2019-06-28 09:30:50.000000000,100018,438,99939,438,100029,100,99936,100,100038,100,99933,100,100060,100,99929,100,100071,100,99926,100,100078,100,99924,100,100083,100,99917,100,100095,100,99905,100,100102,100,99904,100,100104,100,99890,100
2019-06-28 09:31:00.000000000,100018,168,99939,168,100029,168,99936,168,100038,168,99933,168,100060,168,99929,168,100071,168,99926,168,100078,100,99924,100,100083,100,99917,100,100095,100,99905,100,100102,100,99904,100,100104,100,99890,100
2019-06-28 09:31:10.000000000,100018,168,99939,168,100029,168,99936,168,100038,168,99933,168,100060,168,99929,168,100071,168,99926,168,100078,100,99924,100,100083,100,99917,100,100095,100,99905,100,100102,100,99904,100,100104,100,99890,100
2019-06-28 09:31:20.000000000,100018,269,99939,269,100029,269,99936,269,100038,100,99933,100,100060,100,99929,100,100071,100,99926,100,100078,100,99924,100,100083,100,99917,100,100095,100,99905,100,100102,100,99904,100,100104,100,99890,100
2019-06-28 09:31:30.000000000,100018,438,99939,438,100029,100,99936,100,100038,100,99933,100,100060,100,99929,100,100071,100,99926,100,100078,100,99924,100,100083,100,99917,100,100095,100,99905,100,100102,100,99904,100,100104,100,99890,100
2019-06-28 09:31:40.000000000,100018,438,99939,438,100029,100,99936,100,100038,100,99933,100,100060,100,99929,100,100071,100,99926,100,100078,100,99924,100,100083,100,99917,100,100095,100,99905,100,100102,100,99904,100,100104,100,99890,100
2019-06-28 09:31:50.000000000,100018,168,99939,168,100029,168,99936,168,100038,168,99933,168,100060,168,99929,168,100071,168,99926,168,100078,100,99924,100,100083,100,99917,100,100095,100,99905,100,100102,100,99904,100,100104,100,99890,100
2019-06-28 09:31:50.771739608,100018,168,99939,168,100029,168,99936,168,100036,100,99933,168,100038,168,99929,168,100060,168,99926,168,100071,168,99924,100,100078,100,99917,100,100083,100,99905,100,100095,100,99904,100,100102,100,99885,100
2019-06-28 09:32:00.000000000,100018,168,99939,168,100029,168,99936,168,100036,168,99933,168,100038,168,99929,168,100060,168,99926,168,100071,100,99924,100,100078,100,99917,100,100083,100,99905,100,100095,100,99904,100,100102,100,99885,100
2019-06-28 09:32:00.842659918,100006,100,99939,168,100018,168,99936,168,100029,168,99933,168,100036,168,99929,168,100038,168,99926,168,100060,168,99924,100,100071,100,99917,100,100078,100,99905,100,100083,100,99904,100,100095,100,99885,100
2019-06-28 09:32:04.973149304,100006,100,99939,68,100018,168,99936,168,100029,168,99933,168,100036,168,99929,168,100038,168,99926,168,100060,168,99924,100,100071,100,99917,100,100078,100,99904,100,100083,100,99885,100,100095,100,,
2019-06-28 09:32:10.000000000,100006,438,99936,438,100018,100,99933,100,100029,100,99929,100,100036,100,99926,100,100038,100,99924,100,100060,100,99917,100,100071,100,99904,100,100078,100,99885,100,100083,100,,,100095,100,,
2019-06-28 09:32:13.686104368,100006,438,99936,438,100018,100,99933,100,100029,100,99929,100,100036,100,99926,100,100038,100,99924,100,100060,100,99904,100,100071,100,99885,100,100078,100,99866,100,100083,100,,,100095,100,,
2019-06-28 09:32:20.000000000,100006,438,99936,438,100018,100,99933,100,100029,100,99929,100,100036,100,99926,100,100038,100,99924,100,100060,100,99904,100,100071,100,99885,100,100078,100,99866,100,100083,100,,,100095,100,,
2019-06-28 09:32:30.000000000,100006,438,99936,438,100018,100,99933,100,100029,100,99929,100,100036,100,99926,100,100038,100,99924,100,100060,100,99904,100,100071,100,99885,100,100078,100,99866,100,100083,100,,,100095,100,,
2019-06-28 09:32:40.000000000,100006,184,99936,184,100018,184,99933,184,100029,184,99929,184,100036,184,99926,184,100038,100,99924,100,100060,100,99904,100,100071,100,99885,100,100078,100,99866,100,100083,100,,,100095,100,,
2019-06-28 09:32:46.422242085,100006,184,99936,184,100018,184,99933,184,100029,184,99929,184,100036,184,99926,184,100038,100,99924,100,100060,100,99904,100,100071,100,99885,100,100078,100,99866,100,100083,100,,,100095,100,,
2019-06-28 09:32:50.000000000,100006,168,99936,168,100018,168,99933,168,100029,168,99929,168,100036,168,99926,168,100038,168,99924,168,100060,100,99904,100,100071,100,99885,100,100078,100,99866,100,100083,100,,,100095,100,,
2019-06-28 09:32:57.527623328,100006,68,99936,168,100018,68,99933,168,100029,168,99929,168,100036,168,99926,168,100038,168,99924,168,100060,100,99904,100,100071,100,99885,100,100078,100,99866,100,100083,100,,,100095,100,,
2019-06-28 09:33:00.000000000,100029,168,99936,168,100036,168,99933,168,100038,168,99929,168,100060,168,99926,168,100071,168,99924,168,100078,100,99904,100,100083,100,99885,100,100095,100,99866,100,100102,100,,,100104,100,,
2019-06-28 09:33:00.813874134,100029,168,99940,100,100036,168,99936,168,100038,168,99933,168,100060,168,99929,168,100071,168,99926,168,100078,100,99924,168,100083,100,99904,100,100095,100,99885,100,100102,100,99866,100,100104,100,,
2019-06-28 09:33:10.000000000,100029,168,99940,168,100036,168,99936,168,100038,168,99933,168,100060,168,99929,168,100071,168,99926,168,100078,100,99924,100,100083,100,99904,100,100095,100,99885,100,100102,100,99866,100,100104,100,,
2019-06-28 09:33:15.477226956,100029,68,99940,168,100036,168,99936,168,100038,168,99933,168,100060,168,99929,168,100071,168,99926,168,100078,100,99924,100,100083,100,99904,100,100095,100,99866,100,100102,100,,,100104,100,,
2019-06-28 09:33:16.731823516,100029,68,99940,168,100036,168,99936,168,100038,168,99933,168,100060,168,99929,168,100071,168,99926,168,100078,100,99924,100,100083,100,99904,100,100095,100,99866,100,100102,100,,,100104,100,,
2019-06-28 09:33:20.000000000,100036,438,99940,438,100038,100,99936,100,100060,100,99933,100,100071,100,99929,100,100078,100,99926,100,100083,100,99924,100,100095,100,99904,100,100102,100,99866,100,100104,100,,,100106,100,,
2019-06-28 09:33:21.615374480,100036,438,100006,100,100038,100,99940,438,100060,100,99936,100,100071,100,99933,100,100078,100,99929,100,100083,100,99926,100,100095,100,99924,100,100102,100,99904,100,100104,100,99866,100,100106,100,,
2019-06-28 09:33:30.000000000,100036,168,100006,168,100038,168,99940,168,100060,168,99936,168,100071,168,99933,168,100078,168,99929,168,100083,100,99926,100,100095,100,99924,100,100102,100,99904,100,100104,100,99866,100,100106,100,,
2019-06-28 09:33:32.418679894,100036,68,100006,168,100038,168,99940,168,100060,168,99936,168,100071,168,99933,168,100078,168,99929,168,100083,100,99926,100,100095,100,99924,100,100102,100,99904,100,100106,100,99866,100,100110,100,,
2019-06-28 09:33:33.417863173,100036,68,100006,168,100038,168,99940,168,100060,168,99936,168,100071,168,99933,168,100078,168,99929,168,100083,100,99926,100,100095,100,99924,100,100102,100,99904,100,100106,100,99866,100,100110,100,,
2019-06-28 09:33:40.000000000,100038,438,100006,438,100060,100,99940,100,100071,100,99936,100,100078,100,99933,100,100083,100,99929,100,100095,100,99926,100,100102,100,99924,100,100106,100,99904,100,100110,100,99866,100,100116,100,,
2019-06-28 09:33:45.301794807,100038,438,100029,100,100060,100,100006,438,100071,100,99940,100,100078,100,99936,100,100083,100,99933,100,100095,100,99929,100,100102,100,99926,100,100106,100,99924,100,100110,100,99904,100,100116,100,99866,100
2019-06-28 09:33:50.000000000,100038,269,100029,269,100060,269,100006,269,100071,100,99940,100,100078,100,99936,100,100083,100,99933,100,100095,100,99929,100,100102,100,99926,100,100106,100,99924,100,100110,100,99904,100,100116,100,99866,100
2019-06-28 09:33:58.221891501,100038,269,100029,269,100060,269,100006,269,100071,100,99940,100,100078,100,99936,100,100083,100,99933,100,100095,100,99929,100,100102,100,99926,100,100106,100,99924,100,100110,100,99904,100,100116,100,99866,100
2019-06-28 09:34:00.000000000,100038,438,100029,438,100060,100,100006,100,100071,100,99940,100,100078,100,99936,100,100083,100,99933,100,100095,100,99929,100,100102,100,99926,100,100106,100,99924,100,100110,100,99904,100,100116,100,99866,100
2019-06-28 09:34:03.301506847,100038,438,100029,438,100060,100,100006,100,100071,100,99940,100,100078,100,99936,100,100083,100,99933,100,100095,100,99929,100,100102,100,99926,100,100106,100,99924,100,100110,100,99904,100,100116,100,99866,100
2019-06-28 09:34:10.000000000,100038,438,100029,438,100060,100,100006,100,100071,100,99940,100,100078,100,99936,100,100083,100,99933,100,100095,100,99929,100,100102,100,99926,100,100106,100,99924,100,100110,100,99904,100,100116,100,99866,100
2019-06-28 09:34:19.182575027,100038,338,100029,438,100060,100,100006,100,100071,100,99940,100,100078,100,99936,100,100083,100,99933,100,100095,100,99929,100,100102,100,99926,100,100106,100,99924,100,100110,100,99904,100,100116,100,99866,100
2019-06-28 09:34:20.000000000,100060,215,100029,215,100071,212,100006,212,100078,212,99940,212,100083,100,99936,100,100095,100,99933,100,100102,100,99929,100,100106,100,99926,100,100110,100,99924,100,100116,100,99904,100,100118,100,99866,100
2019-06-28 09:34:30.000000000,100060,168,100029,168,100071,168,100006,168,100078,168,99940,168,100083,168,99936,168,100095,168,99933,168,100102,100,99929,100,100106,100,99926,100,100110,100,99924,100,100116,100,99904,100,100118,100,99866,100
2019-06-28 09:34:38.747064050,100060,68,100029,168,100071,168,100006,168,100078,168,99940,168,100083,168,99936,168,100095,168,99933,168,100102,100,99929,100,100106,100,99926,100,100110,100,99924,100,100116,100,99904,100,100118,100,99866,100
2019-06-28 09:34:40.000000000,100071,269,100029,269,100078,269,100006,269,100083,100,99940,100,100095,100,99936,100,100102,100,99933,100,100106,100,99929,100,100110,100,99926,100,100116,100,99924,100,100118,100,99904,100,100121,100,99866,100
2019-06-28 09:34:50.000000000,100071,269,100029,269,100078,269,100006,269,100083,100,99940,100,100095,100,99936,100,100102,100,99933,100,100106,100,99929,100,100110,100,99926,100,100116,100,99924,100,100118,100,99904,100,100121,100,99866,100
2019-06-28 09:34:51.285752753,100071,169,100029,269,100078,269,100006,269,100083,100,99940,100,100095,100,99936,100,100102,100,99929,100,100106,100,99926,100,100110,100,99924,100,100116,100,99904,100,100118,100,99866,100,100121,100,,
2019-06-28 09:35:00.000000000,100078,269,100029,269,100083,269,100006,269,100095,100,99940,100,100102,100,99936,100,100106,100,99929,100,100110,100,99926,100,100116,100,99924,100,100118,100,99904,100,100121,100,99866,100,100123,100,,
2019-06-28 09:35:04.033897587,100078,269,100029,269,100083,269,100006,269,100095,100,99940,100,100102,100,99936,100,100106,100,99929,100,100110,100,99926,100,100116,100,99924,100,100118,100,99904,100,100121,100,99866,100,100123,100,,
2019-06-28 09:35:04.896917664,100078,169,100029,269,100083,269,100006,269,100095,100,99940,100,100102,100,99936,100,100106,100,99929,100,100110,100,99926,100,100116,100,99924,100,100118,100,99904,100,100121,100,99866,100,100123,100,,
2019-06-28 09:35:10.000000000,100083,184,100029,184,100095,184,100006,184,100102,184,99940,184,100106,184,99936,184,100110,100,99929,100,100116,100,99926,100,100118,100,99924,100,100121,100,99904,100,100123,100,99866,100,100125,100,,
2019-06-28 09:35:20.000000000,100083,184,100029,184,100095,184,100006,184,100102,184,99940,184,100106,184,99936,184,100110,100,99929,100,100116,100,99926,100,100118,100,99924,100,100121,100,99904,100,100123,100,99866,100,100125,100,,
2019-06-28 09:35:30.000000000,100083,215,100029,215,100095,212,100006,212,100102,212,99940,212,100106,100,99936,100,100110,100,99929,100,100116,100,99926,100,100118,100,99924,100,100121,100,99904,100,100123,100,99866,100,100125,100,,
2019-06-28 09:35:35.594595539,100083,215,100071,100,100095,212,100029,215,100102,212,100006,212,100106,100,99940,212,100110,100,99936,100,100116,100,99929,100,100118,100,99926,100,100121,100,99924,100,100123,100,99904,100,100125,100,99866,100
2019-06-28 09:35:36.177544505,100083,115,100071,100,100095,212,100029,215,100102,212,100006,212,100106,100,99940,212,100110,100,99936,100,100116,100,99929,100,100118,100,99926,100,100121,100,99924,100,100123,100,99904,100,100125,100,99866,100
2019-06-28 09:35:40.000000000,100095,168,100071,168,100102,168,100029,168,100106,168,100006,168,100110,168,99940,168,100116,168,99936,168,100118,100,99929,100,100121,100,99926,100,100123,100,99924,100,100125,100,99904,100,100157,100,99866,100
2019-06-28 09:35:50.000000000,100095,215,100071,215,100102,212,100029,212,100106,212,100006,212,100110,100,99940,100,100116,100,99936,100,100118,100,99929,100,100121,100,99926,100,100123,100,99924,100,100125,100,99904,100,100157,100,99866,100
2019-06-28 09:36:00.000000000,100095,184,100071,184,100102,184,100029,184,100106,184,100006,184,100110,184,99940,184,100116,100,99936,100,100118,100,99929,100,100121,100,99926,100,100123,100,99924,100,100125,100,99904,100,100157,100,99866,100
2019-06-28 09:36:10.000000000,100095,168,100071,168,100102,168,100029,168,100106,168,100006,168,100110,168,99940,168,100116,168,99936,168,100118,100,99929,100,100121,100,99926,100,100123,100,99924,100,100125,100,99904,100,100157,100,99866,100
2019-06-28 09:36:20.000000000,100095,215,100071,215,100102,212,100029,212,100106,212,100006,212,100110,100,99940,100,100116,100,99936,100,100118,100,99929,100,100121,100,99926,100,100123,100,99924,100,100125,100,99904,100,100157,100,99866,100
2019-06-28 09:36:30.000000000,100095,438,100071,438,100102,100,100029,100,100106,100,100006,100,100110,100,99940,100,100116,100,99936,100,100118,100,99929,100,100121,100,99926,100,100123,100,99924,100,100125,100,99904,100,100157,100,99866,100
2019-06-28 09:36:33.387428297,100095,438,100071,438,100106,100,100029,100,100110,100,100006,100,100116,100,99940,100,100118,100,99936,100,100121,100,99929,100,100123,100,99926,100,100125,100,99924,100,100157,100,99904,100,100188,100,99866,100
2019-06-28 09:36:40.000000000,100095,269,100071,269,100106,269,100029,269,100110,100,100006,100,100116,100,99940,100,100118,100,99936,100,100121,100,99929,100,100123,100,99926,100,100125,100,99924,100,100157,100,99904,100,100188,100,99866,100
2019-06-28 09:36:45.254146558,100095,269,100071,269,100106,269,100029,269,100110,100,99940,100,100116,100,99936,100,100118,100,99929,100,100121,100,99926,100,100123,100,99924,100,100125,100,99904,100,100157,100,99866,100,100188,100,,
2019-06-28 09:36:49.107520352,100095,169,100071,269,100106,269,100029,269,100110,100,99940,100,100116,100,99936,100,100118,100,99929,100,100121,100,99926,100,100123,100,99924,100,100125,100,99904,100,100157,100,99866,100,100188,100,,
2019-06-28 09:36:50.000000000,100106,438,100071,438,100110,100,100029,100,100116,100,99940,100,100118,100,99936,100,100121,100,99929,100,100123,100,99926,100,100125,100,99924,100,100157,100,99904,100,100188,100,99866,100,100197,100,,
2019-06-28 09:37:00.000000000,100106,269,100071,269,100110,269,100029,269,100116,100,99940,100,100118,100,99936,100,100121,100,99929,100,100123,100,99926,100,100125,100,99924,100,100157,100,99904,100,100188,100,99866,100,100197,100,,
2019-06-28 09:37:07.484835247,100106,169,100071,269,100110,269,100029,269,100116,100,99940,100,100118,100,99936,100,100121,100,99929,100,100123,100,99926,100,100125,100,99924,100,100157,100,99904,100,100188,100,99866,100,100197,100,,
2019-06-28 09:37:10.000000000,100110,269,100071,269,100116,269,100029,269,100118,100,99940,100,100121,100,99936,100,100123,100,99929,100,100125,100,99926,100,100157,100,99924,100,100188,100,99904,100,100197,100,99866,100,100198,100,,
2019-06-28 09:37:15.537754830,100110,269,100071,269,100116,269,100029,269,100118,100,99940,100,100121,100,99936,100,100123,100,99929,100,100125,100,99926,100,100157,100,99924,100,100188,100,99904,100,100197,100,99866,100,100198,100,,
2019-06-28 09:37:20.000000000,100110,184,100071,184,100116,184,100029,184,100118,184,99940,184,100121,184,99936,184,100123,100,99929,100,100125,100,99926,100,100157,100,99924,100,100188,100,99904,100,100197,100,99866,100,100198,100,,
2019-06-28 09:37:30.000000000,100110,269,100071,269,100116,269,100029,269,100118,100,99940,100,100121,100,99936,100,100123,100,99929,100,100125,100,99926,100,100157,100,99924,100,100188,100,99904,100,100197,100,99866,100,100198,100,,
2019-06-28 09:37:34.327691148,100110,169,100071,269,100116,269,100029,269,100118,100,99940,100,100121,100,99936,100,100123,100,99929,100,100125,100,99926,100,100157,100,99924,100,100188,100,99904,100,100197,100,99866,100,100198,100,,
2019-06-28 09:37:39.463808565,100110,69,100071,269,100116,269,100029,269,100118,100,99940,100,100121,100,99936,100,100123,100,99929,100,100125,100,99926,100,100157,100,99924,100,100188,100,99904,100,100197,100,99866,100,100198,100,,
2019-06-28 09:37:40.000000000,100116,269,100071,269,100118,269,100029,269,100121,100,99940,100,100123,100,99936,100,100125,100,99929,100,100157,100,99926,100,100188,100,99924,100,100197,100,99904,100,100198,100,99866,100,100279,100,,
2019-06-28 09:37:40.940837840,100116,269,100071,269,100118,269,100029,269,100121,100,99940,100,100123,100,99936,100,100125,100,99929,100,100157,100,99926,100,100188,100,99924,100,100197,100,99904,100,100198,100,99866,100,100279,100,,
2019-06-28 09:37:47.216736846,100116,169,100071,269,100118,269,100029,269,100121,100,99940,100,100123,100,99929,100,100125,100,99926,100,100157,100,99924,100,100188,100,99904,100,100197,100,99866,100,100198,100,,,100279,100,,
2019-06-28 09:37:50.000000000,100118,215,100071,215,100121,212,100029,212,100123,212,99940,212,100125,100,99929,100,100157,100,99926,100,100188,100,99924,100,100197,100,99904,100,100198,100,99866,100,100279,100,,,100596,100,,
2019-06-28 09:38:00.000000000,100118,168,100071,168,100121,168,100029,168,100123,168,99940,168,100125,168,99929,168,100157,168,99926,168,100188,100,99924,100,100197,100,99904,100,100198,100,99866,100,100279,100,,,100596,100,,
2019-06-28 09:38:10.000000000,100118,184,100071,184,100121,184,100029,184,100123,184,99940,184,100125,184,99929,184,100157,100,99926,100,100188,100,99924,100,100197,100,99904,100,100198,100,99866,100,100279,100,,,100596,100,,
2019-06-28 09:38:19.186866840,100118,184,100071,184,100121,184,100029,184,100123,184,99940,184,100125,184,99929,184,100157,100,99926,100,100188,100,99924,100,100197,100,99904,100,100198,100,99866,100,100279,100,,,100596,100,,
2019-06-28 09:38:20.000000000,100118,215,100071,215,100121,212,100029,212,100123,212,99940,212,100125,100,99929,100,100157,100,99926,100,100188,100,99924,100,100197,100,99904,100,100198,100,99866,100,100279,100,,,100596,100,,
2019-06-28 09:38:29.212419004,100118,215,100071,215,100121,212,100029,212,100123,212,99940,212,100125,100,99929,100,100157,100,99926,100,100188,100,99924,100,100197,100,99904,100,100279,100,99866,100,100596,100,,,100615,100,,
2019-06-28 09:38:30.000000000,100118,168,100071,168,100121,168,100029,168,100123,168,99940,168,100125,168,99929,168,100157,168,99926,168,100188,100,99924,100,100197,100,99904,100,100279,100,99866,100,100596,100,,,100615,100,,
2019-06-28 09:38:40.000000000,100118,184,100071,184,100121,184,100029,184,100123,184,99940,184,100125,184,99929,184,100157,100,99926,100,100188,100,99924,100,100197,100,99904,100,100279,100,99866,100,100596,100,,,100615,100,,
2019-06-28 09:38:50.000000000,100118,269,100071,269,100121,269,100029,269,100123,100,99940,100,100125,100,99929,100,100157,100,99926,100,100188,100,99924,100,100197,100,99904,100,100279,100,99866,100,100596,100,,,100615,100,,
2019-06-28 09:39:00.000000000,100118,215,100071,215,100121,212,100029,212,100123,212,99940,212,100125,100,99929,100,100157,100,99926,100,100188,100,99924,100,100197,100,99904,100,100279,100,99866,100,100596,100,,,100615,100,,
2019-06-28 09:39:02.581055124,100118,215,100071,215,100121,212,100029,212,100123,212,99940,212,100125,100,99929,100,100157,100,99926,100,100188,100,99924,100,100197,100,99904,100,100279,100,99866,100,100596,100,,,100615,100,,
2019-06-28 09:39:04.369798774,100118,215,100110,100,100121,212,100071,215,100123,212,100029,212,100125,100,99940,212,100157,100,99929,100,100188,100,99926,100,100197,100,99924,100,100279,100,99904,100,100596,100,99866,100,100615,100,,
2019-06-28 09:39:10.000000000,100118,438,100110,438,100121,100,100071,100,100123,100,100029,100,100125,100,99940,100,100157,100,99929,100,100188,100,99926,100,100197,100,99924,100,100279,100,99904,100,100596,100,99866,100,100615,100,,
2019-06-28 09:39:10.373843653,100118,438,100110,438,100121,100,100071,100,100123,100,100029,100,100125,100,99940,100,100157,100,99929,100,100188,100,99926,100,100197,100,99924,100,100279,100,99904,100,100596,100,99866,100,100615,100,,
2019-06-28 09:39:20.000000000,100118,168,100110,168,100121,168,100071,168,100123,168,100029,168,100125,168,99940,168,100157,168,99929,168,100188,100,99926,100,100197,100,99924,100,100279,100,99904,100,100596,100,99866,100,100615,100,,
2019-06-28 09:39:28.820052406,100118,168,100110,168,100121,168,100071,168,100123,168,100029,168,100125,168,99940,68,100157,168,99929,168,100188,100,99926,100,100197,100,99924,100,100279,100,99904,100,100596,100,99866,100,100615,100,,
2019-06-28 09:39:30.000000000,100118,184,100110,184,100121,184,100071,184,100123,184,100029,184,100125,184,99929,184,100157,100,99926,100,100188,100,99924,100,100197,100,99904,100,100279,100,99866,100,100596,100,,,100615,100,,
2019-06-28 09:39:40.000000000,100118,168,100110,168,100121,168,100071,168,100123,168,100029,168,100125,168,99929,168,100157,168,99926,168,100188,100,99924,100,100197,100,99904,100,100279,100,99866,100,100596,100,,,100615,100,,
2019-06-28 09:39:50.000000000,100118,269,100110,269,100121,269,100071,269,100123,100,100029,100,100125,100,99929,100,100157,100,99926,100,100188,100,99924,100,100197,100,99904,100,100279,100,99866,100,100596,100,,,100615,100,,
2019-06-28 09:40:00.000000000,100118,269,100110,269,100121,269,100071,269,100123,100,100029,100,100125,100,99929,100,100157,100,99926,100,100188,100,99924,100,100197,100,99904,100,100279,100,99866,100,100596,100,,,100615,100,,
2019-06-28 09:40:10.000000000,100118,168,100110,168,100121,168,100071,168,100123,168,100029,168,100125,168,99929,168,100157,168,99926,168,100188,100,99924,100,100197,100,99904,100,100279,100,99866,100,100596,100,,,100615,100,,
2019-06-28 09:40:20.000000000,100118,215,100110,215,100121,212,100071,212,100123,212,100029,212,100125,100,99929,100,100157,100,99926,100,100188,100,99924,100,100197,100,99904,100,100279,100,99866,100,100596,100,,,100615,100,,
2019-06-28 09:40:27.000092145,100118,215,100110,315,100121,212,100071,212,100123,212,100029,212,100125,100,99929,100,100157,100,99926,100,100188,100,99924,100,100197,100,99904,100,100279,100,99866,100,100596,100,,,100615,100,,
2019-06-28 09:40:30.000000000,100118,269,100110,369,100121,269,100071,269,100123,100,100029,100,100125,100,99929,100,100157,100,99926,100,100188,100,99924,100,100197,100,99904,100,100279,100,99866,100,100596,100,,,100615,100,,
2019-06-28 09:40:38.777845216,100118,269,100110,369,100121,269,100071,269,100123,100,100029,100,100125,100,99929,100,100157,100,99924,100,100188,100,99904,100,100197,100,99866,100,100279,100,,,100596,100,,,100615,100,,
2019-06-28 09:40:40.000000000,100118,215,100110,315,100121,212,100071,212,100123,212,100029,212,100125,100,99929,100,100157,100,99924,100,100188,100,99904,100,100197,100,99866,100,100279,100,,,100596,100,,,100615,100,,
2019-06-28 09:40:50.000000000,100118,215,100110,315,100121,212,100071,212,100123,212,100029,212,100125,100,99929,100,100157,100,99924,100,100188,100,99904,100,100197,100,99866,100,100279,100,,,100596,100,,,100615,100,,
2019-06-28 09:41:00.000000000,100118,215,100110,315,100121,212,100071,212,100123,212,100029,212,100125,100,99929,100,100157,100,99924,100,100188,100,99904,100,100197,100,99866,100,100279,100,,,100596,100,,,100615,100,,
2019-06-28 09:41:10.000000000,100118,215,100110,315,100121,212,100071,212,100123,212,100029,212,100125,100,99929,100,100157,100,99924,100,100188,100,99904,100,100197,100,99866,100,100279,100,,,100596,100,,,100615,100,,
2019-06-28 09:41:20.000000000,100118,168,100110,268,100121,168,100071,168,100123,168,100029,168,100125,168,99929,168,100157,168,99924,168,100188,100,99904,100,100197,100,99866,100,100279,100,,,100596,100,,,100615,100,,
2019-06-28 09:41:30.000000000,100118,184,100110,284,100121,184,100071,184,100123,184,100029,184,100125,184,99929,184,100157,100,99924,100,100188,100,99904,100,100197,100,99866,100,100279,100,,,100596,100,,,100615,100,,
2019-06-28 09:41:34.412147624,100118,184,100110,284,100121,184,100071,184,100123,184,100029,184,100125,184,99929,84,100157,100,99924,100,100188,100,99904,100,100197,100,99866,100,100279,100,,,100596,100,,,100615,100,,
2019-06-28 09:41:37.916579350,100118,84,100110,284,100121,184,100071,184,100123,184,100029,184,100125,184,99929,84,100157,100,99924,100,100188,100,99904,100,100197,100,99866,100,100279,100,,,100596,100,,,100615,100,,
2019-06-28 09:41:40.000000000,100121,168,100110,268,100123,168,100071,168,100125,168,100029,168,100157,168,99924,168,100188,168,99904,168,100197,100,99866,100,100279,100,,,100596,100,,,100615,100,,,100683,100,,
2019-06-28 09:41:50.000000000,100121,168,100110,268,100123,168,100071,168,100125,168,100029,168,100157,168,99924,168,100188,168,99904,168,100197,100,99866,100,100279,100,,,100596,100,,,100615,100,,,100683,100,,
2019-06-28 09:42:00.000000000,100121,215,100110,315,100123,212,100071,212,100125,212,100029,212,100157,100,99924,100,100188,100,99904,100,100197,100,99866,100,100279,100,,,100596,100,,,100615,100,,,100683,100,,
2019-06-28 09:42:08.015408635,100121,115,100110,315,100123,212,100071,212,100125,212,100029,212,100157,100,99924,100,100188,100,99904,100,100197,100,99866,100,100279,100,,,100596,100,,,100615,100,,,100683,100,,
2019-06-28 09:42:10.000000000,100123,168,100110,268,100125,168,100071,168,100157,168,100029,168,100188,168,99924,168,100197,168,99904,168,100279,100,99866,100,100596,100,,,100615,100,,,100683,100,,,100821,100,,
2019-06-28 09:42:20.000000000,100123,438,100110,538,100125,100,100071,100,100157,100,100029,100,100188,100,99924,100,100197,100,99904,100,100279,100,99866,100,100596,100,,,100615,100,,,100683,100,,,100821,100,,
2019-06-28 09:42:30.000000000,100123,269,100110,369,100125,269,100071,269,100157,100,100029,100,100188,100,99924,100,100197,100,99904,100,100279,100,99866,100,100596,100,,,100615,100,,,100683,100,,,100821,100,,
2019-06-28 09:42:32.880603566,100123,169,100110,369,100125,269,100071,269,100157,100,100029,100,100188,100,99924,100,100197,100,99904,100,100279,100,99866,100,100596,100,,,100615,100,,,100683,100,,,100821,100,,
2019-06-28 09:42:34.348314258,100123,169,100110,369,100125,269,100071,269,100188,100,100029,100,100197,100,99924,100,100279,100,99904,100,100596,100,99866,100,100615,100,,,100683,100,,,100812,100,,,100821,100,,
2019-06-28 09:42:39.685884263,100123,69,100110,369,100125,269,100071,269,100188,100,100029,100,100197,100,99924,100,100279,100,99904,100,100596,100,99866,100,100615,100,,,100683,100,,,100812,100,,,100821,100,,
2019-06-28 09:42:40.000000000,100125,438,100110,538,100188,100,100071,100,100197,100,100029,100,100279,100,99924,100,100596,100,99904,100,100615,100,99866,100,100683,100,,,100812,100,,,100821,100,,,100827,100,,
2019-06-28 09:42:50.000000000,100125,438,100110,538,100188,100,100071,100,100197,100,100029,100,100279,100,99924,100,100596,100,99904,100,100615,100,99866,100,100683,100,,,100812,100,,,100821,100,,,100827,100,,
2019-06-28 09:43:00.000000000,100125,184,100110,284,100188,184,100071,184,100197,184,100029,184,100279,184,99924,184,100596,100,99904,100,100615,100,99866,100,100683,100,,,100812,100,,,100821,100,,,100827,100,,
2019-06-28 09:43:05.878307771,100125,184,100110,284,100188,184,100071,184,100197,184,100029,184,100279,184,99924,184,100596,100,99904,100,100615,100,99866,100,100683,100,,,100812,100,,,100821,100,,,100827,100,,
2019-06-28 09:43:10.000000000,100125,215,100110,315,100188,212,100071,212,100197,212,100029,212,100279,100,99924,100,100596,100,99904,100,100615,100,99866,100,100683,100,,,100812,100,,,100821,100,,,100827,100,,
2019-06-28 09:43:12.491845947,100125,115,100110,315,100188,212,100071,212,100197,212,100029,212,100279,100,99924,100,100596,100,99904,100,100615,100,99866,100,100683,100,,,100812,100,,,100821,100,,,100827,100,,
2019-06-28 09:43:20.000000000,100188,215,100110,315,100197,212,100071,212,100279,212,100029,212,100596,100,99924,100,100615,100,99904,100,100683,100,99866,100,100812,100,,,100821,100,,,100827,100,,,100853,100,,
2019-06-28 09:43:21.954564735,100188,215,100110,315,100197,212,100071,212,100279,212,100029,212,100596,100,99924,100,100615,100,99904,100,100683,100,99866,100,100821,100,,,100827,100,,,100853,100,,,100928,100,,
2019-06-28 09:43:30.000000000,100188,184,100110,284,100197,184,100071,184,100279,184,100029,184,100596,184,99924,184,100615,100,99904,100,100683,100,99866,100,100821,100,,,100827,100,,,100853,100,,,100928,100,,
2019-06-28 09:43:40.000000000,100188,438,100110,538,100197,100,100071,100,100279,100,100029,100,100596,100,99924,100,100615,100,99904,100,100683,100,99866,100,100821,100,,,100827,100,,,100853,100,,,100928,100,,
2019-06-28 09:43:48.149654501,100188,238,100110,538,100197,100,100071,100,100279,100,100029,100,100596,100,99924,100,100615,100,99904,100,100683,100,99866,100,100821,100,,,100827,100,,,100853,100,,,100928,100,,
2019-06-28 09:43:50.000000000,100197,438,100110,538,100279,100,100071,100,100596,100,100029,100,100615,100,99924,100,100683,100,99904,100,100821,100,99866,100,100827,100,,,100853,100,,,100928,100,,,100970,100,,
2019-06-28 09:44:00.000000000,100197,215,100110,315,100279,212,100071,212,100596,212,100029,212,100615,100,99924,100,100683,100,99904,100,100821,100,99866,100,100827,100,,,100853,100,,,100928,100,,,100970,100,,
2019-06-28 09:44:04.982427162,100197,115,100110,315,100279,212,100071,212,100596,212,100029,212,100615,100,99924,100,100683,100,99904,100,100821,100,,,100827,100,,,100853,100,,,100928,100,,,100970,100,,
2019-06-28 09:44:10.000000000,100279,438,100110,538,100596,100,100071,100,100615,100,100029,100,100683,100,99924,100,100821,100,99904,100,100827,100,,,100853,100,,,100928,100,,,100970,100,,,100981,100,,
2019-06-28 09:44:10.649109237,100279,438,100110,538,100596,100,100071,100,100615,100,100029,100,100683,100,99924,100,100821,100,99904,100,100827,100,,,100853,100,,,100970,100,,,100980,100,,,100981,100,,
2019-06-28 09:44:20.000000000,100279,269,100110,369,100596,269,100071,269,100615,100,100029,100,100683,100,99924,100,100821,100,99904,100,100827,100,,,100853,100,,,100970,100,,,100980,100,,,100981,100,,
2019-06-28 09:44:30.000000000,100279,184,100110,284,100596,184,100071,184,100615,184,100029,184,100683,184,99924,184,100821,100,99904,100,100827,100,,,100853,100,,,100970,100,,,100980,100,,,100981,100,,
2019-06-28 09:44:36.010400995,100279,84,100110,284,100596,184,100071,184,100615,184,100029,184,100683,184,99924,184,100821,100,99904,100,100827,100,,,100853,100,,,100970,100,,,100980,100,,,100981,100,,
2019-06-28 09:44:40.000000000,100596,215,100110,315,100615,212,100071,212,100683,212,100029,212,100821,100,99924,100,100827,100,99904,100,100853,100,,,100970,100,,,100980,100,,,100981,100,,,101140,100,,
2019-06-28 09:44:44.020709104,100596,115,100110,315,100615,212,100071,212,100683,212,100029,212,100821,100,99924,100,100827,100,99904,100,100853,100,,,100970,100,,,100980,100,,,100981,100,,,101140,100,,
2019-06-28 09:44:49.420339787,100596,115,100110,315,100615,212,100071,212,100683,212,100029,212,100821,100,99924,100,100827,100,99904,100,100853,100,,,100970,100,,,100980,100,,,100981,100,,,101140,100,,
2019-06-28 09:44:50.000000000,100615,215,100110,315,100683,212,100071,212,100821,212,100029,212,100827,100,99924,100,100853,100,99904,100,100970,100,,,100980,100,,,100981,100,,,101140,100,,,101192,100,,
2019-06-28 09:45:00.000000000,100615,438,100110,538,100683,100,100071,100,100821,100,100029,100,100827,100,99924,100,100853,100,99904,100,100970,100,,,100980,100,,,100981,100,,,101140,100,,,101192,100,,
2019-06-28 09:45:06.470942949,100615,338,100110,538,100683,100,100071,100,100821,100,100029,100,100827,100,99924,100,100853,100,99904,100,100970,100,,,100980,100,,,100981,100,,,101140,100,,,101192,100,,
2019-06-28 09:45:10.000000000,100683,215,100110,315,100821,212,100071,212,100827,212,100029,212,100853,100,99924,100,100970,100,99904,100,100980,100,,,100981,100,,,101140,100,,,101192,100,,,101278,100,,
2019-06-28 09:45:14.670123870,100683,215,100110,315,100821,212,100071,212,100827,212,100029,212,100853,100,99924,100,100970,100,99904,100,100980,100,,,100981,100,,,101140,100,,,101192,100,,,101278,100,,
2019-06-28 09:45:20.000000000,100683,215,100110,315,100821,212,100071,212,100827,212,100029,212,100853,100,99924,100,100970,100,99904,100,100980,100,,,100981,100,,,101140,100,,,101192,100,,,101278,100,,
2019-06-28 09:45:30.000000000,100683,215,100110,315,100821,212,100071,212,100827,212,100029,212,100853,100,99924,100,100970,100,99904,100,100980,100,,,100981,100,,,101140,100,,,101192,100,,,101278,100,,
2019-06-28 09:45:32.627228436,100683,215,100110,315,100821,212,100071,212,100827,212,100029,212,100853,100,99924,100,100970,100,99904,100,100980,100,,,100981,100,,,101140,100,,,101192,100,,,101278,100,,
2019-06-28 09:45:38.527284226,100683,215,100110,315,100821,212,100071,212,100827,212,100029,212,100853,100,99924,100,100970,100,99904,100,100980,100,,,100981,100,,,101140,100,,,101192,100,,,101278,100,,
2019-06-28 09:45:40.000000000,100683,215,100110,315,100821,212,100071,212,100827,212,100029,212,100853,100,99924,100,100970,100,99904,100,100980,100,,,100981,100,,,101140,100,,,101192,100,,,101278,100,,
2019-06-28 09:45:50.000000000,100683,215,100110,315,100821,212,100071,212,100827,212,100029,212,100853,100,99924,100,100970,100,99904,100,100980,100,,,100981,100,,,101140,100,,,101192,100,,,101278,100,,
2019-06-28 09:45:51.460088325,100683,115,100110,315,100821,212,100071,212,100827,212,100029,212,100853,100,99924,100,100970,100,99904,100,100980,100,,,100981,100,,,101140,100,,,101192,100,,,101278,100,,
2019-06-28 09:46:00.000000000,100821,438,100110,538,100827,100,100071,100,100853,100,100029,100,100970,100,99924,100,100980,100,99904,100,100981,100,,,101140,100,,,101192,100,,,101278,100,,,101310,100,,
2019-06-28 09:46:03.720066261,100821,338,100110,538,100827,100,100071,100,100853,100,100029,100,100970,100,99924,100,100980,100,99904,100,100981,100,,,101140,100,,,101192,100,,,101278,100,,,101310,100,,
2019-06-28 09:46:10.000000000,100827,215,100110,315,100853,212,100071,212,100970,212,100029,212,100980,100,99924,100,100981,100,99904,100,101140,100,,,101192,100,,,101278,100,,,101310,100,,,101315,100,,
2019-06-28 09:46:20.000000000,100827,184,100110,284,100853,184,100071,184,100970,184,100029,184,100980,184,99924,184,100981,100,99904,100,101140,100,,,101192,100,,,101278,100,,,101310,100,,,101315,100,,
2019-06-28 09:46:30.000000000,100827,184,100110,284,100853,184,100071,184,100970,184,100029,184,100980,184,99924,184,100981,100,99904,100,101140,100,,,101192,100,,,101278,100,,,101310,100,,,101315,100,,
2019-06-28 09:46:40.000000000,100827,215,100110,315,100853,212,100071,212,100970,212,100029,212,100980,100,99924,100,100981,100,99904,100,101140,100,,,101192,100,,,101278,100,,,101310,100,,,101315,100,,
2019-06-28 09:46:50.000000000,100827,184,100110,284,100853,184,100071,184,100970,184,100029,184,100980,184,99924,184,100981,100,99904,100,101140,100,,,101192,100,,,101278,100,,,101310,100,,,101315,100,,
2019-06-28 09:47:00.000000000,100827,269,100110,369,100853,269,100071,269,100970,100,100029,100,100980,100,99924,100,100981,100,99904,100,101140,100,,,101192,100,,,101278,100,,,101310,100,,,101315,100,,
2019-06-28 09:47:09.277728259,100827,269,100110,369,100853,269,100071,269,100945,100,100029,100,100970,100,99924,100,100980,100,99904,100,100981,100,,,101140,100,,,101192,100,,,101278,100,,,101310,100,,
2019-06-28 09:47:10.000000000,100827,438,100110,538,100853,100,100071,100,100945,100,100029,100,100970,100,99924,100,100980,100,99904,100,100981,100,,,101140,100,,,101192,100,,,101278,100,,,101310,100,,
2019-06-28 09:47:20.000000000,100827,215,100110,315,100853,212,100071,212,100945,212,100029,212,100970,100,99924,100,100980,100,99904,100,100981,100,,,101140,100,,,101192,100,,,101278,100,,,101310,100,,
2019-06-28 09:47:28.035175961,100827,215,100706,100,100853,212,100110,315,100945,212,100071,212,100970,100,100029,212,100980,100,99924,100,100981,100,99904,100,101140,100,,,101192,100,,,101278,100,,,101310,100,,
2019-06-28 09:47:30.000000000,100827,438,100706,438,100853,100,100110,200,100945,100,100071,100,100970,100,100029,100,100980,100,99924,100,100981,100,99904,100,101140,100,,,101192,100,,,101278,100,,,101310,100,,
2019-06-28 09:47:39.457986599,100766,100,100706,438,100827,438,100110,200,100853,100,100071,100,100945,100,100029,100,100970,100,99924,100,100980,100,99904,100,100981,100,,,101140,100,,,101192,100,,,101278,100,,
2019-06-28 09:47:40.000000000,100766,184,100706,184,100827,184,100110,284,100853,184,100071,184,100945,184,100029,184,100970,100,99924,100,100980,100,99904,100,100981,100,,,101140,100,,,101192,100,,,101278,100,,
2019-06-28 09:47:50.000000000,100766,438,100706,438,100827,100,100110,200,100853,100,100071,100,100945,100,100029,100,100970,100,99924,100,100980,100,99904,100,100981,100,,,101140,100,,,101192,100,,,101278,100,,
2019-06-28 09:47:59.713666619,100766,438,100706,438,100827,100,100333,100,100853,100,100110,200,100945,100,100071,100,100970,100,100029,100,100980,100,99924,100,100981,100,99904,100,101140,100,,,101192,100,,,101278,100,,
2019-06-28 09:48:00.000000000,100766,184,100706,184,100827,184,100333,184,100853,184,100110,284,100945,184,100071,184,100970,100,100029,100,100980,100,99924,100,100981,100,99904,100,101140,100,,,101192,100,,,101278,100,,
2019-06-28 09:48:07.055331183,100766,184,100706,184,100827,84,100333,184,100853,184,100276,100,100945,184,100110,284,100970,100,100071,184,100980,100,100029,100,100981,100,99924,100,101140,100,99904,100,101192,100,,,101278,100,,
2019-06-28 09:48:10.000000000,100766,269,100706,269,100853,269,100333,269,100945,100,100276,100,100970,100,100110,200,100980,100,100071,100,100981,100,100029,100,101140,100,99924,100,101192,100,99904,100,101278,100,,,101310,100,,
2019-06-28 09:48:20.000000000,100766,184,100706,184,100853,184,100333,184,100945,184,100276,184,100970,184,100110,284,100980,100,100071,100,100981,100,100029,100,101140,100,99924,100,101192,100,99904,100,101278,100,,,101310,100,,
2019-06-28 09:48:29.893127794,100766,184,100706,84,100853,184,100333,184,100945,184,100276,184,100970,184,100110,284,100980,100,100071,100,100981,100,100029,100,101192,100,99924,100,101278,100,99904,100,101310,100,,,101315,100,,
2019-06-28 09:48:30.000000000,100766,269,100333,269,100853,269,100276,269,100945,100,100110,200,100970,100,100071,100,100980,100,100029,100,100981,100,99924,100,101192,100,99904,100,101278,100,,,101310,100,,,101315,100,,
2019-06-28 09:48:37.975866195,100766,269,100386,100,100853,269,100333,269,100945,100,100276,269,100970,100,100110,200,100980,100,100071,100,100981,100,100029,100,101192,100,99924,100,101278,100,99904,100,101315,100,,,101418,100,,
2019-06-28 09:48:40.000000000,100766,184,100386,184,100853,184,100333,184,100945,184,100276,184,100970,184,100110,284,100980,100,100071,100,100981,100,100029,100,101192,100,99924,100,101278,100,99904,100,101315,100,,,101418,100,,
2019-06-28 09:48:45.693214066,100766,184,100386,184,100820,100,100333,184,100853,184,100276,184,100945,184,100110,284,100970,184,100071,100,100980,100,100029,100,100981,100,99924,100,101192,100,99904,100,101278,100,,,101315,100,,
2019-06-28 09:48:50.000000000,100766,184,100386,184,100820,184,100333,184,100853,184,100276,184,100945,184,100110,284,100970,100,100071,100,100980,100,100029,100,100981,100,99924,100,101192,100,99904,100,101278,100,,,101315,100,,
2019-06-28 09:48:50.006192145,100766,184,100386,184,100820,284,100333,184,100853,184,100276,184,100945,184,100110,184,100970,100,100071,100,100980,100,100029,100,100981,100,99924,100,101192,100,99904,100,101278,100,,,101315,100,,
2019-06-28 09:49:00.000000000,100766,269,100386,269,100820,369,100333,269,100853,100,100276,100,100945,100,100110,100,100970,100,100071,100,100980,100,100029,100,100981,100,99924,100,101192,100,99904,100,101278,100,,,101315,100,,
2019-06-28 09:49:01.611175666,100422,100,100386,269,100766,269,100333,269,100820,369,100276,100,100853,100,100110,100,100945,100,100071,100,100970,100,100029,100,100980,100,99924,100,100981,100,99904,100,101192,100,,,101278,100,,
2019-06-28 09:49:10.000000000,100422,438,100386,438,100766,100,100333,100,100820,200,100276,100,100853,100,100110,100,100945,100,100071,100,100970,100,100029,100,100980,100,99924,100,100981,100,99904,100,101192,100,,,101278,100,,
2019-06-28 09:49:20.000000000,100422,269,100386,269,100766,269,100333,269,100820,200,100276,100,100853,100,100110,100,100945,100,100071,100,100970,100,100029,100,100980,100,99924,100,100981,100,99904,100,101192,100,,,101278,100,,
2019-06-28 09:49:26.787114948,100422,269,100386,269,100766,269,100333,269,100820,200,100276,100,100853,100,100160,100,100945,100,100110,100,100970,100,100071,100,100980,100,100029,100,100981,100,99924,100,101192,100,99904,100,101278,100,,
2019-06-28 09:49:29.003165155,100422,269,100386,269,100766,269,100333,269,100820,200,100276,100,100853,100,100160,100,100945,100,100110,100,100970,100,100029,100,100980,100,99924,100,100981,100,99904,100,101192,100,,,101278,100,,
2019-06-28 09:49:30.000000000,100422,438,100386,438,100766,100,100333,100,100820,200,100276,100,100853,100,100160,100,100945,100,100110,100,100970,100,100029,100,100980,100,99924,100,100981,100,99904,100,101192,100,,,101278,100,,
2019-06-28 09:49:40.000000000,100422,269,100386,269,100766,269,100333,269,100820,200,100276,100,100853,100,100160,100,100945,100,100110,100,100970,100,100029,100,100980,100,99924,100,100981,100,99904,100,101192,100,,,101278,100,,
2019-06-28 09:49:42.529726511,100422,269,100386,269,100468,100,100333,269,100766,269,100276,100,100820,200,100160,100,100853,100,100110,100,100945,100,100029,100,100970,100,99924,100,100980,100,99904,100,100981,100,,,101192,100,,
2019-06-28 09:49:43.971602324,100422,269,100400,100,100468,100,100386,269,100766,269,100333,269,100820,200,100276,100,100853,100,100160,100,100945,100,100110,100,100970,100,100029,100,100980,100,99924,100,100981,100,99904,100,101192,100,,
2019-06-28 09:49:50.000000000,100422,438,100400,438,100468,100,100386,100,100766,100,100333,100,100820,200,100276,100,100853,100,100160,100,100945,100,100110,100,100970,100,100029,100,100980,100,99924,100,100981,100,99904,100,101192,100,,
2019-06-28 09:50:00.000000000,100422,184,100400,184,100468,184,100386,184,100766,184,100333,184,100820,284,100276,184,100853,100,100160,100,100945,100,100110,100,100970,100,100029,100,100980,100,99924,100,100981,100,99904,100,101192,100,,
2019-06-28 09:50:10.000000000,100422,438,100400,438,100468,100,100386,100,100766,100,100333,100,100820,200,100276,100,100853,100,100160,100,100945,100,100110,100,100970,100,100029,100,100980,100,99924,100,100981,100,99904,100,101192,100,,
2019-06-28 09:50:20.000000000,100422,168,100400,168,100468,168,100386,168,100766,168,100333,168,100820,268,100276,168,100853,168,100160,168,100945,100,100110,100,100970,100,100029,100,100980,100,99924,100,100981,100,99904,100,101192,100,,
2019-06-28 09:50:30.000000000,100422,215,100400,215,100468,212,100386,212,100766,212,100333,212,100820,200,100276,100,100853,100,100160,100,100945,100,100110,100,100970,100,100029,100,100980,100,99924,100,100981,100,99904,100,101192,100,,
2019-06-28 09:50:40.000000000,100422,269,100400,269,100468,269,100386,269,100766,100,100333,100,100820,200,100276,100,100853,100,100160,100,100945,100,100110,100,100970,100,100029,100,100980,100,99924,100,100981,100,99904,100,101192,100,,
2019-06-28 09:50:42.308023095,100422,269,100400,269,100468,269,100386,269,100765,100,100333,100,100766,100,100276,100,100820,200,100160,100,100853,100,100110,100,100945,100,100029,100,100970,100,99924,100,100980,100,99904,100,100981,100,,
2019-06-28 09:50:50.000000000,100422,215,100400,215,100468,212,100386,212,100765,212,100333,212,100766,100,100276,100,100820,200,100160,100,100853,100,100110,100,100945,100,100029,100,100970,100,99924,100,100980,100,99904,100,100981,100,,
2019-06-28 09:50:50.683456810,100422,215,100400,215,100468,212,100386,212,100765,212,100333,212,100766,100,100276,100,100820,200,100160,100,100853,100,100110,100,100945,100,100029,100,100970,100,99924,100,100980,100,99904,100,100981,100,99807,100
2019-06-28 09:50:57.463637213,100422,215,100400,215,100468,212,100386,212,100765,212,100333,212,100766,100,100160,100,100820,200,100110,100,100853,100,100029,100,100945,100,99924,100,100970,100,99904,100,100980,100,99878,100,100981,100,99807,100
2019-06-28 09:51:00.000000000,100422,269,100400,269,100468,269,100386,269,100765,100,100333,100,100766,100,100160,100,100820,200,100110,100,100853,100,100029,100,100945,100,99924,100,100970,100,99904,100,100980,100,99878,100,100981,100,99807,100
2019-06-28 09:51:03.760279228,100422,269,100400,169,100468,269,100386,269,100765,100,100333,100,100766,100,100160,100,100820,200,100110,100,100853,100,100029,100,100945,100,99924,100,100970,100,99904,100,100980,100,99878,100,100981,100,99807,100
2019-06-28 09:51:10.000000000,100422,269,100386,269,100468,269,100333,269,100765,100,100160,100,100766,100,100110,100,100820,200,100029,100,100853,100,99924,100,100945,100,99904,100,100970,100,99878,100,100980,100,99807,100,100981,100,,
2019-06-28 09:51:20.000000000,100422,269,100386,269,100468,269,100333,269,100765,100,100160,100,100766,100,100110,100,100820,200,100029,100,100853,100,99924,100,100945,100,99904,100,100970,100,99878,100,100980,100,99807,100,100981,100,,
2019-06-28 09:51:23.986927583,100422,269,100386,269,100468,269,100333,269,100765,100,100160,100,100766,100,100110,100,100820,200,100029,100,100853,100,99924,100,100945,100,99904,100,100970,100,99878,100,100980,100,99807,100,100981,100,99794,100
2019-06-28 09:51:24.575807920,100422,269,100386,169,100468,269,100333,269,100765,100,100160,100,100766,100,100110,100,100820,200,100029,100,100853,100,99924,100,100945,100,99904,100,100970,100,99878,100,100980,100,99807,100,100981,100,99794,100
2019-06-28 09:51:29.436254089,100422,269,100386,69,100468,269,100333,269,100765,100,100160,100,100766,100,100110,100,100820,200,100029,100,100853,100,99924,100,100945,100,99904,100,100970,100,99878,100,100980,100,99807,100,100981,100,99794,100
2019-06-28 09:51:30.000000000,100422,168,100333,168,100468,168,100160,168,100765,168,100110,168,100766,168,100029,168,100820,268,99924,168,100853,100,99904,100,100945,100,99878,100,100970,100,99807,100,100980,100,99794,100,100981,100,,
2019-06-28 09:51:40.000000000,100422,184,100333,184,100468,184,100160,184,100765,184,100110,184,100766,184,100029,184,100820,200,99924,100,100853,100,99904,100,100945,100,99878,100,100970,100,99807,100,100980,100,99794,100,100981,100,,
2019-06-28 09:51:43.168909832,100422,184,100333,184,100468,184,100160,184,100765,184,100110,184,100766,184,100029,184,100820,200,99924,100,100853,100,99904,100,100945,100,99878,100,100970,100,99807,100,100980,100,99794,100,100981,100,99506,100
2019-06-28 09:51:50.000000000,100422,438,100333,438,100468,100,100160,100,100765,100,100110,100,100766,100,100029,100,100820,200,99924,100,100853,100,99904,100,100945,100,99878,100,100970,100,99807,100,100980,100,99794,100,100981,100,99506,100
2019-06-28 09:52:00.000000000,100422,438,100333,438,100468,100,100160,100,100765,100,100110,100,100766,100,100029,100,100820,200,99924,100,100853,100,99904,100,100945,100,99878,100,100970,100,99807,100,100980,100,99794,100,100981,100,99506,100
2019-06-28 09:52:05.921560972,100422,438,100333,438,100468,100,100160,100,100765,100,100110,100,100766,100,100029,100,100820,200,99924,100,100853,100,99904,100,100945,100,99878,100,100970,100,99807,100,100980,100,99794,100,100981,100,99768,100
2019-06-28 09:52:10.000000000,100422,168,100333,168,100468,168,100160,168,100765,168,100110,168,100766,168,100029,168,100820,268,99924,168,100853,100,99904,100,100945,100,99878,100,100970,100,99807,100,100980,100,99794,100,100981,100,99768,100
2019-06-28 09:52:20.000000000,100422,168,100333,168,100468,168,100160,168,100765,168,100110,168,100766,168,100029,168,100820,268,99924,168,100853,100,99904,100,100945,100,99878,100,100970,100,99807,100,100980,100,99794,100,100981,100,99768,100
2019-06-28 09:52:30.000000000,100422,184,100333,184,100468,184,100160,184,100765,184,100110,184,100766,184,100029,184,100820,200,99924,100,100853,100,99904,100,100945,100,99878,100,100970,100,99807,100,100980,100,99794,100,100981,100,99768,100
2019-06-28 09:52:37.320940868,100422,184,100333,84,100468,184,100160,184,100765,184,100110,184,100766,184,100029,184,100820,200,99924,100,100853,100,99904,100,100945,100,99878,100,100970,100,99807,100,100980,100,99794,100,100981,100,99768,100
2019-06-28 09:52:40.000000000,100422,438,100160,438,100468,100,100110,100,100765,100,100029,100,100766,100,99924,100,100820,200,99904,100,100853,100,99878,100,100945,100,99807,100,100970,100,99794,100,100980,100,99768,100,100981,100,99506,100
2019-06-28 09:52:50.000000000,100422,184,100160,184,100468,184,100110,184,100765,184,100029,184,100766,184,99924,184,100820,200,99904,100,100853,100,99878,100,100945,100,99807,100,100970,100,99794,100,100980,100,99768,100,100981,100,99506,100
2019-06-28 09:52:53.094267164,100422,184,100160,184,100468,184,100110,184,100765,184,100029,184,100766,184,99924,184,100820,200,99904,100,100853,100,99869,100,100945,100,99807,100,100970,100,99794,100,100980,100,99768,100,100981,100,99506,100
2019-06-28 09:52:59.565935989,100422,184,100160,84,100468,184,100110,184,100765,184,100029,184,100766,184,99924,184,100820,200,99904,100,100853,100,99869,100,100945,100,99807,100,100970,100,99794,100,100980,100,99768,100,100981,100,99506,100
2019-06-28 09:53:00.000000000,100422,269,100110,269,100468,269,100029,269,100765,100,99924,100,100766,100,99904,100,100820,200,99869,100,100853,100,99807,100,100945,100,99794,100,100970,100,99768,100,100980,100,99506,100,100981,100,,
2019-06-28 09:53:10.000000000,100422,269,100110,269,100468,269,100029,269,100765,100,99924,100,100766,100,99904,100,100820,200,99869,100,100853,100,99807,100,100945,100,99794,100,100970,100,99768,100,100980,100,99506,100,100981,100,,
2019-06-28 09:53:11.531056569,100422,269,100110,269,100445,100,100029,269,100468,269,99924,100,100765,100,99904,100,100766,100,99869,100,100820,200,99807,100,100853,100,99794,100,100945,100,99768,100,100970,100,99506,100,100980,100,,
2019-06-28 09:53:20.000000000,100422,438,100110,438,100445,100,100029,100,100468,100,99924,100,100765,100,99904,100,100766,100,99869,100,100820,200,99807,100,100853,100,99794,100,100945,100,99768,100,100970,100,99506,100,100980,100,,
2019-06-28 09:53:30.000000000,100422,184,100110,184,100445,184,100029,184,100468,184,99924,184,100765,184,99904,184,100766,100,99869,100,100820,200,99807,100,100853,100,99794,100,100945,100,99768,100,100970,100,99506,100,100980,100,,
2019-06-28 09:53:40.000000000,100422,168,100110,168,100445,168,100029,168,100468,168,99924,168,100765,168,99904,168,100766,168,99869,168,100820,200,99807,100,100853,100,99794,100,100945,100,99768,100,100970,100,99506,100,100980,100,,
2019-06-28 09:53:48.678581696,100422,168,100110,168,100445,168,100029,168,100468,168,99924,168,100765,168,99904,168,100766,168,99869,168,100820,100,99807,100,100853,100,99794,100,100945,100,99768,100,100970,100,99506,100,100980,100,,
2019-06-28 09:53:50.000000000,100422,438,100110,438,100445,100,100029,100,100468,100,99924,100,100765,100,99904,100,100766,100,99869,100,100820,100,99807,100,100853,100,99794,100,100945,100,99768,100,100970,100,99506,100,100980,100,,
2019-06-28 09:54:00.000000000,100422,269,100110,269,100445,269,100029,269,100468,100,99924,100,100765,100,99904,100,100766,100,99869,100,100820,100,99807,100,100853,100,99794,100,100945,100,99768,100,100970,100,99506,100,100980,100,,
2019-06-28 09:54:09.373396243,100422,169,100110,269,100445,269,100029,269,100468,100,99924,100,100765,100,99904,100,100766,100,99869,100,100820,100,99807,100,100853,100,99794,100,100945,100,99768,100,100970,100,99506,100,100980,100,,
2019-06-28 09:54:10.000000000,100445,269,100110,269,100468,269,100029,269,100765,100,99924,100,100766,100,99904,100,100820,100,99869,100,100853,100,99807,100,100945,100,99794,100,100970,100,99768,100,100980,100,99506,100,100981,100,,
2019-06-28 09:54:20.000000000,100445,438,100110,438,100468,100,100029,100,100765,100,99924,100,100766,100,99904,100,100820,100,99869,100,100853,100,99807,100,100945,100,99794,100,100970,100,99768,100,100980,100,99506,100,100981,100,,
2019-06-28 09:54:24.195718703,100445,438,100110,438,100468,100,100029,100,100600,100,99924,100,100765,100,99904,100,100766,100,99869,100,100820,100,99807,100,100853,100,99794,100,100945,100,99768,100,100970,100,99506,100,100980,100,,
2019-06-28 09:54:30.000000000,100445,168,100110,168,100468,168,100029,168,100600,168,99924,168,100765,168,99904,168,100766,168,99869,168,100820,100,99807,100,100853,100,99794,100,100945,100,99768,100,100970,100,99506,100,100980,100,,
2019-06-28 09:54:40.000000000,100445,184,100110,184,100468,184,100029,184,100600,184,99924,184,100765,184,99904,184,100766,100,99869,100,100820,100,99807,100,100853,100,99794,100,100945,100,99768,100,100970,100,99506,100,100980,100,,
2019-06-28 09:54:43.042227892,100445,184,100161,100,100468,184,100110,184,100600,184,100029,184,100765,184,99924,184,100766,100,99904,184,100820,100,99869,100,100853,100,99807,100,100945,100,99794,100,100970,100,99768,100,100980,100,99506,100
2019-06-28 09:54:50.000000000,100445,184,100161,184,100468,184,100110,184,100600,184,100029,184,100765,184,99924,184,100766,100,99904,100,100820,100,99869,100,100853,100,99807,100,100945,100,99794,100,100970,100,99768,100,100980,100,99506,100
2019-06-28 09:54:51.387288761,100445,84,100161,184,100468,184,100110,184,100600,184,100029,184,100765,184,99924,184,100766,100,99904,100,100820,100,99869,100,100853,100,99807,100,100945,100,99794,100,100970,100,99768,100,100980,100,99506,100
2019-06-28 09:54:59.561987744,100445,84,100161,184,100468,184,100110,84,100600,184,100029,184,100765,184,99924,184,100766,100,99904,100,100820,100,99869,100,100853,100,99807,100,100945,100,99794,100,100970,100,99768,100,100980,100,99506,100
2019-06-28 09:55:00.000000000,100468,438,100161,438,100600,100,100029,100,100765,100,99924,100,100766,100,99904,100,100820,100,99869,100,100853,100,99807,100,100945,100,99794,100,100970,100,99768,100,100980,100,99506,100,100981,100,,
2019-06-28 09:55:02.294281043,100468,438,100161,438,100600,100,100029,100,100765,100,99924,100,100766,100,99904,100,100818,100,99869,100,100820,100,99807,100,100853,100,99794,100,100945,100,99768,100,100970,100,99506,100,100980,100,,
2019-06-28 09:55:06.417459647,100468,338,100161,438,100600,100,100029,100,100765,100,99924,100,100766,100,99904,100,100818,100,99869,100,100820,100,99807,100,100853,100,99794,100,100945,100,99768,100,100970,100,99506,100,100980,100,,
2019-06-28 09:55:06.583623533,100468,338,100161,438,100600,100,100029,100,100765,100,99924,100,100766,100,99904,100,100794,100,99869,100,100818,100,99807,100,100820,100,99794,100,100853,100,99768,100,100945,100,99506,100,100970,100,,
2019-06-28 09:55:10.000000000,100600,438,100161,438,100765,100,100029,100,100766,100,99924,100,100794,100,99904,100,100818,100,99869,100,100820,100,99807,100,100853,100,99794,100,100945,100,99768,100,100970,100,99506,100,100980,100,,
2019-06-28 09:55:13.528591504,100600,338,100161,438,100765,100,100029,100,100766,100,99924,100,100794,100,99904,100,100818,100,99869,100,100820,100,99807,100,100853,100,99794,100,100945,100,99768,100,100970,100,99506,100,100980,100,,
2019-06-28 09:55:20.000000000,100765,184,100161,184,100766,184,100029,184,100794,184,99924,184,100818,184,99904,184,100820,100,99869,100,100853,100,99807,100,100945,100,99794,100,100970,100,99768,100,100980,100,99506,100,101278,100,,
2019-06-28 09:55:21.295051008,100765,184,100161,184,100766,184,100029,184,100794,184,99924,184,100818,184,99904,184,100820,100,99807,100,100853,100,99794,100,100945,100,99768,100,100970,100,99506,100,100980,100,,,101095,100,,
2019-06-28 09:55:30.000000000,100765,269,100161,269,100766,269,100029,269,100794,100,99924,100,100818,100,99904,100,100820,100,99807,100,100853,100,99794,100,100945,100,99768,100,100970,100,99506,100,100980,100,,,101095,100,,
2019-06-28 09:55:30.149810049,100765,269,100161,269,100766,269,100029,269,100794,100,99924,100,100818,100,99904,100,100820,100,99807,100,100853,100,99794,100,100945,100,99768,100,100970,100,99506,100,100980,100,,,101078,100,,
2019-06-28 09:55:40.000000000,100765,269,100161,269,100766,269,100029,269,100794,100,99924,100,100818,100,99904,100,100820,100,99807,100,100853,100,99794,100,100945,100,99768,100,100970,100,99506,100,100980,100,,,101078,100,,
2019-06-28 09:55:50.000000000,100765,269,100161,269,100766,269,100029,269,100794,100,99924,100,100818,100,99904,100,100820,100,99807,100,100853,100,99794,100,100945,100,99768,100,100970,100,99506,100,100980,100,,,101078,100,,
2019-06-28 09:55:58.626360094,100765,269,100658,100,100766,169,100161,269,100794,100,100029,269,100818,100,99924,100,100820,100,99904,100,100853,100,99807,100,100945,100,99794,100,100970,100,99768,100,100980,100,99506,100,101078,100,,
2019-06-28 09:56:00.000000000,100765,269,100658,269,100794,269,100161,269,100818,100,100029,100,100820,100,99924,100,100853,100,99904,100,100945,100,99807,100,100970,100,99794,100,100980,100,99768,100,101078,100,99506,100,101095,100,,
2019-06-28 09:56:10.000000000,100765,215,100658,215,100794,212,100161,212,100818,212,100029,212,100820,100,99924,100,100853,100,99904,100,100945,100,99807,100,100970,100,99794,100,100980,100,99768,100,101078,100,99506,100,101095,100,,
2019-06-28 09:56:20.000000000,100765,438,100658,438,100794,100,100161,100,100818,100,100029,100,100820,100,99924,100,100853,100,99904,100,100945,100,99807,100,100970,100,99794,100,100980,100,99768,100,101078,100,99506,100,101095,100,,
2019-06-28 09:56:25.208144292,100760,100,100658,438,100765,438,100161,100,100794,100,100029,100,100818,100,99924,100,100820,100,99904,100,100853,100,99807,100,100945,100,99794,100,100970,100,99768,100,100980,100,99506,100,101078,100,,
2019-06-28 09:56:30.000000000,100760,184,100658,184,100765,184,100161,184,100794,184,100029,184,100818,184,99924,184,100820,100,99904,100,100853,100,99807,100,100945,100,99794,100,100970,100,99768,100,100980,100,99506,100,101078,100,,
2019-06-28 09:56:40.000000000,100760,438,100658,438,100765,100,100161,100,100794,100,100029,100,100818,100,99924,100,100820,100,99904,100,100853,100,99807,100,100945,100,99794,100,100970,100,99768,100,100980,100,99506,100,101078,100,,
2019-06-28 09:56:42.514142365,100760,438,100658,438,100765,100,100468,100,100794,100,100161,100,100818,100,100029,100,100853,100,99924,100,100945,100,99904,100,100970,100,99807,100,100980,100,99794,100,101078,100,99768,100,101095,100,99506,100
2019-06-28 09:56:50.000000000,100760,269,100658,269,100765,269,100468,269,100794,100,100161,100,100818,100,100029,100,100853,100,99924,100,100945,100,99904,100,100970,100,99807,100,100980,100,99794,100,101078,100,99768,100,101095,100,99506,100
2019-06-28 09:57:00.000000000,100760,168,100658,168,100765,168,100468,168,100794,168,100161,168,100818,168,100029,168,100853,168,99924,168,100945,100,99904,100,100970,100,99807,100,100980,100,99794,100,101078,100,99768,100,101095,100,99506,100
2019-06-28 09:57:09.252331452,100760,168,100658,68,100765,168,100468,168,100794,168,100161,168,100818,168,100029,168,100853,168,99924,168,100931,100,99904,100,100945,100,99807,100,100970,100,99794,100,100980,100,99768,100,101078,100,99506,100
2019-06-28 09:57:10.000000000,100760,269,100468,269,100765,269,100161,269,100794,100,100029,100,100818,100,99924,100,100853,100,99904,100,100931,100,99807,100,100945,100,99794,100,100970,100,99768,100,100980,100,99506,100,101078,100,,
2019-06-28 09:57:20.000000000,100760,168,100468,168,100765,168,100161,168,100794,168,100029,168,100818,168,99924,168,100853,168,99904,168,100931,100,99807,100,100945,100,99794,100,100970,100,99768,100,100980,100,99506,100,101078,100,,
2019-06-28 09:57:22.489492730,100760,68,100468,168,100765,168,100161,168,100794,168,100029,168,100818,168,99924,168,100853,168,99904,168,100931,100,99807,100,100945,100,99794,100,100970,100,99768,100,100980,100,99506,100,101078,100,,
2019-06-28 09:57:30.000000000,100765,438,100468,438,100794,100,100161,100,100818,100,100029,100,100853,100,99924,100,100931,100,99904,100,100945,100,99807,100,100970,100,99794,100,100980,100,99768,100,101078,100,99506,100,101095,100,,
2019-06-28 09:57:40.000000000,100765,184,100468,184,100794,184,100161,184,100818,184,100029,184,100853,184,99924,184,100931,100,99904,100,100945,100,99807,100,100970,100,99794,100,100980,100,99768,100,101078,100,99506,100,101095,100,,
2019-06-28 09:57:41.531595294,100765,184,100659,100,100794,184,100468,184,100818,184,100161,184,100853,184,100029,184,100931,100,99924,184,100945,100,99904,100,100970,100,99807,100,100980,100,99794,100,101078,100,99768,100,101095,100,99506,100
2019-06-28 09:57:50.000000000,100765,438,100659,438,100794,100,100468,100,100818,100,100161,100,100853,100,100029,100,100931,100,99924,100,100945,100,99904,100,100970,100,99807,100,100980,100,99794,100,101078,100,99768,100,101095,100,99506,100
2019-06-28 09:58:00.000000000,100765,215,100659,215,100794,212,100468,212,100818,212,100161,212,100853,100,100029,100,100931,100,99924,100,100945,100,99904,100,100970,100,99807,100,100980,100,99794,100,101078,100,99768,100,101095,100,99506,100
2019-06-28 09:58:03.220805709,100765,215,100659,215,100794,212,100468,212,100818,212,100161,212,100853,100,100029,100,100931,100,99924,100,100945,100,99904,100,100970,100,99807,100,100980,100,99794,100,101078,100,99768,100,101095,100,99506,100
2019-06-28 09:58:10.000000000,100765,168,100659,168,100794,168,100468,168,100818,168,100161,168,100853,168,100029,168,100931,168,99924,168,100945,100,99904,100,100970,100,99807,100,100980,100,99794,100,101078,100,99768,100,101095,100,99506,100
2019-06-28 09:58:20.000000000,100765,269,100659,269,100794,269,100468,269,100818,100,100161,100,100853,100,100029,100,100931,100,99924,100,100945,100,99904,100,100970,100,99807,100,100980,100,99794,100,101078,100,99768,100,101095,100,99506,100
2019-06-28 09:58:27.115099243,100759,100,100659,269,100765,269,100468,269,100794,269,100161,100,100818,100,100029,100,100853,100,99924,100,100931,100,99904,100,100945,100,99807,100,100970,100,99794,100,100980,100,99768,100,101078,100,99506,100
2019-06-28 09:58:30.000000000,100759,215,100659,215,100765,212,100468,212,100794,212,100161,212,100818,100,100029,100,100853,100,99924,100,100931,100,99904,100,100945,100,99807,100,100970,100,99794,100,100980,100,99768,100,101078,100,99506,100
2019-06-28 09:58:31.518693159,100759,215,100659,215,100765,212,100468,212,100794,212,100449,100,100818,100,100161,212,100853,100,100029,100,100931,100,99924,100,100945,100,99904,100,100970,100,99807,100,100980,100,99794,100,101078,100,99768,100
2019-06-28 09:58:35.670929577,100759,215,100659,215,100765,212,100468,212,100784,100,100449,100,100794,212,100161,212,100818,100,100029,100,100853,100,99924,100,100931,100,99904,100,100970,100,99807,100,100980,100,99794,100,101078,100,99768,100
2019-06-28 09:58:40.000000000,100759,184,100659,184,100765,184,100468,184,100784,184,100449,184,100794,184,100161,184,100818,100,100029,100,100853,100,99924,100,100931,100,99904,100,100970,100,99807,100,100980,100,99794,100,101078,100,99768,100
2019-06-28 09:58:50.000000000,100759,168,100659,168,100765,168,100468,168,100784,168,100449,168,100794,168,100161,168,100818,168,100029,168,100853,100,99924,100,100931,100,99904,100,100970,100,99807,100,100980,100,99794,100,101078,100,99768,100
2019-06-28 09:58:58.566613454,100759,168,100659,168,100765,168,100468,168,100784,168,100449,168,100794,168,100161,168,100818,168,100140,100,100853,100,100029,168,100931,100,99924,100,100970,100,99904,100,100980,100,99807,100,101078,100,99794,100
2019-06-28 09:59:00.000000000,100759,215,100659,215,100765,212,100468,212,100784,212,100449,212,100794,100,100161,100,100818,100,100140,100,100853,100,100029,100,100931,100,99924,100,100970,100,99904,100,100980,100,99807,100,101078,100,99794,100
2019-06-28 09:59:10.000000000,100759,215,100659,215,100765,212,100468,212,100784,212,100449,212,100794,100,100161,100,100818,100,100140,100,100853,100,100029,100,100931,100,99924,100,100970,100,99904,100,100980,100,99807,100,101078,100,99794,100
2019-06-28 09:59:20.000000000,100759,269,100659,269,100765,269,100468,269,100784,100,100449,100,100794,100,100161,100,100818,100,100140,100,100853,100,100029,100,100931,100,99924,100,100970,100,99904,100,100980,100,99807,100,101078,100,99794,100
2019-06-28 09:59:30.000000000,100759,215,100659,215,100765,212,100468,212,100784,212,100449,212,100794,100,100161,100,100818,100,100140,100,100853,100,100029,100,100931,100,99924,100,100970,100,99904,100,100980,100,99807,100,101078,100,99794,100
2019-06-28 09:59:35.030985856,100759,215,100659,215,100765,212,100468,212,100784,212,100449,212,100794,100,100161,100,100818,100,100140,100,100853,100,100029,100,100931,100,99924,100,100970,100,99904,100,100980,100,99807,100,101078,100,99794,100
2019-06-28 09:59:39.820752279,100759,215,100659,215,100765,212,100468,212,100784,212,100449,212,100794,100,100161,100,100853,100,100140,100,100931,100,100029,100,100970,100,99924,100,100980,100,99904,100,101071,100,99807,100,101078,100,99794,100
2019-06-28 09:59:40.000000000,100759,184,100659,184,100765,184,100468,184,100784,184,100449,184,100794,184,100161,184,100853,100,100140,100,100931,100,100029,100,100970,100,99924,100,100980,100,99904,100,101071,100,99807,100,101078,100,99794,100
2019-06-28 09:59:43.634879135,100759,184,100659,184,100765,184,100468,184,100784,184,100449,184,100794,184,100161,184,100853,100,100140,100,100931,100,100029,100,100970,100,99924,100,100980,100,99904,100,101071,100,99807,100,101073,100,99794,100
2019-06-28 09:59:50.000000000,100759,184,100659,184,100765,184,100468,184,100784,184,100449,184,100794,184,100161,184,100853,100,100140,100,100931,100,100029,100,100970,100,99924,100,100980,100,99904,100,101071,100,99807,100,101073,100,99794,100
2019-06-28 09:59:52.994862721,100759,184,100659,284,100765,184,100468,184,100784,184,100449,184,100794,184,100161,184,100853,100,100140,100,100931,100,100029,100,100970,100,99924,100,100980,100,99904,100,101071,100,99807,100,101073,100,99794,100
2019-06-28 10:00:00.000000000,100759,215,100659,315,100765,212,100468,212,100784,212,100449,212,100794,100,100161,100,100853,100,100140,100,100931,100,100029,100,100970,100,99924,100,100980,100,99904,100,101071,100,99807,100,101073,100,99794,100
2019-06-28 10:00:10.000000000,100759,184,100659,284,100765,184,100468,184,100784,184,100449,184,100794,184,100161,184,100853,100,100140,100,100931,100,100029,100,100970,100,99924,100,100980,100,99904,100,101071,100,99807,100,101073,100,99794,100
2019-06-28 10:00:14.744172192,100759,84,100659,284,100765,184,100468,184,100784,184,100449,184,100794,184,100161,184,100853,100,100140,100,100931,100,100029,100,100970,100,99924,100,100980,100,99904,100,101071,100,99807,100,101073,100,99794,100
2019-06-28 10:00:15.711830434,100759,84,100659,284,100765,184,100468,184,100784,184,100449,184,100794,184,100161,184,100853,100,100140,100,100931,100,100029,100,100980,100,99924,100,101071,100,99904,100,101073,100,99807,100,101078,100,99794,100
2019-06-28 10:00:20.000000000,100765,168,100659,268,100784,168,100468,168,100794,168,100449,168,100853,168,100161,168,100931,168,100140,168,100980,100,100029,100,101071,100,99924,100,101073,100,99904,100,101078,100,99807,100,101081,100,99794,100
2019-06-28 10:00:20.628748004,100765,168,100659,268,100784,168,100468,168,100794,168,100449,68,100853,168,100161,168,100931,168,100140,168,100980,100,100029,100,101045,100,99924,100,101071,100,99904,100,101073,100,99807,100,101078,100,99794,100
2019-06-28 10:00:30.000000000,100765,438,100659,538,100784,100,100468,100,100794,100,100161,100,100853,100,100140,100,100931,100,100029,100,100980,100,99924,100,101045,100,99904,100,101071,100,99807,100,101073,100,99794,100,101078,100,99768,100
2019-06-28 10:00:40.000000000,100765,438,100659,538,100784,100,100468,100,100794,100,100161,100,100853,100,100140,100,100931,100,100029,100,100980,100,99924,100,101045,100,99904,100,101071,100,99807,100,101073,100,99794,100,101078,100,99768,100
2019-06-28 10:00:41.676512185,100765,438,100759,100,100784,100,100659,538,100794,100,100468,100,100853,100,100161,100,100931,100,100140,100,100980,100,100029,100,101045,100,99924,100,101071,100,99904,100,101073,100,99807,100,101078,100,99794,100
2019-06-28 10:00:47.548556153,100765,438,100759,100,100784,100,100724,100,100794,100,100659,538,100853,100,100468,100,100931,100,100161,100,100980,100,100029,100,101045,100,99924,100,101071,100,99904,100,101073,100,99807,100,101078,100,99794,100
2019-06-28 10:00:50.000000000,100765,215,100759,215,100784,212,100724,212,100794,212,100659,312,100853,100,100468,100,100931,100,100161,100,100980,100,100029,100,101045,100,99924,100,101071,100,99904,100,101073,100,99807,100,101078,100,99794,100
2019-06-28 10:01:00.000000000,100765,438,100759,438,100784,100,100724,100,100794,100,100659,200,100853,100,100468,100,100931,100,100161,100,100980,100,100029,100,101045,100,99924,100,101071,100,99904,100,101073,100,99807,100,101078,100,99794,100
2019-06-28 10:01:03.836935799,100765,338,100759,438,100784,100,100724,100,100794,100,100659,200,100853,100,100468,100,100931,100,100161,100,100980,100,100029,100,101045,100,99924,100,101071,100,99904,100,101073,100,99807,100,101078,100,99794,100
2019-06-28 10:01:10.000000000,100784,168,100759,168,100794,168,100724,168,100853,168,100659,268,100931,168,100468,168,100980,168,100161,168,101045,100,100029,100,101071,100,99924,100,101073,100,99904,100,101078,100,99807,100,101081,100,99794,100
2019-06-28 10:01:12.634533231,100784,68,100759,168,100794,168,100724,168,100853,168,100659,268,100931,168,100468,168,100980,168,100161,168,101045,100,100029,100,101071,100,99924,100,101073,100,99904,100,101078,100,99807,100,101081,100,99794,100
2019-06-28 10:01:20.000000000,100794,438,100759,438,100853,100,100724,100,100931,100,100659,200,100980,100,100468,100,101045,100,100161,100,101071,100,100029,100,101073,100,99924,100,101078,100,99904,100,101081,100,99807,100,101095,100,99794,100
2019-06-28 10:01:30.000000000,100794,184,100759,184,100853,184,100724,184,100931,184,100659,284,100980,184,100468,184,101045,100,100161,100,101071,100,100029,100,101073,100,99924,100,101078,100,99904,100,101081,100,99807,100,101095,100,99794,100
2019-06-28 10:01:34.955252653,100794,184,100765,100,100853,184,100759,184,100931,184,100724,184,100980,184,100659,284,101045,100,100468,184,101071,100,100161,100,101073,100,100029,100,101078,100,99924,100,101081,100,99904,100,101095,100,99807,100
2019-06-28 10:01:40.000000000,100794,269,100765,269,100853,269,100759,269,100931,100,100724,100,100980,100,100659,200,101045,100,100468,100,101071,100,100161,100,101073,100,100029,100,101078,100,99924,100,101081,100,99904,100,101095,100,99807,100
2019-06-28 10:01:43.389445721,100794,269,100765,369,100853,269,100759,269,100931,100,100724,100,100980,100,100659,200,101045,100,100468,100,101071,100,100161,100,101073,100,100029,100,101078,100,99924,100,101081,100,99904,100,101095,100,99807,100
2019-06-28 10:01:50.000000000,100794,184,100765,284,100853,184,100759,184,100931,184,100724,184,100980,184,100659,284,101045,100,100468,100,101071,100,100161,100,101073,100,100029,100,101078,100,99924,100,101081,100,99904,100,101095,100,99807,100
2019-06-28 10:01:51.484891527,100794,84,100765,284,100853,184,100759,184,100931,184,100724,184,100980,184,100659,284,101045,100,100468,100,101071,100,100161,100,101073,100,100029,100,101078,100,99924,100,101081,100,99904,100,101143,100,99807,100
2019-06-28 10:02:00.000000000,100853,215,100765,315,100931,212,100759,212,100980,212,100724,212,101045,100,100659,200,101071,100,100468,100,101073,100,100161,100,101078,100,100029,100,101081,100,99924,100,101143,100,99904,100,101278,100,99807,100
2019-06-28 10:02:00.103944140,100853,115,100765,315,100931,212,100759,212,100980,212,100724,212,101045,100,100659,200,101071,100,100468,100,101073,100,100161,100,101078,100,100029,100,101081,100,99904,100,101143,100,99807,100,101278,100,99794,100
2019-06-28 10:02:10.000000000,100931,168,100765,268,100980,168,100759,168,101045,168,100724,168,101071,168,100659,268,101073,168,100468,168,101078,100,100161,100,101081,100,100029,100,101143,100,99904,100,101278,100,99807,100,101600,100,99794,100
2019-06-28 10:02:20.000000000,100931,438,100765,538,100980,100,100759,100,101045,100,100724,100,101071,100,100659,200,101073,100,100468,100,101078,100,100161,100,101081,100,100029,100,101143,100,99904,100,101278,100,99807,100,101600,100,99794,100
2019-06-28 10:02:26.387354624,100931,438,100765,538,100980,100,100759,100,101045,100,100724,100,101071,100,100659,100,101073,100,100468,100,101078,100,100161,100,101081,100,100029,100,101143,100,99904,100,101278,100,99807,100,101600,100,99794,100
2019-06-28 10:02:28.237767378,100931,438,100765,538,100980,100,100759,100,101045,100,100724,100,101071,100,100659,100,101073,100,100468,100,101078,100,100161,100,101081,100,100029,100,101143,100,99904,100,101278,100,99807,100,101600,100,99794,100
2019-06-28 10:02:30.000000000,100931,438,100765,538,100980,100,100759,100,101045,100,100724,100,101071,100,100659,100,101073,100,100468,100,101078,100,100161,100,101081,100,100029,100,101143,100,99904,100,101278,100,99807,100,101600,100,99794,100
2019-06-28 10:02:35.221396519,100931,438,100765,538,100980,100,100759,100,101045,100,100724,100,101071,100,100659,100,101073,100,100468,100,101078,100,100161,100,101081,100,100029,100,101143,100,99904,100,101278,100,99807,100,101600,100,99794,100
2019-06-28 10:02:37.716240541,100931,438,100765,538,100980,100,100759,100,101045,100,100724,100,101071,100,100659,100,101073,100,100468,100,101078,100,100161,100,101081,100,100029,100,101143,100,99904,100,101278,100,99807,100,101600,100,99794,100
2019-06-28 10:02:40.000000000,100931,438,100765,538,100980,100,100759,100,101045,100,100724,100,101071,100,100659,100,101073,100,100468,100,101078,100,100161,100,101081,100,100029,100,101143,100,99904,100,101278,100,99807,100,101600,100,99794,100
2019-06-28 10:02:50.000000000,100931,438,100765,538,100980,100,100759,100,101045,100,100724,100,101071,100,100659,100,101073,100,100468,100,101078,100,100161,100,101081,100,100029,100,101143,100,99904,100,101278,100,99807,100,101600,100,99794,100
2019-06-28 10:03:00.000000000,100931,184,100765,284,100980,184,100759,184,101045,184,100724,184,101071,184,100659,184,101073,100,100468,100,101078,100,100161,100,101081,100,100029,100,101143,100,99904,100,101278,100,99807,100,101600,100,99794,100
2019-06-28 10:03:07.178344953,100931,84,100765,284,100980,184,100759,184,101045,184,100724,184,101071,184,100659,184,101073,100,100468,100,101078,100,100161,100,101081,100,100029,100,101143,100,99904,100,101278,100,99807,100,101600,100,99794,100
2019-06-28 10:03:10.000000000,100980,168,100765,268,101045,168,100759,168,101071,168,100724,168,101073,168,100659,168,101078,168,100468,168,101081,100,100161,100,101143,100,100029,100,101278,100,99904,100,101600,100,99807,100,101602,100,99794,100
2019-06-28 10:03:12.426044974,100980,168,100853,100,101045,168,100765,268,101071,168,100759,168,101073,168,100724,168,101078,168,100659,168,101081,100,100468,168,101143,100,100161,100,101278,100,100029,100,101600,100,99904,100,101602,100,99807,100
2019-06-28 10:03:20.000000000,100980,269,100853,269,101045,269,100765,369,101071,100,100759,100,101073,100,100724,100,101078,100,100659,100,101081,100,100468,100,101143,100,100161,100,101278,100,100029,100,101600,100,99904,100,101602,100,99807,100
2019-06-28 10:03:30.000000000,100980,184,100853,184,101045,184,100765,284,101071,184,100759,184,101073,184,100724,184,101078,100,100659,100,101081,100,100468,100,101143,100,100161,100,101278,100,100029,100,101600,100,99904,100,101602,100,99807,100
2019-06-28 10:03:34.975741489,100980,184,100853,184,101045,184,100765,284,101071,184,100759,184,101073,184,100724,184,101078,100,100659,100,101081,100,100468,100,101143,100,100161,100,101278,100,100029,100,101602,100,99904,100,102632,100,99807,100
2019-06-28 10:03:40.000000000,100980,184,100853,184,101045,184,100765,284,101071,184,100759,184,101073,184,100724,184,101078,100,100659,100,101081,100,100468,100,101143,100,100161,100,101278,100,100029,100,101602,100,99904,100,102632,100,99807,100
2019-06-28 10:03:42.347172419,100980,184,100853,284,101045,184,100765,284,101071,184,100759,184,101073,184,100724,184,101078,100,100659,100,101081,100,100468,100,101143,100,100161,100,101278,100,100029,100,101602,100,99904,100,102632,100,99807,100
2019-06-28 10:03:47.622226404,100980,184,100853,284,101045,184,100765,284,101071,184,100759,184,101073,184,100724,184,101078,100,100659,100,101081,100,100468,100,101278,100,100161,100,101602,100,100029,100,102457,100,99904,100,102632,100,99807,100
2019-06-28 10:03:50.000000000,100980,269,100853,369,101045,269,100765,369,101071,100,100759,100,101073,100,100724,100,101078,100,100659,100,101081,100,100468,100,101278,100,100161,100,101602,100,100029,100,102457,100,99904,100,102632,100,99807,100
2019-06-28 10:04:00.000000000,100980,184,100853,284,101045,184,100765,284,101071,184,100759,184,101073,184,100724,184,101078,100,100659,100,101081,100,100468,100,101278,100,100161,100,101602,100,100029,100,102457,100,99904,100,102632,100,99807,100
2019-06-28 10:04:10.000000000,100980,168,100853,268,101045,168,100765,268,101071,168,100759,168,101073,168,100724,168,101078,168,100659,168,101081,100,100468,100,101278,100,100161,100,101602,100,100029,100,102457,100,99904,100,102632,100,99807,100
2019-06-28 10:04:20.000000000,100980,269,100853,369,101045,269,100765,369,101071,100,100759,100,101073,100,100724,100,101078,100,100659,100,101081,100,100468,100,101278,100,100161,100,101602,100,100029,100,102457,100,99904,100,102632,100,99807,100
2019-06-28 10:04:22.119414837,100980,269,100853,369,101045,269,100765,369,101071,100,100759,100,101073,100,100724,100,101078,100,100659,100,101081,100,100468,100,101278,100,100161,100,101602,100,100029,100,102457,100,99904,100,102632,100,99807,100
2019-06-28 10:04:30.000000000,100980,184,100853,284,101045,184,100765,284,101071,184,100759,184,101073,184,100724,184,101078,100,100659,100,101081,100,100468,100,101278,100,100161,100,101602,100,100029,100,102457,100,99904,100,102632,100,99807,100
2019-06-28 10:04:38.214742047,100980,84,100853,284,101045,184,100765,284,101071,184,100759,184,101073,84,100724,184,101078,100,100659,100,101081,100,100468,100,101278,100,100161,100,101602,100,100029,100,102457,100,99904,100,102632,100,99807,100
2019-06-28 10:04:40.000000000,101045,168,100853,268,101071,168,100765,268,101078,168,100759,168,101081,168,100724,168,101278,168,100659,168,101602,100,100468,100,102457,100,100161,100,102632,100,100029,100,102634,100,99904,100,102640,100,99807,100
2019-06-28 10:04:50.000000000,101045,269,100853,369,101071,269,100765,369,101078,100,100759,100,101081,100,100724,100,101278,100,100659,100,101602,100,100468,100,102457,100,100161,100,102632,100,100029,100,102634,100,99904,100,102640,100,99807,100
2019-06-28 10:05:00.000000000,101045,184,100853,284,101071,184,100765,284,101078,184,100759,184,101081,184,100724,184,101278,100,100659,100,101602,100,100468,100,102457,100,100161,100,102632,100,100029,100,102634,100,99904,100,102640,100,99807,100
2019-06-28 10:05:03.310578821,101045,84,100853,284,101071,184,100765,284,101078,184,100759,184,101081,184,100724,184,101278,100,100659,100,101602,100,100468,100,102457,100,100161,100,102632,100,100029,100,102634,100,99904,100,102640,100,99807,100
2019-06-28 10:05:10.000000000,101071,438,100853,538,101078,100,100765,200,101081,100,100759,100,101278,100,100724,100,101602,100,100659,100,102457,100,100468,100,102632,100,100161,100,102634,100,100029,100,102640,100,99904,100,102663,100,99807,100
2019-06-28 10:05:20.000000000,101071,184,100853,284,101078,184,100765,284,101081,184,100759,184,101278,184,100724,184,101602,100,100659,100,102457,100,100468,100,102632,100,100161,100,102634,100,100029,100,102640,100,99904,100,102663,100,99807,100
2019-06-28 10:05:30.000000000,101071,168,100853,268,101078,168,100765,268,101081,168,100759,168,101278,168,100724,168,101602,168,100659,168,102457,100,100468,100,102632,100,100161,100,102634,100,100029,100,102640,100,99904,100,102663,100,99807,100
2019-06-28 10:05:36.060292985,101071,68,100853,268,101078,168,100765,268,101081,168,100759,168,101278,168,100724,168,101602,168,100659,168,102457,100,100468,100,102632,100,100161,100,102634,100,100029,100,102640,100,99904,100,102663,100,99807,100
2019-06-28 10:05:40.000000000,101078,215,100853,315,101081,212,100765,312,101278,212,100759,212,101602,100,100724,100,102457,100,100659,100,102632,100,100468,100,102634,100,100161,100,102640,100,100029,100,102663,100,99904,100,102726,100,99807,100
2019-06-28 10:05:47.993167764,101078,215,100853,315,101081,212,100765,312,101278,212,100759,212,101602,100,100724,100,102457,100,100659,100,102485,100,100468,100,102632,100,100161,100,102634,100,100029,100,102640,100,99904,100,102663,100,99807,100
2019-06-28 10:05:50.000000000,101078,168,100853,268,101081,168,100765,268,101278,168,100759,168,101602,168,100724,168,102457,168,100659,168,102485,100,100468,100,102632,100,100161,100,102634,100,100029,100,102640,100,99904,100,102663,100,99807,100
2019-06-28 10:06:00.000000000,101078,168,100853,268,101081,168,100765,268,101278,168,100759,168,101602,168,100724,168,102457,168,100659,168,102485,100,100468,100,102632,100,100161,100,102634,100,100029,100,102640,100,99904,100,102663,100,99807,100
2019-06-28 10:06:10.000000000,101078,184,100853,284,101081,184,100765,284,101278,184,100759,184,101602,184,100724,184,102457,100,100659,100,102485,100,100468,100,102632,100,100161,100,102634,100,100029,100,102640,100,99904,100,102663,100,99807,100
2019-06-28 10:06:20.000000000,101078,215,100853,315,101081,212,100765,312,101278,212,100759,212,101602,100,100724,100,102457,100,100659,100,102485,100,100468,100,102632,100,100161,100,102634,100,100029,100,102640,100,99904,100,102663,100,99807,100
2019-06-28 10:06:30.000000000,101078,438,100853,538,101081,100,100765,200,101278,100,100759,100,101602,100,100724,100,102457,100,100659,100,102485,100,100468,100,102632,100,100161,100,102634,100,100029,100,102640,100,99904,100,102663,100,99807,100
2019-06-28 10:06:35.702884633,101078,338,100853,538,101081,100,100765,200,101278,100,100759,100,101602,100,100724,100,102457,100,100659,100,102485,100,100468,100,102632,100,100161,100,102634,100,100029,100,102640,100,99904,100,102663,100,99807,100
2019-06-28 10:06:40.000000000,101081,215,100853,315,101278,212,100765,312,101602,212,100759,212,102457,100,100724,100,102485,100,100659,100,102632,100,100468,100,102634,100,100161,100,102640,100,100029,100,102663,100,99904,100,,,99807,100
2019-06-28 10:06:50.000000000,101081,168,100853,268,101278,168,100765,268,101602,168,100759,168,102457,168,100724,168,102485,168,100659,168,102632,100,100468,100,102634,100,100161,100,102640,100,100029,100,102663,100,99904,100,,,99807,100
2019-06-28 10:06:59.011802498,101081,168,100853,268,101278,168,100765,268,101602,168,100759,168,101836,100,100724,168,102457,168,100659,168,102485,168,100468,100,102632,100,100161,100,102634,100,100029,100,102640,100,99904,100,102663,100,99807,100
2019-06-28 10:06:59.434395385,101081,168,100853,268,101278,168,100765,168,101602,168,100759,168,101836,100,100724,168,102457,168,100659,168,102485,168,100468,100,102632,100,100161,100,102634,100,100029,100,102640,100,99904,100,102663,100,99807,100
2019-06-28 10:07:00.000000000,101081,438,100853,538,101278,100,100765,100,101602,100,100759,100,101836,100,100724,100,102457,100,100659,100,102485,100,100468,100,102632,100,100161,100,102634,100,100029,100,102640,100,99904,100,102663,100,99807,100
2019-06-28 10:07:10.000000000,101081,438,100853,538,101278,100,100765,100,101602,100,100759,100,101836,100,100724,100,102457,100,100659,100,102485,100,100468,100,102632,100,100161,100,102634,100,100029,100,102640,100,99904,100,102663,100,99807,100
2019-06-28 10:07:18.828393004,101081,438,100853,538,101278,100,100765,100,101602,100,100759,100,101772,100,100724,100,101836,100,100659,100,102457,100,100468,100,102485,100,100161,100,102632,100,100029,100,102634,100,99904,100,102640,100,99807,100
2019-06-28 10:07:20.000000000,101081,215,100853,315,101278,212,100765,212,101602,212,100759,212,101772,100,100724,100,101836,100,100659,100,102457,100,100468,100,102485,100,100161,100,102632,100,100029,100,102634,100,99904,100,102640,100,99807,100
2019-06-28 10:07:30.000000000,101081,438,100853,538,101278,100,100765,100,101602,100,100759,100,101772,100,100724,100,101836,100,100659,100,102457,100,100468,100,102485,100,100161,100,102632,100,100029,100,102634,100,99904,100,102640,100,99807,100
2019-06-28 10:07:30.817120913,101081,438,101071,100,101278,100,100853,538,101602,100,100765,100,101772,100,100759,100,101836,100,100724,100,102457,100,100468,100,102485,100,100161,100,102632,100,100029,100,102634,100,99904,100,102640,100,99807,100
2019-06-28 10:07:32.591200906,101081,338,101071,100,101278,100,100853,538,101602,100,100765,100,101772,100,100759,100,101836,100,100724,100,102457,100,100468,100,102485,100,100161,100,102632,100,100029,100,102634,100,99904,100,102640,100,99807,100
2019-06-28 10:07:40.000000000,101278,168,101071,168,101602,168,100853,268,101772,168,100765,168,101836,168,100759,168,102457,168,100724,168,102485,100,100468,100,102632,100,100161,100,102634,100,100029,100,102640,100,99904,100,102663,100,99807,100
2019-06-28 10:07:50.000000000,101278,269,101071,269,101602,269,100853,369,101772,100,100765,100,101836,100,100759,100,102457,100,100724,100,102485,100,100468,100,102632,100,100161,100,102634,100,100029,100,102640,100,99904,100,102663,100,99807,100
2019-06-28 10:07:50.042655919,101278,269,101071,269,101602,269,100853,369,101772,100,100765,100,101836,100,100759,100,102457,100,100724,100,102485,100,100468,100,102632,100,100029,100,102634,100,99904,100,102640,100,99807,100,102663,100,99794,100
2019-06-28 10:08:00.000000000,101278,438,101071,438,101602,100,100853,200,101772,100,100765,100,101836,100,100759,100,102457,100,100724,100,102485,100,100468,100,102632,100,100029,100,102634,100,99904,100,102640,100,99807,100,102663,100,99794,100
2019-06-28 10:08:08.188915336,101278,438,101071,438,101330,100,100853,200,101602,100,100765,100,101772,100,100759,100,101836,100,100724,100,102457,100,100468,100,102485,100,100029,100,102632,100,99904,100,102634,100,99807,100,102640,100,99794,100
2019-06-28 10:08:10.000000000,101278,168,101071,168,101330,168,100853,268,101602,168,100765,168,101772,168,100759,168,101836,168,100724,168,102457,100,100468,100,102485,100,100029,100,102632,100,99904,100,102634,100,99807,100,102640,100,99794,100
2019-06-28 10:08:20.000000000,101278,184,101071,184,101330,184,100853,284,101602,184,100765,184,101772,184,100759,184,101836,100,100724,100,102457,100,100468,100,102485,100,100029,100,102632,100,99904,100,102634,100,99807,100,102640,100,99794,100
2019-06-28 10:08:30.000000000,101278,215,101071,215,101330,212,100853,312,101602,212,100765,212,101772,100,100759,100,101836,100,100724,100,102457,100,100468,100,102485,100,100029,100,102632,100,99904,100,102634,100,99807,100,102640,100,99794,100
2019-06-28 10:08:30.438471971,101278,115,101071,215,101330,212,100853,312,101602,212,100765,212,101772,100,100759,100,101836,100,100724,100,102457,100,100468,100,102485,100,100029,100,102632,100,99904,100,102634,100,99807,100,102640,100,99794,100
2019-06-28 10:08:40.000000000,101330,184,101071,184,101602,184,100853,284,101772,184,100765,184,101836,184,100759,184,102457,100,100724,100,102485,100,100468,100,102632,100,100029,100,102634,100,99904,100,102640,100,99807,100,,,99794,100
2019-06-28 10:08:50.000000000,101330,438,101071,438,101602,100,100853,200,101772,100,100765,100,101836,100,100759,100,102457,100,100724,100,102485,100,100468,100,102632,100,100029,100,102634,100,99904,100,102640,100,99807,100,,,99794,100
2019-06-28 10:08:53.375579586,101260,100,101071,438,101330,438,100853,200,101602,100,100765,100,101772,100,100759,100,101836,100,100724,100,102457,100,100468,100,102485,100,100029,100,102632,100,99904,100,102634,100,99807,100,102640,100,99794,100
2019-06-28 10:08:56.957959272,101260,100,101071,438,101277,100,100853,200,101330,438,100765,100,101602,100,100759,100,101772,100,100724,100,101836,100,100468,100,102457,100,100029,100,102485,100,99904,100,102632,100,99807,100,102634,100,99794,100
2019-06-28 10:09:00.000000000,101260,269,101071,269,101277,269,100853,369,101330,100,100765,100,101602,100,100759,100,101772,100,100724,100,101836,100,100468,100,102457,100,100029,100,102485,100,99904,100,102632,100,99807,100,102634,100,99794,100
2019-06-28 10:09:06.302440402,101260,169,101071,269,101277,269,100853,369,101330,100,100765,100,101602,100,100759,100,101772,100,100724,100,101836,100,100468,100,102457,100,100029,100,102485,100,99904,100,102632,100,99807,100,102634,100,99794,100
2019-06-28 10:09:08.007138392,101260,169,101071,269,101270,100,100853,369,101277,269,100765,100,101330,100,100759,100,101602,100,100724,100,101772,100,100468,100,101836,100,100029,100,102457,100,99904,100,102485,100,99807,100,102632,100,99794,100
2019-06-28 10:09:10.000000000,101270,168,101071,168,101277,168,100853,268,101330,168,100765,168,101602,168,100759,168,101772,168,100724,168,101836,100,100468,100,102457,100,100029,100,102485,100,99904,100,102632,100,99807,100,102634,100,99794,100
