,ask_price_1,ask_size_1,bid_price_1,bid_size_1,ask_price_2,ask_size_2,bid_price_2,bid_size_2,ask_price_3,ask_size_3,bid_price_3,bid_size_3,ask_price_4,ask_size_4,bid_price_4,bid_size_4,ask_price_5,ask_size_5,bid_price_5,bid_size_5,ask_price_6,ask_size_6,bid_price_6,bid_size_6,ask_price_7,ask_size_7,bid_price_7,bid_size_7,ask_price_8,ask_size_8,bid_price_8,bid_size_8,ask_price_9,ask_size_9,bid_price_9,bid_size_9,ask_price_10,ask_size_10,bid_price_10,bid_size_10
2019-06-28 09:30:00.000000000,,,99926,100,,,,,,,,,,,,,,,,,,,,,,,,,,,,,,,,,,,,
2019-06-28 09:30:00.000000001,,,99926,100,,,99923,100,,,,,,,,,,,,,,,,,,,,,,,,,,,,,,,,
2019-06-28 09:30:00.000000002,,,99958,100,,,99926,100,,,99923,100,,,,,,,,,,,,,,,,,,,,,,,,,,,,
2019-06-28 09:30:00.000000003,100245,100,99958,100,,,99926,100,,,99923,100,,,,,,,,,,,,,,,,,,,,,,,,,,,,
2019-06-28 09:30:00.000000004,100028,100,99958,100,100096,100,99926,100,100245,100,99923,100,,,,,,,,,,,,,,,,,,,,,,,,,,,,
2019-06-28 09:30:00.000000007,100014,100,99958,100,100028,100,99926,100,100096,100,99923,100,100245,100,,,,,,,,,,,,,,,,,,,,,,,,,,
2019-06-28 09:30:00.000000009,100014,100,99958,100,100028,100,99945,100,100096,100,99926,100,100245,100,99923,100,,,,,,,,,,,,,,,,,,,,,,,,
2019-06-28 09:30:00.000000010,100014,100,99978,100,100028,100,99958,100,100096,100,99945,100,100245,100,99926,100,,,99923,100,,,,,,,,,,,,,,,,,,,,
2019-06-28 09:30:00.000000012,99987,100,99978,100,100014,100,99958,100,100028,100,99951,100,100096,100,99945,100,100245,100,99926,100,,,99923,100,,,,,,,,,,,,,,,,
2019-06-28 09:30:00.000000015,99987,100,99978,100,100014,100,99958,100,100028,100,99951,100,100096,100,99945,100,100245,100,99926,100,,,99923,100,,,99870,100,,,,,,,,,,,,
2019-06-28 09:30:00.000000016,99987,100,99978,100,100014,100,99958,100,100028,100,99951,100,100096,100,99945,100,100245,100,99944,100,,,99926,100,,,99923,100,,,99870,100,,,,,,,,
2019-06-28 09:30:00.000000019,100014,100,99978,100,100028,100,99958,100,100096,100,99951,100,100245,100,99945,100,,,99944,100,,,99926,100,,,99923,100,,,99870,100,,,,,,,,
2019-06-28 09:30:00.000000021,100014,100,99978,100,100028,100,99958,100,100096,100,99951,100,100207,100,99945,100,100245,100,99944,100,,,99926,100,,,99923,100,,,99885,100,,,99870,100,,,,
2019-06-28 09:30:00.000000022,100014,100,99978,100,100028,100,99962,100,100096,100,99958,100,100207,100,99951,200,100245,100,99945,100,,,99944,100,,,99926,100,,,99923,100,,,99885,100,,,99870,100
2019-06-28 09:30:00.000000023,100014,100,99978,100,100028,100,99962,100,100096,100,99958,100,100172,100,99951,200,100207,100,99945,100,100245,100,99944,100,,,99926,100,,,99923,100,,,99885,100,,,99870,100
2019-06-28 09:30:00.000000024,100014,100,99988,100,100028,100,99978,100,100096,100,99962,100,100172,100,99958,100,100207,100,99951,200,100245,100,99945,100,,,99944,100,,,99926,100,,,99923,100,,,99885,100
2019-06-28 09:30:00.000000025,100028,100,99988,100,100096,100,99978,100,100172,100,99962,100,100207,100,99958,100,100245,100,99951,200,,,99945,100,,,99944,100,,,99926,100,,,99923,100,,,99885,100
2019-06-28 09:30:00.000000026,100028,100,99988,100,100096,100,99978,100,100172,100,99962,100,100207,100,99958,100,100245,100,99951,200,,,99946,100,,,99945,100,,,99944,100,,,99926,100,,,99923,100
2019-06-28 09:30:00.000000028,100014,100,99988,100,100028,100,99978,100,100096,100,99962,100,100172,100,99958,100,100207,100,99951,200,100245,100,99946,100,,,99945,100,,,99944,100,,,99926,100,,,99923,100
2019-06-28 09:30:00.000000029,100014,100,99988,100,100028,100,99978,100,100096,100,99962,100,100172,100,99958,100,100207,100,99951,200,100245,100,99946,100,,,99945,100,,,99944,100,,,99926,100,,,99923,100
2019-06-28 09:30:00.000000033,100014,100,100006,100,100028,100,99988,100,100096,100,99978,100,100172,100,99962,100,100207,100,99958,100,100245,100,99951,200,,,99946,100,,,99945,100,,,99944,100,,,99926,100
2019-06-28 09:30:00.000000036,100014,100,100006,100,100028,100,99988,100,100068,100,99978,100,100096,100,99962,100,100172,100,99958,100,100207,100,99951,200,100245,100,99946,100,,,99945,100,,,99944,100,,,99926,100
2019-06-28 09:30:00.000000037,100014,100,100006,100,100028,100,99988,100,100068,100,99978,100,100086,100,99962,100,100096,100,99958,100,100172,100,99951,200,100207,100,99946,100,100245,100,99945,100,,,99944,100,,,99926,100
2019-06-28 09:30:00.000000038,100014,200,100006,100,100028,100,99988,100,100068,100,99978,100,100086,100,99970,100,100096,100,99962,100,100172,100,99958,100,100207,100,99951,200,100245,100,99946,100,,,99945,100,,,99944,100
2019-06-28 09:30:00.000000039,100014,200,100006,100,100028,100,99988,100,100068,100,99978,100,100086,100,99970,100,100096,100,99962,100,100172,100,99958,100,100207,100,99951,200,100245,100,99946,100,,,99945,100,,,99944,100
2019-06-28 09:30:00.000000041,100014,200,100006,100,100028,100,99988,100,100068,100,99978,100,100086,100,99970,100,100096,100,99962,100,100122,100,99958,100,100172,100,99951,200,100207,100,99946,100,100245,100,99945,100,,,99944,100
2019-06-28 09:30:00.000000042,100014,100,100006,100,100028,100,99988,100,100068,100,99978,100,100086,100,99970,100,100096,100,99962,100,100122,100,99958,100,100172,100,99951,200,100207,100,99946,100,100245,100,99945,100,,,99944,100
2019-06-28 09:30:00.000000044,100014,100,99988,100,100028,100,99978,100,100068,100,99970,100,100086,100,99962,100,100096,100,99958,100,100122,100,99951,200,100172,100,99946,100,100207,100,99945,100,100245,100,99944,100,,,99926,100
2019-06-28 09:30:00.000000045,100014,100,99988,100,100028,100,99978,100,100068,100,99970,100,100086,100,99962,100,100096,100,99958,100,100122,100,99951,200,100132,100,99946,100,100172,100,99945,100,100207,100,99944,100,100245,100,99926,100
2019-06-28 09:30:00.000000049,100014,100,99988,100,100028,100,99978,100,100068,100,99970,100,100086,100,99969,100,100096,100,99962,100,100122,100,99958,100,100132,100,99951,200,100172,100,99946,100,100207,100,99945,100,100245,100,99944,100
2019-06-28 09:30:00.000000050,100014,100,99988,100,100028,100,99978,100,100068,100,99970,100,100086,100,99969,100,100096,100,99962,100,100122,100,99958,100,100132,100,99951,200,100172,100,99946,100,100207,100,99945,100,100245,100,99944,100
2019-06-28 09:30:00.000000051,100013,100,99988,100,100014,100,99978,100,100028,100,99970,100,100068,100,99969,100,100086,100,99962,100,100096,100,99958,100,100122,100,99951,200,100132,100,99946,100,100172,100,99945,100,100207,100,99944,100
2019-06-28 09:30:00.000000052,100013,100,99988,100,100014,100,99984,100,100028,100,99978,100,100068,100,99970,100,100086,100,99969,100,100096,100,99962,100,100122,100,99958,100,100132,100,99951,200,100172,100,99946,100,100207,100,99945,100
2019-06-28 09:30:00.000000053,100013,200,99988,100,100014,100,99984,100,100028,100,99978,100,100068,100,99970,100,100086,100,99969,100,100096,100,99962,100,100122,100,99958,100,100132,100,99951,200,100172,100,99946,100,100207,100,99945,100
2019-06-28 09:30:00.000000057,100013,200,99990,100,100014,100,99988,100,100028,100,99984,100,100068,100,99978,100,100086,100,99970,100,100096,100,99969,100,100122,100,99962,100,100132,100,99958,100,100172,100,99951,200,100207,100,99946,100
2019-06-28 09:30:00.000000060,100013,200,99988,100,100014,100,99984,100,100028,100,99978,100,100068,100,99970,100,100086,100,99969,100,100096,100,99962,100,100122,100,99958,100,100132,100,99951,200,100172,100,99946,100,100207,100,99945,100
2019-06-28 09:30:00.000000062,100013,200,99990,100,100014,100,99988,100,100028,100,99984,100,100068,100,99978,100,100086,100,99970,100,100096,100,99969,100,100122,100,99962,100,100132,100,99958,100,100172,100,99951,200,100207,100,99946,100
2019-06-28 09:30:00.000000063,100013,200,99990,200,100014,100,99988,100,100028,100,99984,100,100039,100,99978,100,100068,100,99970,100,100086,100,99969,100,100096,100,99962,100,100122,100,99958,100,100132,100,99951,200,100172,100,99946,100
2019-06-28 09:30:00.000000064,100013,200,99990,200,100014,100,99988,100,100028,100,99984,100,100039,100,99978,100,100068,100,99970,100,100086,100,99969,100,100096,100,99962,100,100122,100,99958,100,100132,100,99951,200,100172,100,99946,100
2019-06-28 09:30:00.000000065,100013,200,99990,100,100014,100,99988,100,100028,100,99984,100,100039,100,99978,100,100068,100,99970,100,100086,100,99969,100,100096,100,99962,100,100122,100,99958,100,100132,100,99951,200,100172,100,99946,100
2019-06-28 09:30:00.000000066,100013,200,99988,100,100014,100,99984,100,100028,100,99978,100,100039,100,99970,100,100068,100,99969,100,100086,100,99962,100,100096,100,99958,100,100122,100,99951,200,100132,100,99946,100,100172,100,99945,100
2019-06-28 09:30:00.000000071,100013,200,99988,100,100014,100,99984,100,100028,100,99978,100,100039,100,99970,100,100068,100,99969,100,100086,100,99962,100,100096,100,99958,100,100122,100,99955,100,100132,100,99951,200,100172,100,99946,100
2019-06-28 09:30:00.000000072,100013,200,99988,100,100014,100,99984,100,100028,100,99978,100,100039,100,99970,100,100068,100,99969,100,100086,100,99962,100,100096,100,99958,100,100108,100,99955,100,100122,100,99951,200,100132,100,99946,100
2019-06-28 09:30:00.000000074,100013,200,99988,100,100014,100,99984,100,100028,100,99978,100,100039,100,99970,100,100068,100,99969,100,100086,100,99962,100,100096,100,99958,100,100108,100,99955,100,100122,100,99951,200,100132,100,99946,100
2019-06-28 09:30:00.000000078,100013,200,99988,100,100014,100,99984,100,100028,100,99978,100,100039,100,99970,100,100068,100,99969,100,100086,100,99962,100,100096,100,99958,100,100108,100,99955,100,100122,100,99951,200,100132,100,99946,100
2019-06-28 09:30:00.000000080,100013,200,99988,100,100014,100,99984,100,100028,100,99978,100,100039,100,99970,100,100068,100,99969,100,100086,100,99962,100,100096,100,99958,100,100108,100,99955,100,100122,100,99951,200,100132,100,99946,100
2019-06-28 09:30:00.000000083,100013,200,99988,100,100014,100,99984,100,100028,100,99978,100,100039,100,99970,100,100068,100,99969,100,100086,100,99962,100,100096,100,99958,100,100108,100,99955,100,100122,100,99951,200,100132,100,99946,100
2019-06-28 09:30:00.000000086,100013,200,99988,100,100014,100,99984,100,100028,100,99978,100,100039,100,99970,100,100057,100,99969,100,100068,100,99962,100,100086,100,99958,100,100096,100,99955,100,100108,100,99951,200,100122,100,99946,100
2019-06-28 09:30:00.000000088,100013,200,99988,100,100014,100,99984,100,100028,100,99978,100,100039,100,99970,100,100057,100,99969,100,100068,100,99962,100,100086,100,99958,100,100096,100,99955,100,100108,100,99951,200,100122,100,99946,100
2019-06-28 09:30:00.000000089,100013,200,99990,100,100014,100,99988,100,100028,100,99984,100,100039,100,99978,100,100040,100,99970,100,100057,100,99969,100,100068,100,99962,100,100086,100,99958,100,100096,100,99955,100,100108,100,99951,200
2019-06-28 09:30:00.000000092,100010,100,99990,100,100013,200,99988,100,100014,100,99984,100,100028,100,99978,100,100039,100,99970,100,100040,100,99969,100,100057,100,99962,100,100068,100,99958,100,100086,100,99955,100,100096,100,99951,200
2019-06-28 09:30:00.000000096,100010,100,99990,100,100013,200,99988,100,100014,100,99984,100,100028,100,99978,100,100039,100,99970,100,100040,100,99969,100,100057,100,99962,100,100068,100,99958,100,100086,100,99955,100,100096,100,99951,200
2019-06-28 09:30:01.598443238,100010,100,99990,100,100013,200,99988,100,100014,100,99984,100,100028,100,99978,100,100039,100,99970,100,100040,100,99969,100,100055,100,99962,100,100057,100,99955,100,100068,100,99951,200,100086,100,99946,100
2019-06-28 09:30:10.000000000,100010,233,99990,233,100013,329,99988,229,100014,229,99984,229,100028,100,99978,100,100039,100,99970,100,100040,100,99969,100,100055,100,99962,100,100057,100,99955,100,100068,100,99951,200,100086,100,99946,100
2019-06-28 09:30:20.000000000,100010,492,99990,492,100013,200,99988,100,100014,100,99984,100,100028,100,99978,100,100039,100,99970,100,100040,100,99969,100,100055,100,99962,100,100057,100,99955,100,100068,100,99951,200,100086,100,99946,100
2019-06-28 09:30:30.000000000,100010,296,99990,296,100013,396,99988,296,100014,100,99984,100,100028,100,99978,100,100039,100,99970,100,100040,100,99969,100,100055,100,99962,100,100057,100,99955,100,100068,100,99951,200,100086,100,99946,100
2019-06-28 09:30:40.000000000,100010,492,99990,492,100013,200,99988,100,100014,100,99984,100,100028,100,99978,100,100039,100,99970,100,100040,100,99969,100,100055,100,99962,100,100057,100,99955,100,100068,100,99951,200,100086,100,99946,100
2019-06-28 09:30:50.000000000,100010,296,99990,296,100013,396,99988,296,100014,100,99984,100,100028,100,99978,100,100039,100,99970,100,100040,100,99969,100,100055,100,99962,100,100057,100,99955,100,100068,100,99951,200,100086,100,99946,100
2019-06-28 09:30:57.663825208,100010,296,99990,296,100013,396,99988,296,100014,100,99978,100,100028,100,99970,100,100039,100,99969,100,100040,100,99962,100,100055,100,99955,100,100057,100,99951,200,100068,100,99946,100,100086,100,99945,200
2019-06-28 09:31:00.000000000,100010,233,99990,233,100013,329,99988,229,100014,229,99978,229,100028,100,99970,100,100039,100,99969,100,100040,100,99962,100,100055,100,99955,100,100057,100,99951,200,100068,100,99946,100,100086,100,99945,200
2019-06-28 09:31:10.000000000,100010,492,99990,492,100013,200,99988,100,100014,100,99978,100,100028,100,99970,100,100039,100,99969,100,100040,100,99962,100,100055,100,99955,100,100057,100,99951,200,100068,100,99946,100,100086,100,99945,200
2019-06-28 09:31:11.059575831,100010,492,99990,492,100013,200,99988,100,100014,100,99978,100,100028,100,99970,100,100039,100,99969,100,100040,100,99962,100,100055,100,99955,100,100057,100,99951,200,100068,100,99946,100,100086,100,99945,200
2019-06-28 09:31:20.000000000,100010,296,99990,296,100013,396,99988,296,100014,100,99978,100,100028,100,99970,100,100039,100,99969,100,100040,100,99962,100,100055,100,99955,100,100057,100,99951,200,100068,100,99946,100,100086,100,99945,200
2019-06-28 09:31:29.462526066,100010,296,99990,296,100013,396,99988,296,100014,100,99978,100,100028,100,99970,100,100039,100,99969,100,100040,100,99962,100,100055,100,99955,100,100057,100,99951,200,100068,100,99946,100,100086,100,99945,200
2019-06-28 09:31:30.000000000,100010,178,99990,178,100013,278,99988,178,100014,178,99978,178,100028,178,99970,178,100039,178,99969,178,100040,100,99962,100,100055,100,99955,100,100057,100,99951,200,100068,100,99946,100,100086,100,99945,200
2019-06-28 09:31:39.671292324,100010,178,99990,178,100013,278,99988,178,100014,178,99978,178,100028,178,99970,178,100039,178,99969,178,100040,100,99962,100,100055,100,99955,100,100057,100,99951,200,100068,100,99946,100,100086,100,99945,200
2019-06-28 09:31:40.000000000,100010,233,99990,233,100013,329,99988,229,100014,229,99978,229,100028,100,99970,100,100039,100,99969,100,100040,100,99962,100,100055,100,99955,100,100057,100,99951,200,100068,100,99946,100,100086,100,99945,200
2019-06-28 09:31:43.354080302,100010,233,99990,233,100013,329,99988,229,100014,229,99978,229,100028,100,99970,100,100039,100,99969,100,100040,100,99962,100,100055,100,99955,100,100057,100,99951,200,100068,100,99946,100,100086,100,99945,200
2019-06-28 09:31:47.216931732,100010,233,99990,233,100013,329,99988,229,100014,229,99978,229,100028,100,99970,100,100039,100,99969,100,100040,100,99962,100,100055,100,99955,100,100057,100,99951,200,100068,100,99946,100,100086,100,99945,200
2019-06-28 09:31:50.000000000,100010,178,99990,178,100013,278,99988,178,100014,178,99978,178,100028,178,99970,178,100039,178,99969,178,100040,100,99962,100,100055,100,99955,100,100057,100,99951,200,100068,100,99946,100,100086,100,99945,200
2019-06-28 09:32:00.000000000,100010,296,99990,296,100013,396,99988,296,100014,100,99978,100,100028,100,99970,100,100039,100,99969,100,100040,100,99962,100,100055,100,99955,100,100057,100,99951,200,100068,100,99946,100,100086,100,99945,200
2019-06-28 09:32:10.000000000,100010,178,99990,178,100013,278,99988,178,100014,178,99978,178,100028,178,99970,178,100039,178,99969,178,100040,100,99962,100,100055,100,99955,100,100057,100,99951,200,100068,100,99946,100,100086,100,99945,200
2019-06-28 09:32:20.000000000,100010,296,99990,296,100013,396,99988,296,100014,100,99978,100,100028,100,99970,100,100039,100,99969,100,100040,100,99962,100,100055,100,99955,100,100057,100,99951,200,100068,100,99946,100,100086,100,99945,200
2019-06-28 09:32:30.000000000,100010,296,99990,296,100013,396,99988,296,100014,100,99978,100,100028,100,99970,100,100039,100,99969,100,100040,100,99962,100,100055,100,99955,100,100057,100,99951,200,100068,100,99946,100,100086,100,99945,200
2019-06-28 09:32:35.266877203,100010,296,99990,196,100013,396,99988,296,100014,100,99978,100,100028,100,99970,100,100040,100,99969,100,100055,100,99962,100,100057,100,99955,100,100068,100,99951,200,100086,100,99946,100,100096,100,99945,200
2019-06-28 09:32:40.000000000,100010,178,99988,178,100013,278,99978,178,100014,178,99970,178,100028,178,99969,178,100040,178,99962,178,100055,100,99955,100,100057,100,99951,200,100068,100,99946,100,100086,100,99945,200,100096,100,99944,100
2019-06-28 09:32:50.000000000,100010,296,99988,296,100013,396,99978,296,100014,100,99970,100,100028,100,99969,100,100040,100,99962,100,100055,100,99955,100,100057,100,99951,200,100068,100,99946,100,100086,100,99945,200,100096,100,99944,100
2019-06-28 09:32:54.491391358,100010,296,99988,196,100013,396,99978,296,100014,100,99970,100,100028,100,99969,100,100040,100,99962,100,100055,100,99955,100,100057,100,99951,200,100068,100,99946,100,100086,100,99945,200,100096,100,99944,100
2019-06-28 09:33:00.000000000,100010,198,99978,198,100013,298,99970,198,100014,198,99969,198,100028,198,99962,198,100040,100,99955,100,100055,100,99951,200,100057,100,99946,100,100068,100,99945,200,100086,100,99944,100,100096,100,99937,100
2019-06-28 09:33:10.000000000,100010,492,99978,492,100013,200,99970,100,100014,100,99969,100,100028,100,99962,100,100040,100,99955,100,100055,100,99951,200,100057,100,99946,100,100068,100,99945,200,100086,100,99944,100,100096,100,99937,100
2019-06-28 09:33:10.831852756,100010,492,99978,492,100013,200,99970,100,100014,100,99969,100,100028,100,99962,100,100040,100,99955,100,100055,100,99951,200,100057,100,99946,100,100068,100,99945,200,100086,100,99944,100,100096,100,99937,100
2019-06-28 09:33:13.288486288,100010,492,99978,392,100013,200,99970,100,100014,100,99969,100,100028,100,99962,100,100040,100,99955,100,100055,100,99951,200,100057,100,99946,100,100068,100,99945,200,100086,100,99944,100,100096,100,99937,100
2019-06-28 09:33:15.924493657,100010,492,99978,292,100013,200,99970,100,100014,100,99969,100,100028,100,99962,100,100040,100,99955,100,100055,100,99951,200,100057,100,99946,100,100068,100,99945,200,100086,100,99944,100,100096,100,99937,100
2019-06-28 09:33:20.000000000,100010,233,99970,233,100013,329,99969,229,100014,229,99962,229,100028,100,99955,100,100040,100,99951,200,100055,100,99946,100,100057,100,99945,200,100068,100,99944,100,100086,100,99937,100,100096,100,99930,100
2019-06-28 09:33:25.348702563,100010,233,99970,133,100013,329,99969,229,100014,229,99962,229,100028,100,99955,100,100040,100,99951,200,100055,100,99946,100,100057,100,99945,200,100068,100,99944,100,100086,100,99937,100,100096,100,99930,100
2019-06-28 09:33:30.000000000,100010,296,99969,296,100013,396,99962,296,100014,100,99955,100,100028,100,99951,200,100040,100,99946,100,100055,100,99945,200,100057,100,99944,100,100068,100,99937,100,100086,100,99930,100,100096,100,99926,100
2019-06-28 09:33:36.605938064,100010,296,99969,196,100013,396,99962,296,100014,100,99955,100,100028,100,99951,200,100040,100,99946,100,100055,100,99945,200,100057,100,99944,100,100068,100,99937,100,100086,100,99930,100,100096,100,99926,100
2019-06-28 09:33:40.000000000,100010,233,99962,233,100013,329,99955,229,100014,229,99951,329,100028,100,99946,100,100040,100,99945,200,100055,100,99944,100,100057,100,99937,100,100068,100,99930,100,100086,100,99926,100,100096,100,99925,100
2019-06-28 09:33:50.000000000,100010,296,99962,296,100013,396,99955,296,100014,100,99951,200,100028,100,99946,100,100040,100,99945,200,100055,100,99944,100,100057,100,99937,100,100068,100,99930,100,100086,100,99926,100,100096,100,99925,100
2019-06-28 09:34:00.000000000,100010,492,99962,492,100013,200,99955,100,100014,100,99951,200,100028,100,99946,100,100040,100,99945,200,100055,100,99944,100,100057,100,99937,100,100068,100,99930,100,100086,100,99926,100,100096,100,99925,100
2019-06-28 09:34:08.671893542,100010,492,99962,392,100013,200,99955,100,100014,100,99951,200,100028,100,99945,200,100040,100,99944,100,100055,100,99937,100,100057,100,99930,100,100068,100,99926,100,100086,100,99925,100,100096,100,99921,100
2019-06-28 09:34:10.000000000,100010,296,99955,296,100013,396,99951,396,100014,100,99945,200,100028,100,99944,100,100040,100,99937,100,100055,100,99930,100,100057,100,99926,100,100068,100,99925,100,100086,100,99921,100,100096,100,99908,100
2019-06-28 09:34:20.000000000,100010,198,99955,198,100013,298,99951,298,100014,198,99945,298,100028,198,99944,198,100040,100,99937,100,100055,100,99930,100,100057,100,99926,100,100068,100,99925,100,100086,100,99921,100,100096,100,99908,100
2019-06-28 09:34:21.354284508,100010,198,99955,198,100013,298,99951,298,100014,198,99945,298,100028,198,99944,198,100040,100,99937,100,100055,100,99930,100,100057,100,99926,100,100068,100,99921,100,100086,100,99908,100,100096,100,99904,100
2019-06-28 09:34:22.770826140,99969,100,99955,198,100010,198,99951,298,100013,298,99945,298,100014,198,99944,198,100028,198,99937,100,100040,100,99930,100,100055,100,99926,100,100057,100,99921,100,100068,100,99908,100,100086,100,99904,100
2019-06-28 09:34:30.000000000,99969,198,99955,198,100010,198,99951,298,100013,298,99945,298,100014,198,99944,198,100028,100,99937,100,100040,100,99930,100,100055,100,99926,100,100057,100,99921,100,100068,100,99908,100,100086,100,99904,100
2019-06-28 09:34:40.000000000,99969,492,99955,492,100010,100,99951,200,100013,200,99945,200,100014,100,99944,100,100028,100,99937,100,100040,100,99930,100,100055,100,99926,100,100057,100,99921,100,100068,100,99908,100,100086,100,99904,100
2019-06-28 09:34:50.000000000,99969,233,99955,233,100010,229,99951,329,100013,329,99945,329,100014,100,99944,100,100028,100,99937,100,100040,100,99930,100,100055,100,99926,100,100057,100,99921,100,100068,100,99908,100,100086,100,99904,100
2019-06-28 09:35:00.000000000,99969,296,99955,296,100010,296,99951,396,100013,200,99945,200,100014,100,99944,100,100028,100,99937,100,100040,100,99930,100,100055,100,99926,100,100057,100,99921,100,100068,100,99908,100,100086,100,99904,100
2019-06-28 09:35:10.000000000,99969,233,99955,233,100010,229,99951,329,100013,329,99945,329,100014,100,99944,100,100028,100,99937,100,100040,100,99930,100,100055,100,99926,100,100057,100,99921,100,100068,100,99908,100,100086,100,99904,100
2019-06-28 09:35:20.000000000,99969,296,99955,296,100010,296,99951,396,100013,200,99945,200,100014,100,99944,100,100028,100,99937,100,100040,100,99930,100,100055,100,99926,100,100057,100,99921,100,100068,100,99908,100,100086,100,99904,100
2019-06-28 09:35:30.000000000,99969,233,99955,233,100010,229,99951,329,100013,329,99945,329,100014,100,99944,100,100028,100,99937,100,100040,100,99930,100,100055,100,99926,100,100057,100,99921,100,100068,100,99908,100,100086,100,99904,100
2019-06-28 09:35:40.000000000,99969,492,99955,492,100010,100,99951,200,100013,200,99945,200,100014,100,99944,100,100028,100,99937,100,100040,100,99930,100,100055,100,99926,100,100057,100,99921,100,100068,100,99908,100,100086,100,99904,100
2019-06-28 09:35:50.000000000,99969,233,99955,233,100010,229,99951,329,100013,329,99945,329,100014,100,99944,100,100028,100,99937,100,100040,100,99930,100,100055,100,99926,100,100057,100,99921,100,100068,100,99908,100,100086,100,99904,100
2019-06-28 09:35:57.230707103,99969,333,99955,233,100010,229,99951,329,100013,329,99945,329,100014,100,99944,100,100028,100,99937,100,100040,100,99930,100,100055,100,99926,100,100057,100,99921,100,100068,100,99908,100,100086,100,99904,100
2019-06-28 09:36:00.000000000,99969,278,99955,178,100010,178,99951,278,100013,278,99945,278,100014,178,99944,178,100028,178,99937,178,100040,100,99930,100,100055,100,99926,100,100057,100,99921,100,100068,100,99908,100,100086,100,99904,100
2019-06-28 09:36:10.000000000,99969,396,99955,296,100010,296,99951,396,100013,200,99945,200,100014,100,99944,100,100028,100,99937,100,100040,100,99930,100,100055,100,99926,100,100057,100,99921,100,100068,100,99908,100,100086,100,99904,100
2019-06-28 09:36:18.239306388,99969,296,99955,296,100010,296,99951,396,100013,200,99945,200,100014,100,99944,100,100028,100,99937,100,100040,100,99930,100,100055,100,99926,100,100057,100,99921,100,100068,100,99908,100,100086,100,99904,100
2019-06-28 09:36:20.000000000,99969,296,99955,296,100010,296,99951,396,100013,200,99945,200,100014,100,99944,100,100028,100,99937,100,100040,100,99930,100,100055,100,99926,100,100057,100,99921,100,100068,100,99908,100,100086,100,99904,100
2019-06-28 09:36:30.000000000,99969,198,99955,198,100010,198,99951,298,100013,298,99945,298,100014,198,99944,198,100028,100,99937,100,100040,100,99930,100,100055,100,99926,100,100057,100,99921,100,100068,100,99908,100,100086,100,99904,100
2019-06-28 09:36:38.143712530,99969,98,99963,100,100010,198,99955,198,100013,298,99951,298,100014,198,99945,298,100028,100,99944,198,100040,100,99937,100,100055,100,99930,100,100057,100,99926,100,100068,100,99921,100,100086,100,99908,100
2019-06-28 09:36:40.000000000,100010,296,99963,296,100013,396,99955,296,100014,100,99951,200,100028,100,99945,200,100040,100,99944,100,100055,100,99937,100,100057,100,99930,100,100068,100,99926,100,100086,100,99921,100,100096,100,99908,100
2019-06-28 09:36:41.300893892,100010,296,99970,100,100013,396,99963,296,100014,100,99955,196,100028,100,99951,200,100040,100,99945,200,100055,100,99944,100,100057,100,99937,100,100068,100,99930,100,100086,100,99926,100,100096,100,99921,100
2019-06-28 09:36:50.000000000,100010,233,99970,233,100013,329,99963,229,100014,229,99951,329,100028,100,99945,200,100040,100,99944,100,100055,100,99937,100,100057,100,99930,100,100068,100,99926,100,100086,100,99921,100,100096,100,99908,100
2019-06-28 09:36:57.178950189,100010,133,99970,233,100013,329,99963,229,100014,229,99951,329,100028,100,99945,200,100040,100,99944,100,100055,100,99937,100,100057,100,99930,100,100068,100,99926,100,100096,100,99921,100,100108,100,99908,100
2019-06-28 09:37:00.000000000,100013,278,99970,178,100014,178,99963,178,100028,178,99951,278,100040,178,99945,278,100055,178,99944,178,100057,100,99937,100,100068,100,99930,100,100096,100,99926,100,100108,100,99921,100,100122,100,99908,100
2019-06-28 09:37:03.008222752,100013,278,99970,178,100014,178,99963,178,100028,178,99951,278,100040,178,99945,278,100055,178,99944,178,100057,100,99937,100,100068,100,99930,100,100096,100,99926,100,100108,100,99921,100,100122,100,99908,100
2019-06-28 09:37:10.000000000,100013,396,99970,296,100014,296,99963,296,100028,100,99951,200,100040,100,99945,200,100055,100,99944,100,100057,100,99937,100,100068,100,99930,100,100096,100,99926,100,100108,100,99921,100,100122,100,99908,100
2019-06-28 09:37:20.000000000,100013,592,99970,492,100014,100,99963,100,100028,100,99951,200,100040,100,99945,200,100055,100,99944,100,100057,100,99937,100,100068,100,99930,100,100096,100,99926,100,100108,100,99921,100,100122,100,99908,100
2019-06-28 09:37:30.000000000,100013,278,99970,178,100014,178,99963,178,100028,178,99951,278,100040,178,99945,278,100055,178,99944,178,100057,100,99937,100,100068,100,99930,100,100096,100,99926,100,100108,100,99921,100,100122,100,99908,100
2019-06-28 09:37:38.531103674,100013,278,99970,178,100014,178,99963,178,100028,178,99951,278,100040,178,99945,278,100055,178,99944,178,100057,100,99937,100,100068,100,99930,100,100096,100,99926,100,100108,100,99921,100,100122,100,99908,100
2019-06-28 09:37:40.000000000,100013,278,99970,178,100014,178,99963,178,100028,178,99951,278,100040,178,99945,278,100055,178,99944,178,100057,100,99937,100,100068,100,99930,100,100096,100,99926,100,100108,100,99921,100,100122,100,99908,100
2019-06-28 09:37:48.421940883,100013,178,99970,178,100014,178,99963,178,100028,178,99951,278,100040,178,99945,278,100055,178,99944,178,100057,100,99937,100,100068,100,99930,100,100096,100,99926,100,100108,100,99921,100,100122,100,99908,100
2019-06-28 09:37:48.984376219,100013,178,99970,178,100014,178,99963,178,100028,178,99951,278,100040,178,99945,278,100055,178,99944,178,100057,100,99937,100,100068,100,99930,100,100096,100,99926,100,100108,100,99921,100,100122,100,99908,100
2019-06-28 09:37:50.000000000,100013,233,99970,233,100014,229,99963,229,100028,229,99951,329,100040,100,99945,200,100055,100,99944,100,100057,100,99937,100,100068,100,99930,100,100096,100,99926,100,100108,100,99921,100,100122,100,99908,100
2019-06-28 09:37:52.271096882,100013,133,99970,233,100014,229,99963,229,100028,229,99951,329,100040,100,99945,200,100055,100,99944,100,100057,100,99937,100,100096,100,99930,100,100108,100,99926,100,100122,100,99921,100,100137,100,99908,100
2019-06-28 09:38:00.000000000,100014,492,99970,492,100028,100,99963,100,100040,100,99951,200,100055,100,99945,200,100057,100,99944,100,100096,100,99937,100,100108,100,99930,100,100122,100,99926,100,100137,100,99921,100,100172,100,99908,100
2019-06-28 09:38:10.000000000,100014,178,99970,178,100028,178,99963,178,100040,178,99951,278,100055,178,99945,278,100057,178,99944,178,100096,100,99937,100,100108,100,99930,100,100122,100,99926,100,100137,100,99921,100,100172,100,99908,100
2019-06-28 09:38:11.315337919,100014,78,100013,100,100028,178,99970,178,100040,178,99963,178,100055,178,99951,278,100057,178,99945,278,100096,100,99944,178,100108,100,99937,100,100122,100,99930,100,100137,100,99926,100,100172,100,99921,100
2019-06-28 09:38:20.000000000,100028,233,100013,233,100040,229,99970,229,100055,229,99963,229,100057,100,99951,200,100096,100,99945,200,100108,100,99944,100,100122,100,99937,100,100137,100,99930,100,100172,100,99926,100,100207,100,99921,100
2019-06-28 09:38:30.000000000,100028,198,100013,198,100040,198,99970,198,100055,198,99963,198,100057,198,99951,298,100096,100,99945,200,100108,100,99944,100,100122,100,99937,100,100137,100,99930,100,100172,100,99926,100,100207,100,99921,100
2019-06-28 09:38:32.756863573,100028,98,100013,198,100040,198,99970,198,100055,198,99963,198,100057,198,99951,298,100096,100,99945,200,100108,100,99944,100,100122,100,99937,100,100137,100,99930,100,100172,100,99926,100,100220,100,99921,100
2019-06-28 09:38:40.000000000,100040,233,100013,233,100055,229,99970,229,100057,229,99963,229,100096,100,99951,200,100108,100,99945,200,100122,100,99944,100,100137,100,99937,100,100172,100,99930,100,100220,100,99926,100,100347,100,99921,100
2019-06-28 09:38:50.000000000,100040,296,100013,296,100055,296,99970,296,100057,100,99963,100,100096,100,99951,200,100108,100,99945,200,100122,100,99944,100,100137,100,99937,100,100172,100,99930,100,100220,100,99926,100,100347,100,99921,100
2019-06-28 09:39:00.000000000,100040,492,100013,492,100055,100,99970,100,100057,100,99963,100,100096,100,99951,200,100108,100,99945,200,100122,100,99944,100,100137,100,99937,100,100172,100,99930,100,100220,100,99926,100,100347,100,99921,100
2019-06-28 09:39:06.631890624,100040,492,100013,492,100055,100,99970,100,100057,100,99963,100,100096,100,99951,200,100108,100,99945,200,100122,100,99944,100,100137,100,99937,100,100172,100,99930,100,100176,100,99926,100,100220,100,99921,100
2019-06-28 09:39:07.740262737,100040,492,100013,392,100055,100,99970,100,100057,100,99963,100,100096,100,99951,200,100108,100,99945,200,100122,100,99944,100,100137,100,99937,100,100172,100,99930,100,100176,100,99926,100,100220,100,99921,100
2019-06-28 09:39:10.000000000,100040,178,99970,178,100055,178,99963,178,100057,178,99951,278,100096,178,99945,278,100108,178,99944,178,100122,100,99937,100,100137,100,99930,100,100172,100,99926,100,100176,100,99921,100,100220,100,99908,100
2019-06-28 09:39:13.600846972,100040,178,99970,78,100055,178,99963,178,100057,178,99951,278,100096,178,99945,278,100108,178,99944,178,100122,100,99937,100,100137,100,99926,100,100172,100,99921,100,100176,100,99908,100,100220,100,99904,100
2019-06-28 09:39:18.915263390,99970,22,99963,178,100040,178,99951,278,100055,178,99945,278,100057,178,99944,178,100096,178,99937,100,100108,178,99926,100,100122,100,99921,100,100137,100,99908,100,100172,100,99904,100,100176,100,99869,100
2019-06-28 09:39:20.000000000,99970,120,99963,198,100040,198,99951,298,100055,198,99945,298,100057,198,99944,198,100096,100,99937,100,100108,100,99926,100,100122,100,99921,100,100137,100,99908,100,100172,100,99904,100,100176,100,99869,100
2019-06-28 09:39:26.963201034,99970,120,99963,198,100040,198,99951,298,100055,198,99945,298,100057,98,99944,198,100096,100,99937,100,100108,100,99926,100,100122,100,99921,100,100137,100,99908,100,100172,100,99904,100,100176,100,99869,100
2019-06-28 09:39:30.000000000,99970,100,99963,178,100040,178,99951,278,100055,178,99945,278,100096,178,99944,178,100108,178,99937,178,100122,100,99926,100,100137,100,99921,100,100172,100,99908,100,100176,100,99904,100,100220,100,99869,100
2019-06-28 09:39:40.000000000,99970,120,99963,198,100040,198,99951,298,100055,198,99945,298,100096,198,99944,198,100108,100,99937,100,100122,100,99926,100,100137,100,99921,100,100172,100,99908,100,100176,100,99904,100,100220,100,99869,100
2019-06-28 09:39:50.000000000,99970,155,99963,233,100040,229,99951,329,100055,229,99945,329,100096,100,99944,100,100108,100,99937,100,100122,100,99926,100,100137,100,99921,100,100172,100,99908,100,100176,100,99904,100,100220,100,99869,100
2019-06-28 09:40:00.000000000,99970,414,99963,492,100040,100,99951,200,100055,100,99945,200,100096,100,99944,100,100108,100,99937,100,100122,100,99926,100,100137,100,99921,100,100172,100,99908,100,100176,100,99904,100,100220,100,99869,100
2019-06-28 09:40:09.054607528,99970,414,99963,492,100040,100,99951,200,100055,100,99945,200,100096,100,99944,100,100108,100,99937,100,100122,100,99926,100,100137,100,99921,100,100144,100,99908,100,100172,100,99904,100,100176,100,99869,100
2019-06-28 09:40:10.000000000,99970,414,99963,492,100040,100,99951,200,100055,100,99945,200,100096,100,99944,100,100108,100,99937,100,100122,100,99926,100,100137,100,99921,100,100144,100,99908,100,100172,100,99904,100,100176,100,99869,100
2019-06-28 09:40:20.000000000,99970,218,99963,296,100040,296,99951,396,100055,100,99945,200,100096,100,99944,100,100108,100,99937,100,100122,100,99926,100,100137,100,99921,100,100144,100,99908,100,100172,100,99904,100,100176,100,99869,100
2019-06-28 09:40:29.421238015,99970,118,99963,296,100040,296,99951,396,100055,100,99945,200,100096,100,99944,100,100108,100,99937,100,100122,100,99926,100,100137,100,99921,100,100144,100,99908,100,100172,100,99904,100,100176,100,99869,100
2019-06-28 09:40:30.000000000,100040,233,99963,233,100055,229,99951,329,100096,229,99945,329,100108,100,99944,100,100122,100,99937,100,100137,100,99926,100,100144,100,99921,100,100172,100,99908,100,100176,100,99904,100,100220,100,99869,100
2019-06-28 09:40:38.529684729,100040,33,99963,233,100055,229,99951,329,100096,229,99945,329,100108,100,99944,100,100122,100,99937,100,100137,100,99926,100,100144,100,99921,100,100172,100,99908,100,100176,100,99904,100,100220,100,99869,100
2019-06-28 09:40:40.000000000,100055,492,99963,492,100096,100,99951,200,100108,100,99945,200,100122,100,99944,100,100137,100,99937,100,100144,100,99926,100,100172,100,99921,100,100176,100,99908,100,100220,100,99904,100,100347,100,99869,100
2019-06-28 09:40:50.000000000,100055,178,99963,178,100096,178,99951,278,100108,178,99945,278,100122,178,99944,178,100137,178,99937,178,100144,100,99926,100,100172,100,99921,100,100176,100,99908,100,100220,100,99904,100,100347,100,99869,100
2019-06-28 09:41:00.000000000,100055,198,99963,198,100096,198,99951,298,100108,198,99945,298,100122,198,99944,198,100137,100,99937,100,100144,100,99926,100,100172,100,99921,100,100176,100,99908,100,100220,100,99904,100,100347,100,99869,100
2019-06-28 09:41:10.000000000,100055,492,99963,492,100096,100,99951,200,100108,100,99945,200,100122,100,99944,100,100137,100,99937,100,100144,100,99926,100,100172,100,99921,100,100176,100,99908,100,100220,100,99904,100,100347,100,99869,100
2019-06-28 09:41:13.486480199,100055,492,99970,100,100096,100,99963,492,100108,100,99951,200,100122,100,99945,200,100137,100,99944,100,100144,100,99937,100,100172,100,99926,100,100176,100,99921,100,100220,100,99908,100,100347,100,99904,100
2019-06-28 09:41:20.000000000,100055,233,99970,233,100096,229,99963,229,100108,229,99951,329,100122,100,99945,200,100137,100,99944,100,100144,100,99937,100,100172,100,99926,100,100176,100,99921,100,100220,100,99908,100,100347,100,99904,100
2019-06-28 09:41:30.000000000,100055,233,99970,233,100096,229,99963,229,100108,229,99951,329,100122,100,99945,200,100137,100,99944,100,100144,100,99937,100,100172,100,99926,100,100176,100,99921,100,100220,100,99908,100,100347,100,99904,100
2019-06-28 09:41:40.000000000,100055,198,99970,198,100096,198,99963,198,100108,198,99951,298,100122,198,99945,298,100137,100,99944,100,100144,100,99937,100,100172,100,99926,100,100176,100,99921,100,100220,100,99908,100,100347,100,99904,100
2019-06-28 09:41:50.000000000,100055,178,99970,178,100096,178,99963,178,100108,178,99951,278,100122,178,99945,278,100137,178,99944,178,100144,100,99937,100,100172,100,99926,100,100176,100,99921,100,100220,100,99908,100,100347,100,99904,100
2019-06-28 09:41:50.766011105,100055,178,99970,178,100096,178,99963,178,100108,178,99951,278,100122,178,99945,278,100137,178,99944,178,100144,100,99937,100,100172,100,99926,100,100176,100,99921,100,100220,100,99908,100,100347,100,99904,100
2019-06-28 09:41:56.145847609,100055,78,99970,178,100096,178,99963,178,100108,178,99951,278,100122,178,99945,278,100137,178,99944,178,100144,100,99937,100,100172,100,99926,100,100176,100,99921,100,100220,100,99908,100,100347,100,99904,100
2019-06-28 09:42:00.000000000,100096,198,99970,198,100108,198,99963,198,100122,198,99951,298,100137,198,99945,298,100144,100,99944,100,100172,100,99937,100,100176,100,99926,100,100220,100,99921,100,100347,100,99908,100,100390,100,99904,100
2019-06-28 09:42:10.000000000,100096,198,99970,198,100108,198,99963,198,100122,198,99951,298,100137,198,99945,298,100144,100,99944,100,100172,100,99937,100,100176,100,99926,100,100220,100,99921,100,100347,100,99908,100,100390,100,99904,100
2019-06-28 09:42:20.000000000,100096,198,99970,198,100108,198,99963,198,100122,198,99951,298,100137,198,99945,298,100144,100,99944,100,100172,100,99937,100,100176,100,99926,100,100220,100,99921,100,100347,100,99908,100,100390,100,99904,100
2019-06-28 09:42:24.661942447,100096,98,99970,198,100108,198,99963,198,100122,198,99951,298,100137,198,99945,298,100144,100,99944,100,100172,100,99937,100,100176,100,99926,100,100220,100,99921,100,100347,100,99908,100,100390,100,99904,100
2019-06-28 09:42:30.000000000,100108,492,99970,492,100122,100,99963,100,100137,100,99951,200,100144,100,99945,200,100172,100,99944,100,100176,100,99937,100,100220,100,99926,100,100347,100,99921,100,100390,100,99908,100,100947,100,99904,100
2019-06-28 09:42:40.000000000,100108,296,99970,296,100122,296,99963,296,100137,100,99951,200,100144,100,99945,200,100172,100,99944,100,100176,100,99937,100,100220,100,99926,100,100347,100,99921,100,100390,100,99908,100,100947,100,99904,100
2019-06-28 09:42:41.154345093,100108,296,99970,296,100122,296,99963,296,100137,100,99951,200,100144,100,99945,200,100172,100,99944,100,100176,100,99937,100,100220,100,99926,100,100347,100,99921,100,100390,100,99908,100,100873,100,99904,100
2019-06-28 09:42:50.000000000,100108,492,99970,492,100122,100,99963,100,100137,100,99951,200,100144,100,99945,200,100172,100,99944,100,100176,100,99937,100,100220,100,99926,100,100347,100,99921,100,100390,100,99908,100,100873,100,99904,100
2019-06-28 09:43:00.000000000,100108,198,99970,198,100122,198,99963,198,100137,198,99951,298,100144,198,99945,298,100172,100,99944,100,100176,100,99937,100,100220,100,99926,100,100347,100,99921,100,100390,100,99908,100,100873,100,99904,100
2019-06-28 09:43:06.885261946,100108,98,99970,198,100122,198,99963,198,100137,198,99951,298,100144,198,99945,298,100172,100,99944,100,100176,100,99937,100,100220,100,99926,100,100347,100,99921,100,100390,100,99908,100,100873,100,99904,100
2019-06-28 09:43:10.000000000,100122,296,99970,296,100137,296,99963,296,100144,100,99951,200,100172,100,99945,200,100176,100,99944,100,100220,100,99937,100,100347,100,99926,100,100390,100,99921,100,100873,100,99908,100,100947,100,99904,100
2019-06-28 09:43:18.104386548,100122,196,99970,296,100137,296,99963,296,100144,100,99951,200,100172,100,99945,200,100176,100,99944,100,100220,100,99937,100,100347,100,99926,100,100390,100,99921,100,100873,100,99908,100,100947,100,99904,100
2019-06-28 09:43:20.000000000,100137,233,99970,233,100144,229,99963,229,100172,229,99951,329,100176,100,99945,200,100220,100,99944,100,100347,100,99937,100,100390,100,99926,100,100873,100,99921,100,100947,100,99908,100,,,99904,100
2019-06-28 09:43:30.000000000,100137,198,99970,198,100144,198,99963,198,100172,198,99951,298,100176,198,99945,298,100220,100,99944,100,100347,100,99937,100,100390,100,99926,100,100873,100,99921,100,100947,100,99908,100,,,99904,100
2019-06-28 09:43:35.575081912,100137,198,100108,100,100144,198,99970,198,100172,198,99963,198,100176,198,99951,298,100220,100,99945,298,100347,100,99944,100,100390,100,99937,100,100873,100,99926,100,100947,100,99921,100,,,99908,100
2019-06-28 09:43:40.000000000,100137,178,100108,178,100144,178,99970,178,100172,178,99963,178,100176,178,99951,278,100220,178,99945,278,100347,100,99944,100,100390,100,99937,100,100873,100,99926,100,100947,100,99921,100,,,99908,100
2019-06-28 09:43:49.179221028,100137,178,100108,178,100144,178,99970,178,100172,178,99963,178,100176,178,99951,278,100220,178,99945,278,100347,100,99944,100,100390,100,99937,100,100711,100,99926,100,100873,100,99921,100,100947,100,99908,100
2019-06-28 09:43:49.928042409,100137,78,100108,178,100144,178,99970,178,100172,178,99963,178,100176,178,99951,278,100220,178,99945,278,100390,100,99944,100,100711,100,99937,100,100873,100,99926,100,100947,100,99921,100,,,99908,100
2019-06-28 09:43:50.000000000,100144,198,100108,198,100172,198,99970,198,100176,198,99963,198,100220,198,99951,298,100390,100,99945,200,100711,100,99944,100,100873,100,99937,100,100947,100,99926,100,,,99921,100,,,99908,100
2019-06-28 09:44:00.000000000,100144,492,100108,492,100172,100,99970,100,100176,100,99963,100,100220,100,99951,200,100390,100,99945,200,100711,100,99944,100,100873,100,99937,100,100947,100,99926,100,,,99921,100,,,99908,100
2019-06-28 09:44:06.877990327,100144,492,100108,492,100172,100,99970,100,100176,100,99963,100,100220,100,99951,200,100294,100,99945,200,100390,100,99944,100,100711,100,99937,100,100873,100,99926,100,100947,100,99921,100,,,99908,100
2019-06-28 09:44:08.363312039,100144,392,100108,492,100172,100,99970,100,100176,100,99963,100,100220,100,99951,200,100294,100,99945,200,100390,100,99944,100,100711,100,99937,100,100873,100,99926,100,100947,100,99921,100,,,99908,100
2019-06-28 09:44:10.000000000,100172,178,100108,178,100176,178,99970,178,100220,178,99963,178,100294,178,99951,278,100390,178,99945,278,100711,100,99944,100,100873,100,99937,100,100947,100,99926,100,,,99921,100,,,99908,100
2019-06-28 09:44:10.004369431,100172,178,100108,178,100176,178,99970,178,100220,178,99963,178,100294,178,99951,278,100390,178,99945,278,100585,100,99944,100,100711,100,99937,100,100873,100,99926,100,100947,100,99921,100,,,99908,100
2019-06-28 09:44:20.000000000,100172,198,100108,198,100176,198,99970,198,100220,198,99963,198,100294,198,99951,298,100390,100,99945,200,100585,100,99944,100,100711,100,99937,100,100873,100,99926,100,100947,100,99921,100,,,99908,100
2019-06-28 09:44:21.235595303,100172,98,100108,198,100176,198,99970,198,100220,198,99963,198,100294,198,99951,298,100390,100,99945,200,100585,100,99944,100,100711,100,99937,100,100873,100,99926,100,100947,100,99921,100,,,99908,100
2019-06-28 09:44:30.000000000,100176,198,100108,198,100220,198,99970,198,100294,198,99963,198,100390,198,99951,298,100585,100,99945,200,100711,100,99944,100,100873,100,99937,100,100947,100,99926,100,,,99921,100,,,99908,100
2019-06-28 09:44:31.241539288,100176,98,100108,198,100220,198,99970,198,100294,198,99963,198,100390,198,99951,298,100585,100,99945,200,100711,100,99944,100,100873,100,99937,100,100947,100,99926,100,,,99921,100,,,99908,100
2019-06-28 09:44:40.000000000,100220,233,100108,233,100294,229,99970,229,100390,229,99963,229,100585,100,99951,200,100711,100,99945,200,100873,100,99944,100,100947,100,99937,100,,,99926,100,,,99921,100,,,99908,100
2019-06-28 09:44:50.000000000,100220,492,100108,492,100294,100,99970,100,100390,100,99963,100,100585,100,99951,200,100711,100,99945,200,100873,100,99944,100,100947,100,99937,100,,,99926,100,,,99921,100,,,99908,100
2019-06-28 09:44:51.242206948,100220,492,100172,100,100294,100,100108,492,100390,100,99970,100,100585,100,99963,100,100711,100,99951,200,100873,100,99945,200,100947,100,99944,100,,,99937,100,,,99926,100,,,99921,100
2019-06-28 09:45:00.000000000,100220,296,100172,296,100294,296,100108,296,100390,100,99970,100,100585,100,99963,100,100711,100,99951,200,100873,100,99945,200,100947,100,99944,100,,,99937,100,,,99926,100,,,99921,100
2019-06-28 09:45:02.711400992,100220,296,100172,296,100294,296,100108,296,100390,100,99970,100,100585,100,99963,100,100607,100,99951,200,100711,100,99945,200,100873,100,99944,100,100947,100,99937,100,,,99926,100,,,99921,100
2019-06-28 09:45:10.000000000,100220,492,100172,492,100294,100,100108,100,100390,100,99970,100,100585,100,99963,100,100607,100,99951,200,100711,100,99945,200,100873,100,99944,100,100947,100,99937,100,,,99926,100,,,99921,100
2019-06-28 09:45:20.000000000,100220,233,100172,233,100294,229,100108,229,100390,229,99970,229,100585,100,99963,100,100607,100,99951,200,100711,100,99945,200,100873,100,99944,100,100947,100,99937,100,,,99926,100,,,99921,100
2019-06-28 09:45:30.000000000,100220,178,100172,178,100294,178,100108,178,100390,178,99970,178,100585,178,99963,178,100607,178,99951,278,100711,100,99945,200,100873,100,99944,100,100947,100,99937,100,,,99926,100,,,99921,100
2019-06-28 09:45:31.317381891,100220,178,100172,78,100294,178,100108,178,100390,178,99970,178,100585,178,99963,178,100607,178,99951,278,100711,100,99945,200,100873,100,99937,100,100947,100,99926,100,,,99921,100,,,99908,100
2019-06-28 09:45:40.000000000,100220,198,100108,198,100294,198,99970,198,100390,198,99963,198,100585,198,99951,298,100607,100,99945,200,100711,100,99937,100,100873,100,99926,100,100947,100,99921,100,,,99908,100,,,99904,100
2019-06-28 09:45:50.000000000,100220,492,100108,492,100294,100,99970,100,100390,100,99963,100,100585,100,99951,200,100607,100,99945,200,100711,100,99937,100,100873,100,99926,100,100947,100,99921,100,,,99908,100,,,99904,100
2019-06-28 09:45:53.485171950,100220,492,100108,492,100294,100,99970,100,100390,100,99963,100,100585,100,99951,200,100607,100,99945,200,100711,100,99937,100,100873,100,99926,100,100947,100,99921,100,,,99908,100,,,99904,100
2019-06-28 09:46:00.000000000,100220,233,100108,233,100294,229,99970,229,100390,229,99963,229,100585,100,99951,200,100607,100,99945,200,100711,100,99937,100,100873,100,99926,100,100947,100,99921,100,,,99908,100,,,99904,100
2019-06-28 09:46:10.000000000,100220,198,100108,198,100294,198,99970,198,100390,198,99963,198,100585,198,99951,298,100607,100,99945,200,100711,100,99937,100,100873,100,99926,100,100947,100,99921,100,,,99908,100,,,99904,100
2019-06-28 09:46:14.872644895,100220,198,100108,198,100294,198,99970,198,100390,198,99963,198,100585,198,99951,298,100607,100,99945,200,100711,100,99937,100,100873,100,99926,100,100947,100,99921,100,,,99908,100,,,99904,100
2019-06-28 09:46:20.000000000,100220,233,100108,233,100294,229,99970,229,100390,229,99963,229,100585,100,99951,200,100607,100,99945,200,100711,100,99937,100,100873,100,99926,100,100947,100,99921,100,,,99908,100,,,99904,100
2019-06-28 09:46:30.000000000,100220,198,100108,198,100294,198,99970,198,100390,198,99963,198,100585,198,99951,298,100607,100,99945,200,100711,100,99937,100,100873,100,99926,100,100947,100,99921,100,,,99908,100,,,99904,100
2019-06-28 09:46:38.465577556,100220,198,100108,198,100294,198,100070,100,100390,198,99970,198,100585,198,99963,198,100607,100,99951,298,100711,100,99945,200,100947,100,99937,100,,,99926,100,,,99921,100,,,99908,100
2019-06-28 09:46:40.000000000,100220,233,100108,233,100294,229,100070,229,100390,229,99970,229,100585,100,99963,100,100607,100,99951,200,100711,100,99945,200,100947,100,99937,100,,,99926,100,,,99921,100,,,99908,100
2019-06-28 09:46:50.000000000,100220,198,100108,198,100294,198,100070,198,100390,198,99970,198,100585,198,99963,198,100607,100,99951,200,100711,100,99945,200,100947,100,99937,100,,,99926,100,,,99921,100,,,99908,100
2019-06-28 09:46:54.705837185,100220,198,100108,198,100230,100,100070,198,100294,198,99970,198,100390,198,99963,198,100585,198,99951,200,100607,100,99945,200,100711,100,99937,100,100947,100,99926,100,,,99921,100,,,99908,100
2019-06-28 09:47:00.000000000,100220,198,100108,198,100230,198,100070,198,100294,198,99970,198,100390,198,99963,198,100585,100,99951,200,100607,100,99945,200,100711,100,99937,100,100947,100,99926,100,,,99921,100,,,99908,100
2019-06-28 09:47:10.000000000,100220,198,100108,198,100230,198,100070,198,100294,198,99970,198,100390,198,99963,198,100585,100,99951,200,100607,100,99945,200,100711,100,99937,100,100947,100,99926,100,,,99921,100,,,99908,100
2019-06-28 09:47:11.051305482,100220,198,100108,198,100230,198,100070,198,100294,198,99970,198,100369,100,99963,198,100390,198,99951,200,100585,100,99945,200,100607,100,99937,100,100711,100,99926,100,100947,100,99921,100,,,99908,100
2019-06-28 09:47:20.000000000,100220,233,100108,233,100230,229,100070,229,100294,229,99970,229,100369,100,99963,100,100390,100,99951,200,100585,100,99945,200,100607,100,99937,100,100711,100,99926,100,100947,100,99921,100,,,99908,100
2019-06-28 09:47:30.000000000,100220,492,100108,492,100230,100,100070,100,100294,100,99970,100,100369,100,99963,100,100390,100,99951,200,100585,100,99945,200,100607,100,99937,100,100711,100,99926,100,100947,100,99921,100,,,99908,100
2019-06-28 09:47:32.598784522,100220,492,100108,492,100230,100,100070,100,100294,100,99970,100,100369,100,99963,100,100390,100,99951,200,100585,100,99945,200,100711,100,99937,100,100947,100,99926,100,100951,100,99921,100,,,99908,100
2019-06-28 09:47:33.452664110,100220,392,100108,492,100230,100,100070,100,100294,100,99970,100,100369,100,99963,100,100390,100,99951,200,100585,100,99945,200,100711,100,99937,100,100947,100,99926,100,100951,100,99921,100,,,99908,100
2019-06-28 09:47:40.000000000,100230,233,100108,233,100294,229,100070,229,100369,229,99970,229,100390,100,99963,100,100585,100,99951,200,100711,100,99945,200,100947,100,99937,100,100951,100,99926,100,,,99921,100,,,99908,100
2019-06-28 09:47:50.000000000,100230,233,100108,233,100294,229,100070,229,100369,229,99970,229,100390,100,99963,100,100585,100,99951,200,100711,100,99945,200,100947,100,99937,100,100951,100,99926,100,,,99921,100,,,99908,100
2019-06-28 09:48:00.000000000,100230,198,100108,198,100294,198,100070,198,100369,198,99970,198,100390,198,99963,198,100585,100,99951,200,100711,100,99945,200,100947,100,99937,100,100951,100,99926,100,,,99921,100,,,99908,100
2019-06-28 09:48:08.304682694,100230,198,100108,198,100294,198,100070,198,100369,198,99970,198,100390,198,99963,198,100585,100,99951,200,100711,100,99945,100,100947,100,99937,100,100951,100,99926,100,101161,100,99921,100,,,99908,100
2019-06-28 09:48:10.000000000,100230,296,100108,296,100294,296,100070,296,100369,100,99970,100,100390,100,99963,100,100585,100,99951,200,100711,100,99945,100,100947,100,99937,100,100951,100,99926,100,101161,100,99921,100,,,99908,100
2019-06-28 09:48:13.872731677,100230,196,100108,296,100294,296,100070,296,100369,100,99970,100,100390,100,99963,100,100585,100,99951,200,100711,100,99945,100,100947,100,99937,100,100951,100,99926,100,101161,100,99921,100,,,99908,100
2019-06-28 09:48:19.735795537,100230,196,100108,296,100294,296,100070,296,100369,100,99970,100,100390,100,99963,100,100585,100,99951,200,100711,100,99945,100,100947,100,99937,100,100951,100,99926,100,101161,100,99921,100,101264,100,99908,100
2019-06-28 09:48:20.000000000,100294,178,100108,178,100369,178,100070,178,100390,178,99970,178,100585,178,99963,178,100711,178,99951,278,100947,100,99945,100,100951,100,99937,100,101161,100,99926,100,101264,100,99921,100,,,99908,100
2019-06-28 09:48:30.000000000,100294,198,100108,198,100369,198,100070,198,100390,198,99970,198,100585,198,99963,198,100711,100,99951,200,100947,100,99945,100,100951,100,99937,100,101161,100,99926,100,101264,100,99921,100,,,99908,100
2019-06-28 09:48:40.000000000,100294,233,100108,233,100369,229,100070,229,100390,229,99970,229,100585,100,99963,100,100711,100,99951,200,100947,100,99945,100,100951,100,99937,100,101161,100,99926,100,101264,100,99921,100,,,99908,100
2019-06-28 09:48:50.000000000,100294,296,100108,296,100369,296,100070,296,100390,100,99970,100,100585,100,99963,100,100711,100,99951,200,100947,100,99945,100,100951,100,99937,100,101161,100,99926,100,101264,100,99921,100,,,99908,100
2019-06-28 09:49:00.000000000,100294,178,100108,178,100369,178,100070,178,100390,178,99970,178,100585,178,99963,178,100711,178,99951,278,100947,100,99945,100,100951,100,99937,100,101161,100,99926,100,101264,100,99921,100,,,99908,100
2019-06-28 09:49:06.009348627,100294,178,100220,100,100369,178,100108,178,100390,178,100070,178,100585,178,99970,178,100711,178,99963,178,100947,100,99951,278,100951,100,99945,100,101161,100,99937,100,101264,100,99926,100,,,99921,100
2019-06-28 09:49:10.000000000,100294,492,100220,492,100369,100,100108,100,100390,100,100070,100,100585,100,99970,100,100711,100,99963,100,100947,100,99951,200,100951,100,99945,100,101161,100,99937,100,101264,100,99926,100,,,99921,100
2019-06-28 09:49:20.000000000,100294,296,100220,296,100369,296,100108,296,100390,100,100070,100,100585,100,99970,100,100711,100,99963,100,100947,100,99951,200,100951,100,99945,100,101161,100,99937,100,101264,100,99926,100,,,99921,100
2019-06-28 09:49:30.000000000,100294,233,100220,233,100369,229,100108,229,100390,229,100070,229,100585,100,99970,100,100711,100,99963,100,100947,100,99951,200,100951,100,99945,100,101161,100,99937,100,101264,100,99926,100,,,99921,100
2019-06-28 09:49:34.559304647,100294,233,100220,233,100369,229,100108,229,100390,229,100070,229,100585,100,99970,100,100658,100,99963,100,100711,100,99951,200,100947,100,99945,100,100951,100,99937,100,101161,100,99926,100,101264,100,99921,100
2019-06-28 09:49:40.000000000,100294,233,100220,233,100369,229,100108,229,100390,229,100070,229,100585,100,99970,100,100658,100,99963,100,100711,100,99951,200,100947,100,99945,100,100951,100,99937,100,101161,100,99926,100,101264,100,99921,100
2019-06-28 09:49:42.431868228,100294,233,100220,233,100369,229,100108,229,100383,100,100070,229,100390,229,99970,100,100585,100,99963,100,100658,100,99951,200,100711,100,99945,100,100947,100,99937,100,100951,100,99926,100,101161,100,99921,100
2019-06-28 09:49:50.000000000,100294,233,100220,233,100369,229,100108,229,100383,229,100070,229,100390,100,99970,100,100585,100,99963,100,100658,100,99951,200,100711,100,99945,100,100947,100,99937,100,100951,100,99926,100,101161,100,99921,100
2019-06-28 09:50:00.000000000,100294,233,100220,233,100369,229,100108,229,100383,229,100070,229,100390,100,99970,100,100585,100,99963,100,100658,100,99951,200,100711,100,99945,100,100947,100,99937,100,100951,100,99926,100,101161,100,99921,100
2019-06-28 09:50:10.000000000,100294,198,100220,198,100369,198,100108,198,100383,198,100070,198,100390,198,99970,198,100585,100,99963,100,100658,100,99951,200,100711,100,99945,100,100947,100,99937,100,100951,100,99926,100,101161,100,99921,100
2019-06-28 09:50:15.289516934,100294,98,100220,198,100369,198,100108,198,100383,198,100070,198,100390,198,99970,198,100585,100,99963,100,100658,100,99951,200,100711,100,99945,100,100947,100,99937,100,100951,100,99926,100,101161,100,99921,100
2019-06-28 09:50:17.198073870,100294,98,100220,198,100369,198,100108,198,100383,198,100070,198,100390,198,99970,198,100585,100,99963,100,100658,100,99951,200,100691,100,99945,100,100711,100,99937,100,100947,100,99926,100,100951,100,99921,100
2019-06-28 09:50:20.000000000,100369,198,100220,198,100383,198,100108,198,100390,198,100070,198,100585,198,99970,198,100658,100,99963,100,100691,100,99951,200,100711,100,99945,100,100947,100,99937,100,100951,100,99926,100,101161,100,99921,100
2019-06-28 09:50:30.000000000,100369,296,100220,296,100383,296,100108,296,100390,100,100070,100,100585,100,99970,100,100658,100,99963,100,100691,100,99951,200,100711,100,99945,100,100947,100,99937,100,100951,100,99926,100,101161,100,99921,100
2019-06-28 09:50:40.000000000,100369,296,100220,296,100383,296,100108,296,100390,100,100070,100,100585,100,99970,100,100658,100,99963,100,100691,100,99951,200,100711,100,99945,100,100947,100,99937,100,100951,100,99926,100,101161,100,99921,100
2019-06-28 09:50:48.109668997,100369,196,100220,296,100383,296,100108,296,100390,100,100070,100,100585,100,99970,100,100658,100,99963,100,100691,100,99951,200,100711,100,99945,100,100947,100,99937,100,100951,100,99926,100,101161,100,99921,100
2019-06-28 09:50:49.679269972,100369,196,100294,100,100383,296,100220,296,100390,100,100108,296,100585,100,100070,100,100658,100,99970,100,100691,100,99963,100,100711,100,99951,200,100947,100,99945,100,100951,100,99937,100,101161,100,99926,100
2019-06-28 09:50:50.000000000,100383,233,100294,233,100390,229,100220,229,100585,229,100108,229,100658,100,100070,100,100691,100,99970,100,100711,100,99963,100,100947,100,99951,200,100951,100,99945,100,101161,100,99937,100,101264,100,99926,100
2019-06-28 09:51:00.000000000,100383,198,100294,198,100390,198,100220,198,100585,198,100108,198,100658,198,100070,198,100691,100,99970,100,100711,100,99963,100,100947,100,99951,200,100951,100,99945,100,101161,100,99937,100,101264,100,99926,100
2019-06-28 09:51:10.000000000,100383,198,100294,198,100390,198,100220,198,100585,198,100108,198,100658,198,100070,198,100691,100,99970,100,100711,100,99963,100,100947,100,99951,200,100951,100,99945,100,101161,100,99937,100,101264,100,99926,100
2019-06-28 09:51:12.152204109,100383,198,100294,198,100390,198,100220,198,100585,98,100108,198,100658,198,100070,198,100676,100,99970,100,100691,100,99963,100,100711,100,99951,200,100947,100,99945,100,100951,100,99937,100,101161,100,99926,100
2019-06-28 09:51:20.000000000,100383,233,100294,233,100390,229,100220,229,100658,229,100108,229,100676,100,100070,100,100691,100,99970,100,100711,100,99963,100,100947,100,99951,200,100951,100,99945,100,101161,100,99937,100,101264,100,99926,100
2019-06-28 09:51:28.331693485,100383,133,100294,233,100390,229,100220,229,100658,229,100108,229,100676,100,100070,100,100691,100,99970,100,100711,100,99963,100,100947,100,99951,200,100951,100,99945,100,101161,100,99937,100,101264,100,99926,100
2019-06-28 09:51:30.000000000,100390,492,100294,492,100658,100,100220,100,100676,100,100108,100,100691,100,100070,100,100711,100,99970,100,100947,100,99963,100,100951,100,99951,200,101161,100,99945,100,101264,100,99937,100,,,99926,100
2019-06-28 09:51:32.956828927,100390,392,100294,492,100658,100,100220,100,100676,100,100108,100,100691,100,100070,100,100711,100,99970,100,100947,100,99963,100,100951,100,99951,200,101161,100,99945,100,101264,100,99937,100,,,99926,100
2019-06-28 09:51:40.000000000,100658,198,100294,198,100676,198,100220,198,100691,198,100108,198,100711,198,100070,198,100947,100,99970,100,100951,100,99963,100,101161,100,99951,200,101264,100,99945,100,,,99937,100,,,99926,100
2019-06-28 09:51:42.357167227,100658,198,100294,198,100676,198,100220,198,100691,198,100108,198,100711,198,100070,198,100748,100,99970,100,100947,100,99963,100,100951,100,99951,200,101161,100,99945,100,101264,100,99937,100,,,99926,100
2019-06-28 09:51:49.661396291,100658,198,100383,100,100676,198,100294,198,100691,198,100220,198,100711,198,100108,198,100748,100,100070,198,100947,100,99970,100,100951,100,99963,100,101161,100,99951,200,101264,100,99945,100,,,99937,100
2019-06-28 09:51:50.000000000,100658,233,100383,233,100676,229,100294,229,100691,229,100220,229,100711,100,100108,100,100748,100,100070,100,100947,100,99970,100,100951,100,99963,100,101161,100,99951,200,101264,100,99945,100,,,99937,100
2019-06-28 09:52:00.000000000,100658,296,100383,296,100676,296,100294,296,100691,100,100220,100,100711,100,100108,100,100748,100,100070,100,100947,100,99970,100,100951,100,99963,100,101161,100,99951,200,101264,100,99945,100,,,99937,100
2019-06-28 09:52:10.000000000,100658,233,100383,233,100676,229,100294,229,100691,229,100220,229,100711,100,100108,100,100748,100,100070,100,100947,100,99970,100,100951,100,99963,100,101161,100,99951,200,101264,100,99945,100,,,99937,100
2019-06-28 09:52:20.000000000,100658,296,100383,296,100676,296,100294,296,100691,100,100220,100,100711,100,100108,100,100748,100,100070,100,100947,100,99970,100,100951,100,99963,100,101161,100,99951,200,101264,100,99945,100,,,99937,100
2019-06-28 09:52:26.134850177,100658,296,100383,296,100676,296,100294,296,100691,100,100220,100,100711,100,100108,100,100721,100,100070,100,100748,100,99970,100,100947,100,99963,100,100951,100,99951,200,101161,100,99945,100,101264,100,99937,100
2019-06-28 09:52:30.000000000,100658,233,100383,233,100676,229,100294,229,100691,229,100220,229,100711,100,100108,100,100721,100,100070,100,100748,100,99970,100,100947,100,99963,100,100951,100,99951,200,101161,100,99945,100,101264,100,99937,100
2019-06-28 09:52:40.000000000,100658,492,100383,492,100676,100,100294,100,100691,100,100220,100,100711,100,100108,100,100721,100,100070,100,100748,100,99970,100,100947,100,99963,100,100951,100,99951,200,101161,100,99945,100,101264,100,99937,100
2019-06-28 09:52:45.263929503,100658,492,100571,100,100676,100,100383,492,100691,100,100294,100,100711,100,100220,100,100721,100,100108,100,100748,100,100070,100,100947,100,99970,100,100951,100,99963,100,101161,100,99951,200,101264,100,99945,100
2019-06-28 09:52:50.000000000,100658,178,100571,178,100676,178,100383,178,100691,178,100294,178,100711,178,100220,178,100721,178,100108,178,100748,100,100070,100,100947,100,99970,100,100951,100,99963,100,101161,100,99951,200,101264,100,99945,100
2019-06-28 09:53:00.000000000,100658,178,100571,178,100676,178,100383,178,100691,178,100294,178,100711,178,100220,178,100721,178,100108,178,100748,100,100070,100,100947,100,99970,100,100951,100,99963,100,101161,100,99951,200,101264,100,99945,100
2019-06-28 09:53:10.000000000,100658,233,100571,233,100676,229,100383,229,100691,229,100294,229,100711,100,100220,100,100721,100,100108,100,100748,100,100070,100,100947,100,99970,100,100951,100,99963,100,101161,100,99951,200,101264,100,99945,100
2019-06-28 09:53:16.344812398,100658,233,100571,233,100676,229,100383,329,100691,229,100294,229,100711,100,100220,100,100721,100,100108,100,100748,100,100070,100,100947,100,99970,100,100951,100,99963,100,101161,100,99951,200,101264,100,99945,100
2019-06-28 09:53:20.000000000,100658,233,100571,233,100676,229,100383,329,100691,229,100294,229,100711,100,100220,100,100721,100,100108,100,100748,100,100070,100,100947,100,99970,100,100951,100,99963,100,101161,100,99951,200,101264,100,99945,100
2019-06-28 09:53:25.367573212,100641,100,100571,233,100658,233,100383,329,100676,229,100294,229,100691,229,100220,100,100711,100,100108,100,100721,100,100070,100,100748,100,99970,100,100947,100,99963,100,100951,100,99951,200,101161,100,99945,100
2019-06-28 09:53:30.000000000,100641,198,100571,198,100658,198,100383,298,100676,198,100294,198,100691,198,100220,198,100711,100,100108,100,100721,100,100070,100,100748,100,99970,100,100947,100,99963,100,100951,100,99951,200,101161,100,99945,100
2019-06-28 09:53:33.475236784,100641,198,100571,198,100658,198,100499,100,100676,198,100383,298,100691,198,100294,198,100711,100,100220,198,100721,100,100108,100,100748,100,100070,100,100947,100,99970,100,100951,100,99963,100,101161,100,99951,200
2019-06-28 09:53:39.048929141,100641,198,100571,198,100658,198,100499,100,100676,198,100484,100,100691,198,100383,298,100711,100,100294,198,100721,100,100220,198,100748,100,100108,100,100947,100,100070,100,100951,100,99970,100,101161,100,99963,100
2019-06-28 09:53:40.000000000,100641,198,100571,198,100658,198,100499,198,100676,198,100484,198,100691,198,100383,298,100711,100,100294,100,100721,100,100220,100,100748,100,100108,100,100947,100,100070,100,100951,100,99970,100,101161,100,99963,100
2019-06-28 09:53:47.398063235,100641,98,100571,198,100658,198,100499,198,100676,198,100484,198,100691,198,100383,298,100711,100,100294,100,100721,100,100220,100,100748,100,100108,100,100947,100,100070,100,100951,100,99970,100,101161,100,99963,100
2019-06-28 09:53:50.000000000,100658,178,100571,178,100676,178,100499,178,100691,178,100484,178,100711,178,100383,278,100721,178,100294,178,100748,100,100220,100,100947,100,100108,100,100951,100,100070,100,101161,100,99970,100,101264,100,99963,100
2019-06-28 09:54:00.000000000,100658,233,100571,233,100676,229,100499,229,100691,229,100484,229,100711,100,100383,200,100721,100,100294,100,100748,100,100220,100,100947,100,100108,100,100951,100,100070,100,101161,100,99970,100,101264,100,99963,100
2019-06-28 09:54:07.588055665,100658,233,100571,133,100676,229,100499,229,100691,229,100484,229,100711,100,100383,200,100721,100,100294,100,100748,100,100220,100,100947,100,100108,100,100951,100,100070,100,101161,100,99970,100,101264,100,99963,100
2019-06-28 09:54:10.000000000,100658,233,100499,233,100676,229,100484,229,100691,229,100383,329,100711,100,100294,100,100721,100,100220,100,100748,100,100108,100,100947,100,100070,100,100951,100,99970,100,101161,100,99963,100,101264,100,99951,100
2019-06-28 09:54:18.702182541,100658,233,100499,233,100676,229,100484,229,100691,229,100383,329,100711,100,100294,100,100721,100,100220,100,100748,100,100108,100,100947,100,100070,100,100951,100,100019,100,101161,100,99970,100,101264,100,99963,100
2019-06-28 09:54:20.000000000,100658,198,100499,198,100676,198,100484,198,100691,198,100383,298,100711,198,100294,198,100721,100,100220,100,100748,100,100108,100,100947,100,100070,100,100951,100,100019,100,101161,100,99970,100,101264,100,99963,100
2019-06-28 09:54:30.000000000,100658,492,100499,492,100676,100,100484,100,100691,100,100383,200,100711,100,100294,100,100721,100,100220,100,100748,100,100108,100,100947,100,100070,100,100951,100,100019,100,101161,100,99970,100,101264,100,99963,100
2019-06-28 09:54:33.518922281,100658,492,100499,492,100676,100,100484,100,100691,100,100383,200,100711,100,100294,100,100721,100,100220,100,100739,100,100108,100,100748,100,100019,100,100947,100,99970,100,100951,100,99963,100,101161,100,99951,100
2019-06-28 09:54:36.034875623,100658,492,100499,392,100676,100,100484,100,100691,100,100383,200,100711,100,100294,100,100721,100,100220,100,100739,100,100108,100,100748,100,100019,100,100947,100,99970,100,100951,100,99963,100,101161,100,99951,100
2019-06-28 09:54:38.588563978,100658,492,100499,392,100676,100,100484,100,100691,100,100383,200,100711,100,100306,100,100721,100,100294,100,100739,100,100220,100,100748,100,100108,100,100947,100,100019,100,100951,100,99970,100,101161,100,99963,100
2019-06-28 09:54:40.000000000,100658,492,100484,492,100676,100,100383,200,100691,100,100306,100,100711,100,100294,100,100721,100,100220,100,100739,100,100108,100,100748,100,100019,100,100947,100,99970,100,100951,100,99963,100,101161,100,99951,100
2019-06-28 09:54:50.000000000,100658,492,100484,492,100676,100,100383,200,100691,100,100306,100,100711,100,100294,100,100721,100,100220,100,100739,100,100108,100,100748,100,100019,100,100947,100,99970,100,100951,100,99963,100,101161,100,99951,100
2019-06-28 09:54:58.251283382,100658,492,100484,392,100676,100,100383,200,100691,100,100306,100,100711,100,100294,100,100721,100,100220,100,100739,100,100108,100,100748,100,100070,100,100947,100,100019,100,100951,100,99970,100,101161,100,99963,100
2019-06-28 09:55:00.000000000,100658,198,100383,298,100676,198,100306,198,100691,198,100294,198,100711,198,100220,198,100721,100,100108,100,100739,100,100070,100,100748,100,100019,100,100947,100,99970,100,100951,100,99963,100,101161,100,99951,100
2019-06-28 09:55:10.000000000,100658,296,100383,396,100676,296,100306,296,100691,100,100294,100,100711,100,100220,100,100721,100,100108,100,100739,100,100070,100,100748,100,100019,100,100947,100,99970,100,100951,100,99963,100,101161,100,99951,100
2019-06-28 09:55:20.000000000,100658,492,100383,592,100676,100,100306,100,100691,100,100294,100,100711,100,100220,100,100721,100,100108,100,100739,100,100070,100,100748,100,100019,100,100947,100,99970,100,100951,100,99963,100,101161,100,99951,100
2019-06-28 09:55:30.000000000,100658,178,100383,278,100676,178,100306,178,100691,178,100294,178,100711,178,100220,178,100721,178,100108,178,100739,100,100070,100,100748,100,100019,100,100947,100,99970,100,100951,100,99963,100,101161,100,99951,100
2019-06-28 09:55:37.113114687,100658,178,100383,278,100676,178,100306,178,100691,178,100294,178,100711,178,100220,178,100721,178,100108,178,100739,100,100070,100,100748,100,100019,100,100947,100,99970,100,100951,100,99963,100,101161,100,99951,100
2019-06-28 09:55:40.000000000,100658,492,100383,592,100676,100,100306,100,100691,100,100294,100,100711,100,100220,100,100721,100,100108,100,100739,100,100070,100,100748,100,100019,100,100947,100,99970,100,100951,100,99963,100,101161,100,99951,100
2019-06-28 09:55:50.000000000,100658,233,100383,333,100676,229,100306,229,100691,229,100294,229,100711,100,100220,100,100721,100,100108,100,100739,100,100070,100,100748,100,100019,100,100947,100,99970,100,100951,100,99963,100,101161,100,99951,100
2019-06-28 09:56:00.000000000,100658,178,100383,278,100676,178,100306,178,100691,178,100294,178,100711,178,100220,178,100721,178,100108,178,100739,100,100070,100,100748,100,100019,100,100947,100,99970,100,100951,100,99963,100,101161,100,99951,100
2019-06-28 09:56:10.000000000,100658,296,100383,396,100676,296,100306,296,100691,100,100294,100,100711,100,100220,100,100721,100,100108,100,100739,100,100070,100,100748,100,100019,100,100947,100,99970,100,100951,100,99963,100,101161,100,99951,100
2019-06-28 09:56:20.000000000,100658,198,100383,298,100676,198,100306,198,100691,198,100294,198,100711,198,100220,198,100721,100,100108,100,100739,100,100070,100,100748,100,100019,100,100947,100,99970,100,100951,100,99963,100,101161,100,99951,100
2019-06-28 09:56:24.229511995,100658,198,100383,198,100676,198,100306,198,100691,198,100294,198,100711,198,100220,198,100721,100,100108,100,100739,100,100070,100,100748,100,100019,100,100947,100,99970,100,100951,100,99963,100,101161,100,99951,100
2019-06-28 09:56:30.000000000,100658,233,100383,233,100676,229,100306,229,100691,229,100294,229,100711,100,100220,100,100721,100,100108,100,100739,100,100070,100,100748,100,100019,100,100947,100,99970,100,100951,100,99963,100,101161,100,99951,100
2019-06-28 09:56:40.000000000,100658,198,100383,198,100676,198,100306,198,100691,198,100294,198,100711,198,100220,198,100721,100,100108,100,100739,100,100070,100,100748,100,100019,100,100947,100,99970,100,100951,100,99963,100,101161,100,99951,100
2019-06-28 09:56:50.000000000,100658,492,100383,492,100676,100,100306,100,100691,100,100294,100,100711,100,100220,100,100721,100,100108,100,100739,100,100070,100,100748,100,100019,100,100947,100,99970,100,100951,100,99963,100,101161,100,99951,100
2019-06-28 09:56:57.741123334,100658,492,100416,100,100676,100,100383,492,100691,100,100306,100,100711,100,100294,100,100721,100,100220,100,100739,100,100108,100,100748,100,100070,100,100947,100,100019,100,100951,100,99970,100,101264,100,99963,100
2019-06-28 09:57:00.000000000,100658,178,100416,178,100676,178,100383,178,100691,178,100306,178,100711,178,100294,178,100721,178,100220,178,100739,100,100108,100,100748,100,100070,100,100947,100,100019,100,100951,100,99970,100,101264,100,99963,100
2019-06-28 09:57:06.638371095,100658,178,100523,100,100676,178,100416,178,100691,178,100383,178,100711,178,100306,178,100721,178,100294,178,100739,100,100220,178,100748,100,100108,100,100947,100,100070,100,100951,100,100019,100,101264,100,99970,100
2019-06-28 09:57:10.000000000,100658,492,100523,492,100676,100,100416,100,100691,100,100383,100,100711,100,100306,100,100721,100,100294,100,100739,100,100220,100,100748,100,100108,100,100947,100,100070,100,100951,100,100019,100,101264,100,99970,100
2019-06-28 09:57:20.000000000,100658,198,100523,198,100676,198,100416,198,100691,198,100383,198,100711,198,100306,198,100721,100,100294,100,100739,100,100220,100,100748,100,100108,100,100947,100,100070,100,100951,100,100019,100,101264,100,99970,100
2019-06-28 09:57:30.000000000,100658,198,100523,198,100676,198,100416,198,100691,198,100383,198,100711,198,100306,198,100721,100,100294,100,100739,100,100220,100,100748,100,100108,100,100947,100,100070,100,100951,100,100019,100,101264,100,99970,100
2019-06-28 09:57:40.000000000,100658,233,100523,233,100676,229,100416,229,100691,229,100383,229,100711,100,100306,100,100721,100,100294,100,100739,100,100220,100,100748,100,100108,100,100947,100,100070,100,100951,100,100019,100,101264,100,99970,100
2019-06-28 09:57:50.000000000,100658,296,100523,296,100676,296,100416,296,100691,100,100383,100,100711,100,100306,100,100721,100,100294,100,100739,100,100220,100,100748,100,100108,100,100947,100,100070,100,100951,100,100019,100,101264,100,99970,100
2019-06-28 09:57:55.322137669,100658,196,100523,196,100676,296,100416,296,100691,100,100383,100,100711,100,100306,100,100721,100,100294,100,100739,100,100220,100,100748,100,100108,100,100947,100,100070,100,100951,100,100019,100,101264,100,99970,100
2019-06-28 09:57:56.533214802,100658,196,100523,196,100676,296,100416,296,100691,100,100383,100,100711,100,100306,100,100721,100,100294,100,100748,100,100220,100,100947,100,100108,100,100951,100,100070,100,101264,100,100022,100,,,100019,100
2019-06-28 09:58:00.000000000,100676,296,100416,296,100691,296,100383,296,100711,100,100306,100,100721,100,100294,100,100748,100,100220,100,100947,100,100108,100,100951,100,100070,100,101264,100,100022,100,,,100019,100,,,99970,100
2019-06-28 09:58:10.000000000,100676,492,100416,492,100691,100,100383,100,100711,100,100306,100,100721,100,100294,100,100748,100,100220,100,100947,100,100108,100,100951,100,100070,100,101264,100,100022,100,,,100019,100,,,99970,100
2019-06-28 09:58:11.931139644,100523,100,100416,492,100676,492,100383,100,100691,100,100306,100,100711,100,100294,100,100721,100,100220,100,100748,100,100108,100,100947,100,100070,100,100951,100,100022,100,101264,100,100019,100,,,99970,100
2019-06-28 09:58:20.000000000,100523,198,100416,198,100676,198,100383,198,100691,198,100306,198,100711,198,100294,198,100721,100,100220,100,100748,100,100108,100,100947,100,100070,100,100951,100,100022,100,101264,100,100019,100,,,99970,100
2019-06-28 09:58:30.000000000,100523,198,100416,198,100676,198,100383,198,100691,198,100306,198,100711,198,100294,198,100721,100,100220,100,100748,100,100108,100,100947,100,100070,100,100951,100,100022,100,101264,100,100019,100,,,99970,100
2019-06-28 09:58:33.313867039,100523,298,100416,198,100676,198,100383,198,100691,198,100306,198,100711,198,100294,198,100721,100,100220,100,100748,100,100108,100,100947,100,100070,100,100951,100,100022,100,101264,100,100019,100,,,99970,100
2019-06-28 09:58:38.188353068,100523,298,100416,198,100676,198,100383,198,100691,198,100306,198,100711,98,100294,198,100721,100,100220,100,100748,100,100108,100,100947,100,100070,100,100951,100,100022,100,101264,100,100019,100,,,99970,100
2019-06-28 09:58:40.000000000,100523,396,100416,296,100676,296,100383,296,100691,100,100306,100,100721,100,100294,100,100748,100,100220,100,100947,100,100108,100,100951,100,100070,100,101264,100,100022,100,,,100019,100,,,99970,100
2019-06-28 09:58:50.000000000,100523,333,100416,233,100676,229,100383,229,100691,229,100306,229,100721,100,100294,100,100748,100,100220,100,100947,100,100108,100,100951,100,100070,100,101264,100,100022,100,,,100019,100,,,99970,100
2019-06-28 09:59:00.000000000,100523,396,100416,296,100676,296,100383,296,100691,100,100306,100,100721,100,100294,100,100748,100,100220,100,100947,100,100108,100,100951,100,100070,100,101264,100,100022,100,,,100019,100,,,99970,100
2019-06-28 09:59:10.000000000,100523,592,100416,492,100676,100,100383,100,100691,100,100306,100,100721,100,100294,100,100748,100,100220,100,100947,100,100108,100,100951,100,100070,100,101264,100,100022,100,,,100019,100,,,99970,100
2019-06-28 09:59:17.436522478,100523,592,100416,392,100676,100,100383,100,100691,100,100306,100,100721,100,100294,100,100748,100,100220,100,100947,100,100108,100,100951,100,100022,100,101264,100,100019,100,,,99970,100,,,99963,100
2019-06-28 09:59:17.562126023,100523,592,100416,392,100676,100,100383,100,100691,100,100306,100,100721,100,100294,100,100748,100,100220,100,100947,100,100108,100,100951,100,100022,100,101264,100,100019,100,,,99970,100,,,99963,100
2019-06-28 09:59:18.590912975,100523,592,100416,292,100676,100,100383,100,100691,100,100306,100,100721,100,100294,100,100748,100,100220,100,100947,100,100108,100,100951,100,100022,100,101264,100,100019,100,,,99970,100,,,99963,100
2019-06-28 09:59:20.000000000,100523,333,100383,233,100676,229,100306,229,100691,229,100294,229,100721,100,100220,100,100748,100,100108,100,100947,100,100022,100,100951,100,100019,100,101264,100,99970,100,,,99963,100,,,99951,100
2019-06-28 09:59:24.377991221,100416,100,100383,233,100523,333,100306,229,100676,229,100294,229,100691,229,100220,100,100721,100,100108,100,100748,100,100022,100,100947,100,100019,100,100951,100,99970,100,101264,100,99963,100,,,99951,100
2019-06-28 09:59:24.640073341,100416,100,100383,233,100523,333,100306,229,100676,229,100294,229,100691,229,100220,100,100721,100,100108,100,100748,100,100022,100,100947,100,100019,100,100951,100,99970,100,101264,100,99963,100,,,99951,100
2019-06-28 09:59:25.368780456,100416,100,100383,133,100523,333,100306,229,100676,229,100294,229,100691,229,100220,100,100721,100,100108,100,100748,100,100022,100,100947,100,100019,100,100951,100,99970,100,,,99963,100,,,99951,100
2019-06-28 09:59:30.000000000,100416,296,100306,296,100523,396,100294,296,100676,100,100220,100,100691,100,100108,100,100721,100,100022,100,100748,100,100019,100,100947,100,99970,100,100951,100,99963,100,,,99951,100,,,99926,100
2019-06-28 09:59:35.870486701,100416,296,100306,196,100523,396,100294,296,100676,100,100220,100,100691,100,100108,100,100721,100,100022,100,100748,100,100019,100,100951,100,99970,100,,,99963,100,,,99951,100,,,99926,100
2019-06-28 09:59:40.000000000,100416,492,100294,492,100523,200,100220,100,100676,100,100108,100,100691,100,100022,100,100721,100,100019,100,100748,100,99970,100,100951,100,99963,100,,,99951,100,,,99926,100,,,99908,100
2019-06-28 09:59:47.286800744,100416,492,100294,392,100523,200,100220,100,100676,100,100108,100,100691,100,100022,100,100721,100,100019,100,100748,100,99970,100,100951,100,99963,100,,,99951,100,,,99926,100,,,99908,100
2019-06-28 09:59:50.000000000,100416,492,100220,492,100523,200,100108,100,100676,100,100022,100,100691,100,100019,100,100721,100,99970,100,100748,100,99963,100,100951,100,99951,100,,,99926,100,,,99908,100,,,99869,100
2019-06-28 10:00:00.000000000,100416,178,100220,178,100523,278,100108,178,100676,178,100022,178,100691,178,100019,178,100721,178,99970,178,100748,100,99963,100,100951,100,99951,100,,,99926,100,,,99908,100,,,99869,100
2019-06-28 10:00:10.000000000,100416,296,100220,296,100523,396,100108,296,100676,100,100022,100,100691,100,100019,100,100721,100,99970,100,100748,100,99963,100,100951,100,99951,100,,,99926,100,,,99908,100,,,99869,100
2019-06-28 10:00:18.686579878,100416,296,100220,196,100523,396,100108,296,100676,100,100022,100,100691,100,99970,100,100721,100,99963,100,100748,100,99951,100,100951,100,99926,100,,,99908,100,,,99869,100,,,99862,100
2019-06-28 10:00:20.000000000,100416,198,100108,198,100523,298,100022,198,100676,198,99970,198,100691,198,99963,198,100721,100,99951,100,100748,100,99926,100,100951,100,99908,100,,,99869,100,,,99862,100,,,99830,100
2019-06-28 10:00:30.000000000,100416,198,100108,198,100523,298,100022,198,100676,198,99970,198,100691,198,99963,198,100721,100,99951,100,100748,100,99926,100,100951,100,99908,100,,,99869,100,,,99862,100,,,99830,100
2019-06-28 10:00:39.770107742,100416,198,100108,198,100523,298,100022,198,100676,198,99970,198,100691,198,99963,198,100721,100,99951,100,100748,100,99926,100,100951,100,99908,100,,,99869,100,,,99862,100,,,99830,100
2019-06-28 10:00:40.000000000,100416,492,100108,492,100523,200,100022,100,100676,100,99970,100,100691,100,99963,100,100721,100,99951,100,100748,100,99926,100,100951,100,99908,100,,,99869,100,,,99862,100,,,99830,100
2019-06-28 10:00:50.000000000,100416,492,100108,492,100523,200,100022,100,100676,100,99970,100,100691,100,99963,100,100721,100,99951,100,100748,100,99926,100,100951,100,99908,100,,,99869,100,,,99862,100,,,99830,100
2019-06-28 10:01:00.000000000,100416,178,100108,178,100523,278,100022,178,100676,178,99970,178,100691,178,99963,178,100721,178,99951,178,100748,100,99926,100,100951,100,99908,100,,,99869,100,,,99862,100,,,99830,100
2019-06-28 10:01:10.000000000,100416,233,100108,233,100523,329,100022,229,100676,229,99970,229,100691,100,99963,100,100721,100,99951,100,100748,100,99926,100,100951,100,99908,100,,,99869,100,,,99862,100,,,99830,100
2019-06-28 10:01:19.963255574,100416,233,100108,233,100523,329,100022,229,100676,229,99970,229,100691,100,99963,100,100721,100,99951,100,100748,100,99926,100,100951,100,99908,100,,,99869,100,,,99862,100,,,99830,100
2019-06-28 10:01:20.000000000,100416,233,100108,233,100523,329,100022,229,100676,229,99970,229,100691,100,99963,100,100721,100,99951,100,100748,100,99926,100,100951,100,99908,100,,,99869,100,,,99862,100,,,99830,100
2019-06-28 10:01:20.965210685,100416,233,100108,133,100523,329,100022,229,100676,229,99970,229,100691,100,99963,100,100748,100,99951,100,100951,100,99926,100,,,99908,100,,,99869,100,,,99862,100,,,99830,100
2019-06-28 10:01:30.000000000,100416,233,100022,233,100523,329,99970,229,100676,229,99963,229,100691,100,99951,100,100748,100,99926,100,100951,100,99908,100,,,99869,100,,,99862,100,,,99830,100,,,99796,100
2019-06-28 10:01:40.000000000,100416,178,100022,178,100523,278,99970,178,100676,178,99963,178,100691,178,99951,178,100748,178,99926,178,100951,100,99908,100,,,99869,100,,,99862,100,,,99830,100,,,99796,100
2019-06-28 10:01:50.000000000,100416,492,100022,492,100523,200,99970,100,100676,100,99963,100,100691,100,99951,100,100748,100,99926,100,100951,100,99908,100,,,99869,100,,,99862,100,,,99830,100,,,99796,100
2019-06-28 10:01:50.097314498,100416,492,100022,392,100523,200,99970,100,100676,100,99963,100,100691,100,99951,100,100748,100,99926,100,100951,100,99908,100,,,99869,100,,,99862,100,,,99830,100,,,99796,100
2019-06-28 10:01:59.088957111,100416,492,100022,392,100523,200,99970,100,100676,100,99963,100,100691,100,99951,100,100748,100,99926,100,100951,100,99908,100,,,99869,100,,,99862,100,,,99830,100,,,99796,100
2019-06-28 10:02:00.000000000,100416,178,99970,178,100523,278,99963,178,100676,178,99951,178,100691,178,99926,178,100748,178,99908,178,100951,100,99869,100,,,99862,100,,,99830,100,,,99796,100,,,99760,100
2019-06-28 10:02:08.850056877,100416,178,99970,78,100523,278,99963,178,100676,178,99951,178,100691,178,99926,178,100748,178,99908,178,100951,100,99869,100,,,99862,100,,,99830,100,,,99796,100,,,99760,100
2019-06-28 10:02:10.000000000,100416,178,99963,178,100523,278,99951,178,100676,178,99926,178,100691,178,99908,178,100748,178,99869,178,100951,100,99862,100,,,99830,100,,,99796,100,,,99760,100,,,99681,100
2019-06-28 10:02:20.000000000,100416,178,99963,178,100523,278,99951,178,100676,178,99926,178,100691,178,99908,178,100748,178,99869,178,100951,100,99862,100,,,99830,100,,,99796,100,,,99760,100,,,99681,100
2019-06-28 10:02:25.230125417,100416,178,99963,78,100523,278,99951,178,100676,178,99926,178,100691,178,99908,78,100748,178,99869,178,100951,100,99862,100,,,99830,100,,,99796,100,,,99760,100,,,99681,100
2019-06-28 10:02:30.000000000,100416,198,99951,198,100523,298,99926,198,100676,198,99869,198,100691,198,99862,198,100748,100,99830,100,100951,100,99796,100,,,99760,100,,,99681,100,,,99667,100,,,99508,100
2019-06-28 10:02:30.542282922,100124,100,99951,198,100416,198,99926,198,100523,298,99869,198,100676,198,99862,198,100691,198,99830,100,100748,100,99796,100,100951,100,99760,100,,,99681,100,,,99667,100,,,99508,100
2019-06-28 10:02:40.000000000,100124,198,99951,198,100416,198,99926,198,100523,298,99869,198,100676,198,99862,198,100691,100,99830,100,100748,100,99796,100,100951,100,99760,100,,,99681,100,,,99667,100,,,99508,100
2019-06-28 10:02:42.832648215,100124,198,99951,198,100167,100,99926,198,100416,198,99869,198,100523,298,99862,198,100676,198,99830,100,100691,100,99796,100,100748,100,99760,100,100951,100,99681,100,,,99667,100,,,99508,100
2019-06-28 10:02:43.551375309,100124,198,99951,198,100167,100,99926,198,100416,198,99869,198,100523,298,99862,198,100676,198,99830,100,100691,100,99796,100,100748,100,99760,100,100951,100,99742,100,,,99681,100,,,99667,100
2019-06-28 10:02:46.218691151,100124,198,99951,198,100167,100,99926,198,100416,198,99869,198,100523,298,99868,100,100676,198,99862,198,100691,100,99830,100,100748,100,99796,100,100951,100,99760,100,,,99742,100,,,99681,100
2019-06-28 10:02:50.000000000,100124,233,99951,233,100167,229,99926,229,100416,229,99869,229,100523,200,99868,100,100676,100,99862,100,100691,100,99830,100,100748,100,99796,100,100951,100,99760,100,,,99742,100,,,99681,100
2019-06-28 10:02:52.689814905,100124,233,99992,100,100167,229,99951,233,100416,229,99926,229,100523,200,99869,229,100676,100,99868,100,100691,100,99862,100,100748,100,99830,100,100951,100,99796,100,,,99760,100,,,99742,100
2019-06-28 10:03:00.000000000,100124,233,99992,233,100167,229,99951,229,100416,229,99926,229,100523,200,99869,100,100676,100,99868,100,100691,100,99862,100,100748,100,99830,100,100951,100,99796,100,,,99760,100,,,99742,100
2019-06-28 10:03:10.000000000,100124,296,99992,296,100167,296,99951,296,100416,100,99926,100,100523,200,99869,100,100676,100,99868,100,100691,100,99862,100,100748,100,99830,100,100951,100,99796,100,,,99760,100,,,99742,100
2019-06-28 10:03:20.000000000,100124,492,99992,492,100167,100,99951,100,100416,100,99926,100,100523,200,99869,100,100676,100,99868,100,100691,100,99862,100,100748,100,99830,100,100951,100,99796,100,,,99760,100,,,99742,100
2019-06-28 10:03:30.000000000,100124,178,99992,178,100167,178,99951,178,100416,178,99926,178,100523,278,99869,178,100676,178,99868,178,100691,100,99862,100,100748,100,99830,100,100951,100,99796,100,,,99760,100,,,99742,100
2019-06-28 10:03:37.909572570,100124,178,99992,178,100167,178,99951,178,100416,178,99933,100,100523,278,99926,178,100676,178,99869,178,100691,100,99868,178,100748,100,99862,100,100951,100,99830,100,,,99796,100,,,99760,100
2019-06-28 10:03:40.000000000,100124,492,99992,492,100167,100,99951,100,100416,100,99933,100,100523,200,99926,100,100676,100,99869,100,100691,100,99868,100,100748,100,99862,100,100951,100,99830,100,,,99796,100,,,99760,100
2019-06-28 10:03:50.000000000,100124,233,99992,233,100167,229,99951,229,100416,229,99933,229,100523,200,99926,100,100676,100,99869,100,100691,100,99868,100,100748,100,99862,100,100951,100,99830,100,,,99796,100,,,99760,100
2019-06-28 10:04:00.000000000,100124,178,99992,178,100167,178,99951,178,100416,178,99933,178,100523,278,99926,178,100676,178,99869,178,100691,100,99868,100,100748,100,99862,100,100951,100,99830,100,,,99796,100,,,99760,100
2019-06-28 10:04:10.000000000,100124,296,99992,296,100167,296,99951,296,100416,100,99933,100,100523,200,99926,100,100676,100,99869,100,100691,100,99868,100,100748,100,99862,100,100951,100,99830,100,,,99796,100,,,99760,100
2019-06-28 10:04:20.000000000,100124,198,99992,198,100167,198,99951,198,100416,198,99933,198,100523,298,99926,198,100676,100,99869,100,100691,100,99868,100,100748,100,99862,100,100951,100,99830,100,,,99796,100,,,99760,100
2019-06-28 10:04:30.000000000,100124,492,99992,492,100167,100,99951,100,100416,100,99933,100,100523,200,99926,100,100676,100,99869,100,100691,100,99868,100,100748,100,99862,100,100951,100,99830,100,,,99796,100,,,99760,100
2019-06-28 10:04:40.000000000,100124,198,99992,198,100167,198,99951,198,100416,198,99933,198,100523,298,99926,198,100676,100,99869,100,100691,100,99868,100,100748,100,99862,100,100951,100,99830,100,,,99796,100,,,99760,100
2019-06-28 10:04:50.000000000,100124,492,99992,492,100167,100,99951,100,100416,100,99933,100,100523,200,99926,100,100676,100,99869,100,100691,100,99868,100,100748,100,99862,100,100951,100,99830,100,,,99796,100,,,99760,100
2019-06-28 10:04:55.841895972,100124,492,99992,492,100167,100,99971,100,100416,100,99951,100,100523,200,99933,100,100676,100,99926,100,100691,100,99869,100,100748,100,99868,100,100951,100,99862,100,,,99830,100,,,99796,100
2019-06-28 10:04:59.470738665,100124,492,99992,492,100167,100,99971,100,100523,200,99951,100,100676,100,99933,100,100691,100,99926,100,100748,100,99869,100,100951,100,99868,100,,,99862,100,,,99830,100,,,99796,100
2019-06-28 10:05:00.000000000,100124,492,99992,492,100167,100,99971,100,100523,200,99951,100,100676,100,99933,100,100691,100,99926,100,100748,100,99869,100,100951,100,99868,100,,,99862,100,,,99830,100,,,99796,100
2019-06-28 10:05:09.121714040,100124,492,99992,492,100167,100,99971,200,100523,200,99951,100,100676,100,99933,100,100691,100,99926,100,100748,100,99869,100,100951,100,99868,100,,,99862,100,,,99830,100,,,99796,100
2019-06-28 10:05:10.000000000,100124,233,99992,233,100167,229,99971,329,100523,329,99951,229,100676,100,99933,100,100691,100,99926,100,100748,100,99869,100,100951,100,99868,100,,,99862,100,,,99830,100,,,99796,100
2019-06-28 10:05:20.000000000,100124,233,99992,233,100167,229,99971,329,100523,329,99951,229,100676,100,99933,100,100691,100,99926,100,100748,100,99869,100,100951,100,99868,100,,,99862,100,,,99830,100,,,99796,100
2019-06-28 10:05:30.000000000,100124,178,99992,178,100167,178,99971,278,100523,278,99951,178,100676,178,99933,178,100691,178,99926,178,100748,100,99869,100,100951,100,99868,100,,,99862,100,,,99830,100,,,99796,100
2019-06-28 10:05:40.000000000,100124,296,99992,296,100167,296,99971,396,100523,200,99951,100,100676,100,99933,100,100691,100,99926,100,100748,100,99869,100,100951,100,99868,100,,,99862,100,,,99830,100,,,99796,100
2019-06-28 10:05:45.271241128,100124,196,99992,296,100167,296,99971,396,100523,200,99951,100,100676,100,99933,100,100691,100,99926,100,100748,100,99869,100,100951,100,99868,100,,,99862,100,,,99830,100,,,99760,100
2019-06-28 10:05:50.000000000,100167,296,99992,296,100523,396,99971,396,100676,100,99951,100,100691,100,99933,100,100748,100,99926,100,100951,100,99869,100,,,99868,100,,,99862,100,,,99830,100,,,99760,100
2019-06-28 10:06:00.000000000,100167,233,99992,233,100523,329,99971,329,100676,229,99951,229,100691,100,99933,100,100748,100,99926,100,100951,100,99869,100,,,99868,100,,,99862,100,,,99830,100,,,99760,100
2019-06-28 10:06:00.017541463,100167,233,99992,233,100523,329,99971,229,100676,229,99951,229,100691,100,99933,100,100748,100,99926,100,100951,100,99869,100,,,99868,100,,,99862,100,,,99830,100,,,99760,100
2019-06-28 10:06:05.605445821,100167,133,99992,233,100523,329,99971,229,100676,229,99951,229,100748,100,99933,100,100951,100,99926,100,,,99869,100,,,99868,100,,,99862,100,,,99830,100,,,99760,100
2019-06-28 10:06:10.000000000,100523,333,99992,233,100676,229,99971,229,100748,229,99951,229,100951,100,99933,100,,,99926,100,,,99869,100,,,99868,100,,,99862,100,,,99830,100,,,99760,100
2019-06-28 10:06:13.549200641,100523,233,99992,233,100676,229,99971,229,100748,229,99951,229,100951,100,99933,100,,,99926,100,,,99869,100,,,99868,100,,,99862,100,,,99830,100,,,99760,100
2019-06-28 10:06:20.000000000,100523,233,99992,233,100676,229,99971,229,100748,229,99951,229,100951,100,99933,100,,,99926,100,,,99869,100,,,99868,100,,,99862,100,,,99830,100,,,99760,100
2019-06-28 10:06:23.517182899,100523,233,100167,100,100676,229,99992,233,100748,229,99971,229,100951,100,99951,229,,,99933,100,,,99926,100,,,99869,100,,,99868,100,,,99862,100,,,99830,100
2019-06-28 10:06:25.669523736,100523,133,100167,100,100676,229,99992,233,100748,229,99971,229,100951,100,99951,229,,,99933,100,,,99926,100,,,99869,100,,,99868,100,,,99862,100,,,99830,100
2019-06-28 10:06:30.000000000,100676,296,100167,296,100748,296,99992,296,100951,100,99971,100,,,99951,100,,,99933,100,,,99926,100,,,99869,100,,,99868,100,,,99862,100,,,99830,100
2019-06-28 10:06:40.000000000,100676,198,100167,198,100748,198,99992,198,100951,198,99971,198,100952,98,99951,198,,,99933,100,,,99926,100,,,99869,100,,,99868,100,,,99862,100,,,99830,100
2019-06-28 10:06:40.406393311,100676,98,100167,198,100748,198,99992,198,100951,198,99971,198,100952,98,99951,198,,,99933,100,,,99926,100,,,99869,100,,,99868,100,,,99862,100,,,99830,100
2019-06-28 10:06:41.090267808,100748,198,100676,2,100951,198,100167,198,100952,98,99992,198,,,99971,198,,,99951,198,,,99933,100,,,99926,100,,,99869,100,,,99868,100,,,99862,100
2019-06-28 10:06:48.520057971,100748,98,100676,2,100951,198,100167,198,100952,98,99992,198,,,99971,198,,,99951,198,,,99933,100,,,99926,100,,,99869,100,,,99868,100,,,99862,100
2019-06-28 10:06:50.000000000,100951,233,100676,135,100952,129,100167,229,,,99992,229,,,99971,100,,,99951,100,,,99933,100,,,99926,100,,,99869,100,,,99868,100,,,99862,100
2019-06-28 10:06:50.354342406,100951,233,100676,235,100952,129,100167,229,,,99992,229,,,99971,100,,,99951,100,,,99933,100,,,99926,100,,,99869,100,,,99868,100,,,99862,100
2019-06-28 10:07:00.000000000,100951,233,100676,235,100952,129,100167,229,,,99992,229,,,99971,100,,,99951,100,,,99933,100,,,99926,100,,,99869,100,,,99868,100,,,99862,100
2019-06-28 10:07:10.000000000,100951,492,100676,494,,,100167,100,,,99992,100,,,99971,100,,,99951,100,,,99933,100,,,99926,100,,,99869,100,,,99868,100,,,99862,100
2019-06-28 10:07:20.000000000,100951,233,100676,235,100952,129,100167,229,,,99992,229,,,99971,100,,,99951,100,,,99933,100,,,99926,100,,,99869,100,,,99868,100,,,99862,100
2019-06-28 10:07:20.855290616,100951,233,100676,235,100952,129,100167,229,101429,100,99992,229,,,99971,100,,,99951,100,,,99933,100,,,99926,100,,,99869,100,,,99868,100,,,99862,100
2019-06-28 10:07:25.421753690,100951,233,100878,100,100952,129,100676,235,101429,100,100167,229,,,99992,229,,,99971,100,,,99951,100,,,99933,100,,,99926,100,,,99869,100,,,99868,100
2019-06-28 10:07:30.000000000,100951,198,100878,198,101429,198,100676,200,101430,98,100167,198,,,99992,198,,,99971,100,,,99951,100,,,99933,100,,,99926,100,,,99869,100,,,99868,100
2019-06-28 10:07:35.037304418,100951,198,100878,198,101157,100,100676,200,101429,198,100167,198,101430,98,99992,198,,,99971,100,,,99933,100,,,99926,100,,,99869,100,,,99868,100,,,99862,100
2019-06-28 10:07:40.000000000,100951,233,100878,233,101157,229,100676,231,101429,229,100167,229,,,99992,100,,,99971,100,,,99933,100,,,99926,100,,,99869,100,,,99868,100,,,99862,100
2019-06-28 10:07:50.000000000,100951,296,100878,296,101157,296,100676,298,101429,100,100167,100,,,99992,100,,,99971,100,,,99933,100,,,99926,100,,,99869,100,,,99868,100,,,99862,100
2019-06-28 10:07:55.418669147,100951,296,100878,296,101157,296,100767,100,101429,100,100676,298,,,100167,100,,,99992,100,,,99971,100,,,99933,100,,,99926,100,,,99869,100,,,99868,100
2019-06-28 10:08:00.000000000,100951,492,100878,492,101157,100,100767,100,101429,100,100676,102,,,100167,100,,,99992,100,,,99971,100,,,99933,100,,,99926,100,,,99869,100,,,99868,100
2019-06-28 10:08:04.096604551,100951,492,100878,492,101157,100,100767,100,101429,100,100676,202,,,100167,100,,,99992,100,,,99971,100,,,99933,100,,,99926,100,,,99869,100,,,99868,100
2019-06-28 10:08:06.833569711,100951,492,100878,492,101157,100,100767,100,101429,100,100676,202,,,100521,100,,,100167,100,,,99992,100,,,99971,100,,,99933,100,,,99926,100,,,99869,100
2019-06-28 10:08:10.000000000,100951,296,100878,296,101157,296,100767,296,101429,100,100676,202,,,100521,100,,,100167,100,,,99992,100,,,99971,100,,,99933,100,,,99926,100,,,99869,100
2019-06-28 10:08:20.000000000,100951,233,100878,233,101157,229,100767,229,101429,229,100676,331,,,100521,100,,,100167,100,,,99992,100,,,99971,100,,,99933,100,,,99926,100,,,99869,100
2019-06-28 10:08:30.000000000,100951,198,100878,198,101157,198,100767,198,101429,198,100676,300,101430,98,100521,198,,,100167,100,,,99992,100,,,99971,100,,,99933,100,,,99926,100,,,99869,100
2019-06-28 10:08:36.685044212,100951,198,100878,198,101157,198,100767,198,101429,198,100676,300,101430,98,100521,198,102270,100,100167,100,,,99992,100,,,99971,100,,,99933,100,,,99926,100,,,99869,100
2019-06-28 10:08:40.000000000,100951,492,100878,492,101157,100,100767,100,101429,100,100676,202,102270,100,100521,100,,,100167,100,,,99992,100,,,99971,100,,,99933,100,,,99926,100,,,99869,100
2019-06-28 10:08:41.048588197,100951,392,100878,492,101157,100,100767,100,101429,100,100676,202,102270,100,100521,100,,,100167,100,,,99992,100,,,99971,100,,,99933,100,,,99926,100,,,99869,100
2019-06-28 10:08:50.000000000,101157,492,100878,492,101429,100,100767,100,102270,100,100676,202,,,100521,100,,,100167,100,,,99992,100,,,99971,100,,,99933,100,,,99926,100,,,99869,100
2019-06-28 10:09:00.000000000,101157,178,100878,178,101429,178,100767,178,102270,178,100676,280,102271,78,100521,178,,,100167,178,,,99992,100,,,99971,100,,,99933,100,,,99926,100,,,99869,100
2019-06-28 10:09:10.000000000,101157,178,100878,178,101429,178,100767,178,102270,178,100676,280,102271,78,100521,178,,,100167,178,,,99992,100,,,99971,100,,,99933,100,,,99926,100,,,99869,100
2019-06-28 10:09:20.000000000,101157,178,100878,178,101429,178,100767,178,102270,178,100676,280,102271,78,100521,178,,,100167,178,,,99992,100,,,99971,100,,,99933,100,,,99926,100,,,99869,100
2019-06-28 10:09:30.000000000,101157,296,100878,296,101429,296,100767,296,102270,100,100676,202,,,100521,100,,,100167,100,,,99992,100,,,99971,100,,,99933,100,,,99926,100,,,99869,100
2019-06-28 10:09:40.000000000,101157,296,100878,296,101429,296,100767,296,102270,100,100676,202,,,100521,100,,,100167,100,,,99992,100,,,99971,100,,,99933,100,,,99926,100,,,99869,100
2019-06-28 10:09:50.000000000,101157,178,100878,178,101429,178,100767,178,102270,178,100676,280,102271,78,100521,178,,,100167,178,,,99992,100,,,99971,100,,,99933,100,,,99926,100,,,99869,100
2019-06-28 10:09:51.676967611,101157,178,100878,178,101313,100,100767,178,101429,178,100676,280,102270,178,100521,178,102271,78,100167,178,,,99992,100,,,99971,100,,,99933,100,,,99926,100,,,99869,100
2019-06-28 10:10:00.000000000,101157,178,100878,178,101313,178,100767,178,101429,178,100676,280,102270,178,100521,178,102271,78,100167,178,,,99992,100,,,99971,100,,,99933,100,,,99926,100,,,99869,100
2019-06-28 10:10:06.682363687,101157,178,100878,178,101217,100,100767,178,101313,178,100676,280,101429,178,100521,178,102270,78,100167,178,102271,78,99992,100,,,99971,100,,,99933,100,,,99926,100,,,99869,100
2019-06-28 10:10:10.000000000,101157,198,100878,198,101217,198,100767,198,101313,198,100676,300,101429,198,100521,198,,,100167,100,,,99992,100,,,99971,100,,,99933,100,,,99926,100,,,99869,100
2019-06-28 10:10:20.000000000,101157,296,100878,296,101217,296,100767,296,101313,100,100676,202,101429,100,100521,100,,,100167,100,,,99992,100,,,99971,100,,,99933,100,,,99926,100,,,99869,100
2019-06-28 10:10:30.000000000,101157,296,100878,296,101217,296,100767,296,101313,100,100676,202,101429,100,100521,100,,,100167,100,,,99992,100,,,99971,100,,,99933,100,,,99926,100,,,99869,100
2019-06-28 10:10:40.000000000,101157,296,100878,296,101217,296,100767,296,101313,100,100676,202,101429,100,100521,100,,,100167,100,,,99992,100,,,99971,100,,,99933,100,,,99926,100,,,99869,100
2019-06-28 10:10:50.000000000,101157,198,100878,198,101217,198,100767,198,101313,198,100676,300,101429,198,100521,198,,,100167,100,,,99992,100,,,99971,100,,,99933,100,,,99926,100,,,99869,100
