,ask_price_1,ask_size_1,bid_price_1,bid_size_1,ask_price_2,ask_size_2,bid_price_2,bid_size_2,ask_price_3,ask_size_3,bid_price_3,bid_size_3,ask_price_4,ask_size_4,bid_price_4,bid_size_4,ask_price_5,ask_size_5,bid_price_5,bid_size_5,ask_price_6,ask_size_6,bid_price_6,bid_size_6,ask_price_7,ask_size_7,bid_price_7,bid_size_7,ask_price_8,ask_size_8,bid_price_8,bid_size_8,ask_price_9,ask_size_9,bid_price_9,bid_size_9,ask_price_10,ask_size_10,bid_price_10,bid_size_10
2019-06-28 09:30:00.000000000,99952,100,99928,100,,,,,,,,,,,,,,,,,,,,,,,,,,,,,,,,,,,,
2019-06-28 09:30:00.000000002,99952,100,99928,100,100033,100,,,,,,,,,,,,,,,,,,,,,,,,,,,,,,,,,,
2019-06-28 09:30:00.000000003,99952,100,99928,100,100033,100,,,100070,100,,,,,,,,,,,,,,,,,,,,,,,,,,,,,,
2019-06-28 09:30:00.000000004,99952,100,99928,100,100033,100,,,100056,100,,,100070,100,,,,,,,,,,,,,,,,,,,,,,,,,,
2019-06-28 09:30:00.000000006,99952,100,99928,100,100033,100,99914,100,100056,100,99820,100,100070,100,,,,,,,,,,,,,,,,,,,,,,,,,,
2019-06-28 09:30:00.000000008,99952,100,99928,100,100033,100,99914,100,100043,100,99911,100,100056,100,99820,100,100070,100,,,,,,,,,,,,,,,,,,,,,,
2019-06-28 09:30:00.000000009,99952,100,99928,100,100033,100,99914,100,100043,100,99911,100,100056,100,99820,100,100070,100,,,100098,100,,,,,,,,,,,,,,,,,,
2019-06-28 09:30:00.000000013,99952,100,99928,100,100033,100,99914,100,100043,100,99911,100,100056,100,99852,100,100070,100,99820,100,100095,100,,,100098,100,,,,,,,,,,,,,,
2019-06-28 09:30:00.000000014,99952,100,99928,100,100033,100,99914,100,100043,100,99911,100,100056,100,99893,100,100070,100,99852,100,100095,100,99820,100,100098,100,,,,,,,,,,,,,,
2019-06-28 09:30:00.000000017,99952,100,99928,100,100033,100,99914,100,100043,100,99911,100,100056,100,99893,100,100070,100,99852,100,100095,100,99820,100,100098,100,,,100178,100,,,100225,100,,,,,,
2019-06-28 09:30:00.000000021,99952,100,99930,100,100033,100,99928,100,100043,100,99914,100,100056,100,99911,100,100070,100,99893,100,100095,100,99852,100,100098,100,99820,100,100178,100,,,100225,100,,,,,,
2019-06-28 09:30:00.000000023,99952,100,99930,100,99999,100,99928,100,100033,100,99914,100,100043,100,99911,100,100056,100,99893,100,100066,100,99852,100,100070,100,99820,100,100095,100,,,100098,100,,,100178,100,,
2019-06-28 09:30:00.000000026,99999,100,99930,100,100033,100,99928,100,100043,100,99914,100,100056,100,99911,100,100066,100,99893,100,100070,100,99852,100,100095,100,99820,100,100098,100,,,100178,100,,,100225,100,,
2019-06-28 09:30:00.000000027,99999,100,99993,100,100033,100,99930,100,100043,100,99928,100,100056,100,99914,100,100066,100,99911,100,100070,100,99893,100,100095,100,99852,100,100098,100,99820,100,100178,100,,,100225,100,,
2019-06-28 09:30:00.000000028,99999,100,99993,100,100033,100,99945,100,100043,100,99930,100,100056,100,99928,100,100066,100,99914,100,100070,100,99911,100,100095,100,99893,100,100098,100,99892,100,100178,100,99852,100,100225,100,99820,100
2019-06-28 09:30:00.000000030,99999,100,99945,100,100033,100,99930,100,100043,100,99928,100,100056,100,99914,100,100066,100,99911,100,100070,100,99893,100,100095,100,99892,100,100098,100,99852,100,100164,100,99820,100,100178,100,,
2019-06-28 09:30:00.000000031,99999,100,99952,100,100033,100,99945,100,100043,100,99930,100,100056,100,99928,100,100066,100,99914,100,100070,100,99911,100,100095,100,99893,100,100098,100,99892,100,100164,100,99852,100,100178,100,99820,100
2019-06-28 09:30:00.000000035,99999,100,99952,100,100033,100,99945,100,100043,100,99930,100,100056,100,99928,100,100063,100,99914,100,100066,100,99911,100,100070,100,99893,100,100095,100,99892,100,100098,100,99852,100,100164,100,99820,100
2019-06-28 09:30:00.000000042,99999,100,99952,100,100033,100,99945,100,100043,100,99930,200,100056,100,99928,100,100063,100,99914,100,100066,100,99911,100,100070,100,99893,100,100095,100,99892,100,100098,100,99852,100,100164,100,99820,100
2019-06-28 09:30:00.000000043,99999,100,99952,100,100033,100,99945,100,100043,100,99930,200,100056,100,99928,100,100063,100,99923,100,100066,100,99914,100,100070,100,99911,100,100095,100,99893,100,100098,100,99892,100,100164,100,99852,100
2019-06-28 09:30:00.000000044,99999,100,99945,100,100033,100,99930,200,100043,100,99928,100,100056,100,99923,100,100063,100,99914,100,100066,100,99911,100,100070,100,99893,100,100095,100,99892,100,100098,100,99852,100,100164,100,99820,100
2019-06-28 09:30:00.000000045,99999,100,99945,100,100033,100,99930,200,100043,100,99928,100,100056,100,99923,100,100063,100,99914,100,100066,100,99911,100,100070,100,99893,100,100095,100,99892,100,100098,100,99852,100,100164,100,99820,100
2019-06-28 09:30:00.000000046,99999,100,99952,100,100033,100,99945,100,100043,100,99930,200,100056,100,99928,100,100063,100,99923,100,100066,100,99914,100,100070,100,99911,100,100095,100,99893,100,100098,100,99892,100,100164,100,99852,100
2019-06-28 09:30:00.000000048,100033,100,99953,100,100043,100,99952,100,100056,100,99945,100,100063,100,99930,200,100066,100,99928,100,100070,100,99923,100,100095,100,99914,100,100098,100,99911,100,100164,100,99893,100,100178,100,99892,100
2019-06-28 09:30:00.000000051,100033,100,99996,100,100043,100,99953,100,100056,100,99952,100,100063,100,99945,100,100066,100,99930,200,100070,100,99928,100,100095,100,99923,100,100098,100,99914,100,100164,100,99911,100,100178,100,99893,100
2019-06-28 09:30:00.000000053,100033,100,99996,100,100043,100,99953,100,100056,100,99952,100,100063,100,99945,100,100066,100,99930,200,100070,100,99928,100,100095,100,99923,100,100098,100,99914,100,100164,100,99911,100,100178,100,99893,100
2019-06-28 09:30:00.000000054,100033,100,99996,100,100043,100,99953,200,100056,100,99952,100,100063,100,99945,100,100066,100,99930,200,100070,100,99928,100,100095,100,99923,100,100098,100,99914,100,100164,100,99911,100,100178,100,99893,100
2019-06-28 09:30:00.000000055,100033,100,99996,100,100043,100,99953,200,100056,100,99952,100,100063,100,99945,100,100066,100,99930,200,100070,100,99928,100,100095,100,99923,100,100098,100,99914,100,100164,100,99911,100,100178,100,99893,100
2019-06-28 09:30:00.000000056,100027,100,99996,100,100033,100,99953,200,100043,100,99952,100,100056,100,99945,100,100063,100,99930,200,100066,100,99928,100,100070,100,99923,100,100095,100,99914,100,100098,100,99911,100,100164,100,99893,100
2019-06-28 09:30:00.000000057,100027,100,99996,100,100033,100,99953,300,100043,100,99952,100,100056,100,99945,100,100063,100,99930,200,100066,100,99928,100,100070,100,99923,100,100095,100,99914,100,100098,100,99911,100,100164,100,99893,100
2019-06-28 09:30:00.000000059,100027,100,99996,100,100033,100,99953,300,100043,100,99952,100,100056,100,99945,100,100063,100,99930,200,100066,100,99928,100,100070,100,99923,100,100095,100,99914,100,100098,100,99911,100,100164,100,99893,100
2019-06-28 09:30:00.000000060,100000,100,99996,100,100027,100,99953,300,100033,100,99952,100,100043,100,99945,100,100056,100,99939,100,100063,100,99930,200,100066,100,99928,100,100070,100,99923,100,100095,100,99914,100,100098,100,99911,100
2019-06-28 09:30:00.000000066,100000,100,99996,100,100027,100,99976,100,100033,100,99953,300,100043,100,99952,100,100056,100,99945,100,100063,100,99939,100,100066,100,99930,200,100070,100,99928,100,100095,100,99923,100,100098,100,99914,100
2019-06-28 09:30:00.000000069,100000,100,99976,100,100027,100,99953,300,100033,100,99952,100,100043,100,99945,100,100056,100,99939,100,100063,100,99930,200,100066,100,99928,100,100070,100,99923,100,100095,100,99916,100,100098,100,99914,100
2019-06-28 09:30:00.000000070,100000,100,99953,300,100027,100,99952,100,100033,100,99945,100,100043,100,99941,100,100056,100,99939,100,100063,100,99930,200,100066,100,99928,100,100070,100,99923,100,100095,100,99916,100,100098,100,99914,100
2019-06-28 09:30:00.000000076,99996,100,99953,300,100000,100,99952,100,100027,100,99945,100,100033,100,99941,100,100043,100,99939,100,100056,100,99930,200,100063,100,99928,100,100066,100,99923,100,100070,100,99916,100,100095,100,99914,100
2019-06-28 09:30:00.000000079,99996,100,99953,300,100000,100,99952,100,100027,100,99945,100,100033,100,99941,100,100043,100,99939,100,100056,100,99930,200,100063,100,99928,100,100066,100,99923,100,100070,100,99916,100,100095,100,99914,100
2019-06-28 09:30:00.000000080,99996,100,99953,300,100000,100,99952,100,100027,100,99945,100,100033,100,99941,100,100043,100,99939,100,100056,100,99930,200,100063,100,99928,100,100066,100,99923,100,100070,100,99916,100,100095,100,99914,100
2019-06-28 09:30:00.000000081,99996,100,99953,300,100000,100,99952,100,100027,100,99945,100,100033,100,99941,100,100043,100,99939,100,100056,100,99930,200,100063,100,99928,100,100066,100,99923,100,100070,100,99916,100,100085,100,99914,100
2019-06-28 09:30:00.000000082,99996,200,99953,300,100000,100,99952,100,100011,100,99945,100,100027,100,99941,100,100033,100,99939,100,100043,100,99930,200,100056,100,99928,100,100063,100,99923,100,100066,100,99916,100,100070,100,99914,100
2019-06-28 09:30:00.000000084,99996,200,99953,300,100000,100,99952,100,100011,100,99945,100,100027,100,99941,100,100033,100,99939,100,100043,100,99930,200,100056,100,99929,100,100063,100,99928,100,100066,100,99923,100,100070,100,99916,100
2019-06-28 09:30:00.000000086,99996,200,99953,300,100000,100,99952,100,100011,100,99945,100,100027,100,99941,100,100033,100,99939,100,100043,100,99930,200,100056,100,99929,100,100063,100,99928,100,100066,100,99923,100,100070,100,99916,100
2019-06-28 09:30:00.000000088,99996,200,99953,300,100000,100,99952,100,100011,100,99945,100,100027,100,99941,100,100033,100,99939,100,100043,100,99930,200,100056,100,99929,100,100063,100,99928,100,100066,100,99923,100,100070,100,99916,100
2019-06-28 09:30:00.000000093,99996,300,99953,300,100000,100,99952,100,100011,100,99945,100,100027,100,99941,100,100033,100,99939,100,100043,100,99930,200,100056,100,99929,100,100063,100,99928,100,100066,100,99923,100,100070,100,99916,100
2019-06-28 09:30:00.000000094,99996,300,99953,300,100000,100,99952,100,100011,100,99945,100,100027,100,99941,100,100033,100,99939,100,100043,100,99930,200,100056,100,99929,100,100063,100,99928,100,100066,100,99923,100,100070,100,99916,100
2019-06-28 09:30:00.000000095,99996,300,99953,300,100000,100,99952,100,100011,100,99945,100,100027,100,99941,100,100033,100,99939,100,100043,100,99930,200,100056,100,99929,100,100063,100,99928,100,100066,100,99923,100,100070,100,99916,100
2019-06-28 09:30:00.000000097,99996,300,99988,100,100000,100,99953,300,100011,100,99952,100,100027,100,99945,100,100033,100,99941,100,100043,100,99939,100,100056,100,99930,200,100063,100,99929,100,100066,100,99928,100,100070,100,99923,100
2019-06-28 09:30:00.000000098,99996,300,99988,100,100000,100,99953,300,100011,100,99952,100,100027,100,99945,100,100033,100,99941,100,100042,100,99939,100,100043,100,99930,200,100056,100,99929,100,100063,100,99928,100,100066,100,99923,100
2019-06-28 09:30:00.000000099,99996,300,99988,100,100000,100,99976,100,100011,100,99953,300,100027,100,99952,100,100033,100,99945,100,100042,100,99941,100,100043,100,99939,100,100056,100,99930,200,100063,100,99929,100,100066,100,99928,100
2019-06-28 09:30:10.000000000,99996,665,99988,465,100000,100,99976,100,100011,100,99953,300,100027,100,99952,100,100033,100,99945,100,100042,100,99941,100,100043,100,99939,100,100056,100,99930,200,100063,100,99929,100,100066,100,99928,100
2019-06-28 09:30:20.000000000,99996,482,99988,282,100000,282,99976,282,100011,100,99953,300,100027,100,99952,100,100033,100,99945,100,100042,100,99941,100,100043,100,99939,100,100056,100,99930,200,100063,100,99929,100,100066,100,99928,100
2019-06-28 09:30:28.780901421,99996,482,99988,82,100000,282,99976,282,100011,100,99953,300,100027,100,99952,100,100033,100,99945,100,100042,100,99941,100,100043,100,99939,100,100056,100,99930,200,100063,100,99929,100,100066,100,99928,100
2019-06-28 09:30:30.000000000,99996,482,99976,282,100000,282,99953,482,100011,100,99952,100,100027,100,99945,100,100033,100,99941,100,100042,100,99939,100,100043,100,99930,200,100056,100,99929,100,100063,100,99928,100,100066,100,99923,100
2019-06-28 09:30:32.952857689,99996,482,99976,282,100000,282,99953,482,100011,100,99952,100,100027,100,99945,100,100042,100,99941,100,100043,100,99939,100,100056,100,99930,200,100063,100,99929,100,100066,100,99928,100,100070,100,99923,100
2019-06-28 09:30:38.614699006,99996,482,99976,282,100000,282,99953,482,100011,100,99952,100,100027,100,99945,100,100042,100,99941,100,100043,100,99939,100,100056,100,99930,200,100063,100,99929,100,100066,100,99928,100,100070,100,99923,100
2019-06-28 09:30:40.000000000,99996,482,99976,282,100000,282,99953,482,100011,100,99952,100,100027,100,99945,100,100042,100,99941,100,100043,100,99939,100,100056,100,99930,200,100063,100,99929,100,100066,100,99928,100,100070,100,99923,100
2019-06-28 09:30:50.000000000,99996,373,99976,173,100000,173,99953,373,100011,173,99952,173,100027,173,99945,173,100042,173,99941,173,100043,100,99939,100,100056,100,99930,200,100063,100,99929,100,100066,100,99928,100,100070,100,99923,100
2019-06-28 09:31:00.000000000,99996,665,99976,465,100000,100,99953,300,100011,100,99952,100,100027,100,99945,100,100042,100,99941,100,100043,100,99939,100,100056,100,99930,200,100063,100,99929,100,100066,100,99928,100,100070,100,99923,100
2019-06-28 09:31:02.671691795,99996,665,99976,365,100000,100,99953,300,100011,100,99952,100,100027,100,99945,100,100042,100,99941,100,100043,100,99939,100,100056,100,99930,200,100063,100,99929,100,100066,100,99928,100,100070,100,99923,100
2019-06-28 09:31:05.663373861,99996,665,99976,365,100000,100,99953,300,100011,100,99952,100,100027,100,99945,100,100042,100,99941,100,100043,100,99939,100,100056,100,99930,200,100063,100,99929,100,100066,100,99928,100,100070,100,99923,100
2019-06-28 09:31:10.000000000,99996,482,99953,482,100000,282,99952,282,100011,100,99945,100,100027,100,99941,100,100042,100,99939,100,100043,100,99930,200,100056,100,99929,100,100063,100,99928,100,100066,100,99923,100,100070,100,99916,100
2019-06-28 09:31:10.690438691,99988,100,99953,482,99996,482,99952,282,100000,282,99945,100,100011,100,99941,100,100027,100,99939,100,100042,100,99930,200,100043,100,99929,100,100056,100,99928,100,100063,100,99923,100,100066,100,99916,100
2019-06-28 09:31:20.000000000,99988,282,99953,482,99996,482,99952,282,100000,100,99945,100,100011,100,99941,100,100027,100,99939,100,100042,100,99930,200,100043,100,99929,100,100056,100,99928,100,100063,100,99923,100,100066,100,99916,100
2019-06-28 09:31:24.568244654,99988,382,99953,482,99996,482,99952,282,100000,100,99945,100,100011,100,99941,100,100027,100,99939,100,100042,100,99930,200,100043,100,99929,100,100056,100,99928,100,100063,100,99923,100,100066,100,99916,100
2019-06-28 09:31:30.000000000,99988,565,99953,665,99996,300,99952,100,100000,100,99945,100,100011,100,99941,100,100027,100,99939,100,100042,100,99930,200,100043,100,99929,100,100056,100,99928,100,100063,100,99923,100,100066,100,99916,100
2019-06-28 09:31:40.000000000,99988,273,99953,373,99996,373,99952,173,100000,173,99945,173,100011,173,99941,173,100027,173,99939,173,100042,100,99930,200,100043,100,99929,100,100056,100,99928,100,100063,100,99923,100,100066,100,99916,100
2019-06-28 09:31:50.000000000,99988,382,99953,482,99996,482,99952,282,100000,100,99945,100,100011,100,99941,100,100027,100,99939,100,100042,100,99930,200,100043,100,99929,100,100056,100,99928,100,100063,100,99923,100,100066,100,99916,100
2019-06-28 09:32:00.000000000,99988,382,99953,482,99996,482,99952,282,100000,100,99945,100,100011,100,99941,100,100027,100,99939,100,100042,100,99930,200,100043,100,99929,100,100056,100,99928,100,100063,100,99923,100,100066,100,99916,100
2019-06-28 09:32:10.000000000,99988,273,99953,373,99996,373,99952,173,100000,173,99945,173,100011,173,99941,173,100027,173,99939,173,100042,100,99930,200,100043,100,99929,100,100056,100,99928,100,100063,100,99923,100,100066,100,99916,100
2019-06-28 09:32:20.000000000,99988,382,99953,482,99996,482,99952,282,100000,100,99945,100,100011,100,99941,100,100027,100,99939,100,100042,100,99930,200,100043,100,99929,100,100056,100,99928,100,100063,100,99923,100,100066,100,99916,100
2019-06-28 09:32:27.755821564,99988,382,99953,482,99996,482,99952,282,100000,100,99945,100,100011,100,99941,100,100027,100,99939,100,100042,100,99930,200,100043,100,99929,100,100056,100,99928,100,100063,100,99923,100,100066,100,99916,100
2019-06-28 09:32:29.373828539,99988,482,99953,482,99996,482,99952,282,100000,100,99945,100,100011,100,99941,100,100027,100,99939,100,100042,100,99930,200,100043,100,99929,100,100056,100,99928,100,100063,100,99923,100,100066,100,99916,100
2019-06-28 09:32:30.000000000,99988,424,99953,424,99996,420,99952,220,100000,220,99945,220,100011,100,99941,100,100027,100,99939,100,100042,100,99930,200,100043,100,99929,100,100056,100,99928,100,100063,100,99923,100,100066,100,99916,100
2019-06-28 09:32:36.419635354,99988,524,99953,424,99996,420,99952,220,100000,220,99945,220,100011,100,99941,100,100027,100,99939,100,100042,100,99930,200,100043,100,99929,100,100056,100,99928,100,100063,100,99923,100,100066,100,99916,100
2019-06-28 09:32:40.000000000,99988,524,99953,424,99996,420,99952,220,100000,220,99945,220,100011,100,99941,100,100027,100,99939,100,100042,100,99930,200,100043,100,99929,100,100056,100,99928,100,100063,100,99923,100,100066,100,99916,100
2019-06-28 09:32:50.000000000,99988,491,99953,391,99996,391,99952,191,100000,191,99945,191,100011,191,99941,191,100027,100,99939,100,100042,100,99930,200,100043,100,99929,100,100056,100,99928,100,100063,100,99923,100,100066,100,99916,100
2019-06-28 09:33:00.000000000,99988,491,99953,391,99996,391,99952,191,100000,191,99945,191,100011,191,99941,191,100027,100,99939,100,100042,100,99930,200,100043,100,99929,100,100056,100,99928,100,100063,100,99923,100,100066,100,99916,100
2019-06-28 09:33:04.982390072,99988,491,99953,291,99996,391,99952,191,100000,191,99945,191,100011,191,99941,191,100027,100,99939,100,100042,100,99930,200,100043,100,99929,100,100056,100,99928,100,100063,100,99923,100,100066,100,99914,200
2019-06-28 09:33:10.000000000,99988,765,99953,565,99996,300,99952,100,100000,100,99945,100,100011,100,99941,100,100027,100,99939,100,100042,100,99930,200,100043,100,99929,100,100056,100,99928,100,100063,100,99923,100,100066,100,99914,200
2019-06-28 09:33:20.000000000,99988,582,99953,382,99996,482,99952,282,100000,100,99945,100,100011,100,99941,100,100027,100,99939,100,100042,100,99930,200,100043,100,99929,100,100056,100,99928,100,100063,100,99923,100,100066,100,99914,200
2019-06-28 09:33:28.802318944,99988,582,99953,382,99996,482,99952,282,100000,100,99945,100,100011,100,99941,100,100027,100,99939,100,100042,100,99930,200,100043,100,99929,100,100056,100,99928,100,100063,100,99923,100,100066,100,99914,200
2019-06-28 09:33:30.000000000,99988,524,99953,324,99996,420,99952,220,100000,220,99945,220,100011,100,99941,100,100027,100,99939,100,100042,100,99930,200,100043,100,99929,100,100056,100,99928,100,100063,100,99923,100,100066,100,99914,200
2019-06-28 09:33:40.000000000,99988,765,99953,565,99996,300,99952,100,100000,100,99945,100,100011,100,99941,100,100027,100,99939,100,100042,100,99930,200,100043,100,99929,100,100056,100,99928,100,100063,100,99923,100,100066,100,99914,200
2019-06-28 09:33:50.000000000,99988,491,99953,291,99996,391,99952,191,100000,191,99945,191,100011,191,99941,191,100027,100,99939,100,100042,100,99930,200,100043,100,99929,100,100056,100,99928,100,100063,100,99923,100,100066,100,99914,200
2019-06-28 09:34:00.000000000,99988,473,99953,273,99996,373,99952,173,100000,173,99945,173,100011,173,99941,173,100027,173,99939,173,100042,100,99930,200,100043,100,99929,100,100056,100,99928,100,100063,100,99923,100,100066,100,99914,200
2019-06-28 09:34:08.932390208,99976,100,99953,273,99988,473,99952,173,99996,373,99945,173,100000,173,99941,173,100011,173,99939,173,100027,173,99930,200,100042,100,99929,100,100043,100,99928,100,100056,100,99923,100,100063,100,99914,200
2019-06-28 09:34:10.000000000,99976,173,99953,273,99988,473,99952,173,99996,373,99945,173,100000,173,99941,173,100011,173,99939,173,100027,100,99930,200,100042,100,99929,100,100043,100,99928,100,100056,100,99923,100,100063,100,99914,200
2019-06-28 09:34:20.000000000,99976,282,99953,382,99988,582,99952,282,99996,300,99945,100,100000,100,99941,100,100011,100,99939,100,100027,100,99930,200,100042,100,99929,100,100043,100,99928,100,100056,100,99923,100,100063,100,99914,200
2019-06-28 09:34:22.753341449,99976,282,99953,282,99988,582,99952,282,99996,300,99945,100,100000,100,99941,100,100011,100,99939,100,100027,100,99930,200,100042,100,99929,100,100043,100,99928,100,100056,100,99923,100,100063,100,99914,200
2019-06-28 09:34:30.000000000,99976,224,99953,224,99988,520,99952,220,99996,420,99945,220,100000,100,99941,100,100011,100,99939,100,100027,100,99930,200,100042,100,99929,100,100043,100,99928,100,100056,100,99923,100,100063,100,99914,200
2019-06-28 09:34:32.277463631,99976,224,99953,124,99988,520,99952,220,99996,420,99945,220,100000,100,99941,100,100011,100,99939,100,100027,100,99930,200,100042,100,99929,100,100043,100,99928,100,100056,100,99923,100,100063,100,99914,200
2019-06-28 09:34:39.024755279,99976,224,99953,24,99988,520,99952,220,99996,420,99945,220,100000,100,99941,100,100011,100,99939,100,100027,100,99930,200,100042,100,99929,100,100043,100,99928,100,100056,100,99923,100,100063,100,99914,200
2019-06-28 09:34:40.000000000,99976,465,99952,465,99988,400,99945,100,99996,300,99941,100,100000,100,99939,100,100011,100,99930,200,100027,100,99929,100,100042,100,99928,100,100043,100,99923,100,100056,100,99914,200,100063,100,99911,100
2019-06-28 09:34:47.019581077,99976,465,99952,465,99988,400,99945,100,99996,300,99941,100,100000,100,99939,100,100011,100,99930,200,100027,100,99928,100,100042,100,99923,100,100043,100,99914,200,100056,100,99911,100,100063,100,99910,100
2019-06-28 09:34:48.566740571,99976,465,99952,365,99988,400,99945,100,99996,300,99941,100,100000,100,99939,100,100011,100,99930,200,100027,100,99928,100,100042,100,99923,100,100043,100,99914,200,100056,100,99911,100,100063,100,99910,100
2019-06-28 09:34:49.511418477,99953,100,99952,365,99976,465,99945,100,99988,400,99941,100,99996,300,99939,100,100000,100,99930,200,100011,100,99928,100,100027,100,99923,100,100042,100,99914,200,100043,100,99911,100,100056,100,99910,100
2019-06-28 09:34:50.000000000,99953,191,99945,191,99976,191,99941,191,99988,491,99939,191,99996,391,99930,291,100000,100,99928,100,100011,100,99923,100,100027,100,99914,200,100042,100,99911,100,100043,100,99910,100,100056,100,99892,100
2019-06-28 09:34:57.453690429,99953,191,99945,91,99976,191,99941,191,99988,491,99939,191,99996,391,99930,291,100000,100,99928,100,100011,100,99923,100,100027,100,99914,200,100042,100,99911,100,100043,100,99910,100,100063,100,99892,100
2019-06-28 09:35:00.000000000,99953,173,99941,173,99976,173,99939,173,99988,473,99930,273,99996,373,99928,173,100000,173,99923,173,100011,100,99914,200,100027,100,99911,100,100042,100,99910,100,100043,100,99892,100,100063,100,99888,100
2019-06-28 09:35:10.000000000,99953,191,99941,191,99976,191,99939,191,99988,491,99930,291,99996,391,99928,191,100000,100,99923,100,100011,100,99914,200,100027,100,99911,100,100042,100,99910,100,100043,100,99892,100,100063,100,99888,100
2019-06-28 09:35:18.930533303,99953,191,99941,191,99976,191,99939,191,99988,491,99930,291,99996,391,99928,191,100000,100,99923,100,100011,100,99914,200,100027,100,99911,100,100042,100,99910,100,100043,100,99892,100,100063,100,99888,100
2019-06-28 09:35:20.000000000,99953,173,99941,173,99976,173,99939,173,99988,473,99930,273,99996,373,99928,173,100000,173,99923,173,100011,100,99914,200,100027,100,99911,100,100042,100,99910,100,100043,100,99892,100,100063,100,99888,100
2019-06-28 09:35:20.410944514,99953,173,99941,173,99976,173,99939,173,99988,473,99930,273,99996,373,99928,173,100000,173,99923,173,100011,100,99914,200,100027,100,99911,100,100042,100,99910,100,100043,100,99892,100,100063,100,99888,100
2019-06-28 09:35:30.000000000,99953,282,99941,282,99976,282,99939,282,99988,400,99930,200,99996,300,99928,100,100000,100,99923,100,100011,100,99914,200,100027,100,99911,100,100042,100,99910,100,100043,100,99892,100,100063,100,99888,100
2019-06-28 09:35:33.298453582,99953,282,99941,182,99976,282,99939,282,99988,400,99930,200,99996,300,99928,100,100000,100,99923,100,100011,100,99914,200,100027,100,99911,100,100042,100,99910,100,100043,100,99892,100,100063,100,99888,100
2019-06-28 09:35:40.000000000,99953,173,99939,173,99976,173,99930,273,99988,473,99928,173,99996,373,99923,173,100000,173,99914,273,100011,100,99911,100,100027,100,99910,100,100042,100,99892,100,100043,100,99888,100,100063,100,99878,100
2019-06-28 09:35:49.213476165,99953,173,99939,73,99976,173,99930,273,99988,473,99928,173,99996,373,99923,173,100000,173,99914,273,100011,100,99911,100,100027,100,99892,100,100042,100,99888,100,100043,100,99878,100,100063,100,99863,100
2019-06-28 09:35:50.000000000,99953,173,99930,273,99976,173,99928,173,99988,473,99923,173,99996,373,99914,273,100000,173,99911,173,100011,100,99892,100,100027,100,99888,100,100042,100,99878,100,100043,100,99863,100,100063,100,99852,100
2019-06-28 09:36:00.000000000,99953,224,99930,324,99976,220,99928,220,99988,520,99923,220,99996,300,99914,200,100000,100,99911,100,100011,100,99892,100,100027,100,99888,100,100042,100,99878,100,100043,100,99863,100,100063,100,99852,100
2019-06-28 09:36:00.856157735,99953,224,99930,224,99976,220,99928,220,99988,520,99923,220,99996,300,99914,200,100000,100,99911,100,100011,100,99892,100,100027,100,99888,100,100042,100,99878,100,100043,100,99863,100,100063,100,99852,100
2019-06-28 09:36:05.023688553,99953,224,99930,224,99976,220,99928,220,99988,520,99923,220,99996,300,99914,200,100000,100,99911,100,100011,100,99892,100,100027,100,99888,100,100042,100,99878,100,100043,100,99863,100,100063,100,99852,100
2019-06-28 09:36:10.000000000,99953,191,99930,191,99976,191,99928,191,99988,491,99923,191,99996,391,99914,291,100000,100,99911,100,100011,100,99892,100,100027,100,99888,100,100042,100,99878,100,100043,100,99863,100,100063,100,99852,100
2019-06-28 09:36:20.000000000,99953,191,99930,191,99976,191,99928,191,99988,491,99923,191,99996,391,99914,291,100000,100,99911,100,100011,100,99892,100,100027,100,99888,100,100042,100,99878,100,100043,100,99863,100,100063,100,99852,100
2019-06-28 09:36:30.000000000,99953,224,99930,224,99976,220,99928,220,99988,520,99923,220,99996,300,99914,200,100000,100,99911,100,100011,100,99892,100,100027,100,99888,100,100042,100,99878,100,100043,100,99863,100,100063,100,99852,100
2019-06-28 09:36:35.856299594,99953,224,99930,124,99976,220,99928,220,99988,520,99923,220,99996,300,99914,200,100000,100,99911,100,100011,100,99892,100,100027,100,99888,100,100042,100,99878,100,100043,100,99863,100,100063,100,99852,100
2019-06-28 09:36:36.028571019,99953,224,99930,124,99976,220,99928,220,99988,520,99923,220,99996,300,99914,200,100000,100,99911,100,100011,100,99892,100,100027,100,99888,100,100042,100,99878,100,100043,100,99863,100,100063,100,99852,100
2019-06-28 09:36:40.000000000,99953,173,99928,173,99976,173,99923,173,99988,473,99914,273,99996,373,99911,173,100000,173,99892,173,100011,100,99888,100,100027,100,99878,100,100042,100,99863,100,100043,100,99852,100,100063,100,99833,100
2019-06-28 09:36:50.000000000,99953,282,99928,282,99976,282,99923,282,99988,400,99914,200,99996,300,99911,100,100000,100,99892,100,100011,100,99888,100,100027,100,99878,100,100042,100,99863,100,100043,100,99852,100,100063,100,99833,100
2019-06-28 09:36:56.780706847,99953,282,99928,282,99976,282,99923,282,99988,400,99914,200,99996,300,99911,100,100000,100,99892,100,100011,100,99888,100,100027,100,99878,100,100042,100,99863,100,100043,100,99852,100,100063,100,99833,100
2019-06-28 09:37:00.000000000,99953,224,99928,224,99976,220,99923,220,99988,520,99914,320,99996,300,99911,100,100000,100,99892,100,100011,100,99888,100,100027,100,99878,100,100042,100,99863,100,100043,100,99852,100,100063,100,99833,100
2019-06-28 09:37:00.789140543,99930,100,99928,224,99953,224,99923,220,99976,220,99914,320,99988,520,99911,100,99996,300,99892,100,100000,100,99888,100,100011,100,99878,100,100027,100,99863,100,100042,100,99852,100,100043,100,99833,100
2019-06-28 09:37:01.593811471,99930,100,99928,224,99953,224,99923,220,99976,220,99914,320,99988,520,99911,100,99996,300,99892,100,100000,100,99888,100,100011,100,99878,100,100042,100,99863,100,100043,100,99852,100,100063,100,99833,100
2019-06-28 09:37:10.000000000,99930,465,99928,465,99953,100,99923,100,99976,100,99914,200,99988,400,99911,100,99996,300,99892,100,100000,100,99888,100,100011,100,99878,100,100042,100,99863,100,100043,100,99852,100,100063,100,99833,100
2019-06-28 09:37:20.000000000,99930,465,99928,465,99953,100,99923,100,99976,100,99914,200,99988,400,99911,100,99996,300,99892,100,100000,100,99888,100,100011,100,99878,100,100042,100,99863,100,100043,100,99852,100,100063,100,99833,100
2019-06-28 09:37:28.887302825,99930,465,99928,465,99953,100,99923,100,99976,100,99914,200,99988,400,99911,100,99996,300,99892,100,100000,100,99888,100,100011,100,99878,100,100042,100,99863,100,100043,100,99852,100,100063,100,99833,100
2019-06-28 09:37:30.000000000,99930,224,99928,224,99953,220,99923,220,99976,220,99914,320,99988,400,99911,100,99996,300,99892,100,100000,100,99888,100,100011,100,99878,100,100042,100,99863,100,100043,100,99852,100,100063,100,99833,100
2019-06-28 09:37:40.000000000,99930,465,99928,465,99953,100,99923,100,99976,100,99914,200,99988,400,99911,100,99996,300,99892,100,100000,100,99888,100,100011,100,99878,100,100042,100,99863,100,100043,100,99852,100,100063,100,99833,100
2019-06-28 09:37:46.717920035,99930,465,99928,365,99953,100,99923,100,99976,100,99914,200,99988,400,99911,100,99996,300,99892,100,100000,100,99888,100,100011,100,99878,100,100042,100,99863,100,100043,100,99852,100,100063,100,99833,100
2019-06-28 09:37:50.000000000,99930,224,99923,224,99953,220,99914,320,99976,220,99911,220,99988,400,99892,100,99996,300,99888,100,100000,100,99878,100,100011,100,99863,100,100042,100,99852,100,100043,100,99833,100,100063,100,99820,100
2019-06-28 09:38:00.000000000,99930,224,99923,224,99953,220,99914,320,99976,220,99911,220,99988,400,99892,100,99996,300,99888,100,100000,100,99878,100,100011,100,99863,100,100042,100,99852,100,100043,100,99833,100,100063,100,99820,100
2019-06-28 09:38:10.000000000,99930,465,99923,465,99953,100,99914,200,99976,100,99911,100,99988,400,99892,100,99996,300,99888,100,100000,100,99878,100,100011,100,99863,100,100042,100,99852,100,100043,100,99833,100,100063,100,99820,100
2019-06-28 09:38:11.899825259,99930,465,99923,465,99953,100,99914,200,99976,100,99911,100,99988,400,99892,100,99996,300,99888,100,100000,100,99878,100,100011,100,99863,100,100042,100,99852,100,100043,100,99833,100,100063,100,99820,100
2019-06-28 09:38:19.187602530,99929,100,99923,465,99930,465,99914,200,99953,100,99911,100,99976,100,99892,100,99988,400,99888,100,99996,300,99878,100,100000,100,99863,100,100011,100,99833,100,100042,100,99820,100,100043,100,99788,100
2019-06-28 09:38:19.388664051,99929,100,99923,465,99930,465,99914,200,99953,100,99911,100,99976,100,99892,100,99988,300,99888,100,99996,300,99878,100,100000,100,99863,100,100011,100,99833,100,100042,100,99820,100,100043,100,99788,100
2019-06-28 09:38:20.000000000,99929,224,99923,224,99930,220,99914,320,99953,220,99911,220,99976,100,99892,100,99988,300,99888,100,99996,300,99878,100,100000,100,99863,100,100011,100,99833,100,100042,100,99820,100,100043,100,99788,100
2019-06-28 09:38:27.480988273,99929,324,99923,224,99930,220,99914,320,99953,220,99911,220,99976,100,99892,100,99988,300,99888,100,99996,300,99878,100,100000,100,99863,100,100011,100,99833,100,100042,100,99820,100,100043,100,99788,100
2019-06-28 09:38:30.000000000,99929,291,99923,191,99930,191,99914,291,99953,191,99911,191,99976,191,99892,191,99988,300,99888,100,99996,300,99878,100,100000,100,99863,100,100011,100,99833,100,100042,100,99820,100,100043,100,99788,100
2019-06-28 09:38:40.000000000,99929,291,99923,191,99930,191,99914,291,99953,191,99911,191,99976,191,99892,191,99988,300,99888,100,99996,300,99878,100,100000,100,99863,100,100011,100,99833,100,100042,100,99820,100,100043,100,99788,100
2019-06-28 09:38:43.265023420,99929,291,99923,191,99930,191,99914,291,99953,191,99911,191,99976,191,99892,191,99988,300,99888,100,99996,300,99878,100,100000,100,99863,100,100011,100,99833,100,100042,100,99820,100,100043,100,99788,100
2019-06-28 09:38:50.000000000,99929,565,99923,465,99930,100,99914,200,99953,100,99911,100,99976,100,99892,100,99988,300,99888,100,99996,300,99878,100,100000,100,99863,100,100011,100,99833,100,100042,100,99820,100,100043,100,99788,100
2019-06-28 09:38:59.095358726,99929,565,99923,465,99930,100,99914,200,99953,100,99911,100,99976,100,99892,100,99988,300,99888,100,99996,300,99878,100,100000,100,99863,100,100011,100,99833,100,100042,100,99820,100,100043,100,99788,100
2019-06-28 09:39:00.000000000,99929,382,99923,282,99930,282,99914,382,99953,100,99911,100,99976,100,99892,100,99988,300,99888,100,99996,300,99878,100,100000,100,99863,100,100011,100,99833,100,100042,100,99820,100,100043,100,99788,100
2019-06-28 09:39:10.000000000,99929,273,99923,173,99930,173,99914,273,99953,173,99911,173,99976,173,99892,173,99988,373,99888,173,99996,300,99878,100,100000,100,99863,100,100011,100,99833,100,100042,100,99820,100,100043,100,99788,100
2019-06-28 09:39:18.955729670,99929,273,99923,73,99930,173,99914,273,99953,173,99911,173,99976,173,99892,173,99988,373,99888,173,99996,300,99878,100,100000,100,99863,100,100011,100,99833,100,100042,100,99820,100,100043,100,99788,100
2019-06-28 09:39:20.000000000,99929,382,99914,382,99930,282,99911,282,99953,100,99892,100,99976,100,99888,100,99988,300,99878,100,99996,300,99863,100,100000,100,99833,100,100011,100,99820,100,100042,100,99788,100,100043,100,99278,100
2019-06-28 09:39:30.000000000,99929,382,99914,382,99930,282,99911,282,99953,100,99892,100,99976,100,99888,100,99988,300,99878,100,99996,300,99863,100,100000,100,99833,100,100011,100,99820,100,100042,100,99788,100,100043,100,99278,100
2019-06-28 09:39:40.000000000,99929,291,99914,291,99930,191,99911,191,99953,191,99892,191,99976,191,99888,191,99988,300,99878,100,99996,300,99863,100,100000,100,99833,100,100011,100,99820,100,100042,100,99788,100,100043,100,99278,100
2019-06-28 09:39:50.000000000,99929,565,99914,565,99930,100,99911,100,99953,100,99892,100,99976,100,99888,100,99988,300,99878,100,99996,300,99863,100,100000,100,99833,100,100011,100,99820,100,100042,100,99788,100,100043,100,99278,100
2019-06-28 09:39:59.153957787,99929,565,99914,565,99930,100,99911,100,99953,100,99892,100,99976,100,99888,100,99988,300,99878,100,99996,300,99863,100,100000,100,99833,100,100011,100,99820,100,100042,100,99788,100,100043,100,99278,100
2019-06-28 09:40:00.000000000,99929,324,99914,324,99930,220,99911,220,99953,220,99892,220,99976,100,99888,100,99988,300,99878,100,99996,300,99863,100,100000,100,99833,100,100011,100,99820,100,100042,100,99788,100,100043,100,99278,100
2019-06-28 09:40:08.753480062,99928,100,99914,324,99929,324,99911,220,99930,220,99892,220,99953,120,99888,100,99976,100,99878,100,99988,300,99863,100,99996,300,99833,100,100000,100,99820,100,100011,100,99788,100,100042,100,99278,100
2019-06-28 09:40:10.000000000,99928,465,99914,565,99929,200,99911,100,99930,100,99892,100,99976,100,99888,100,99988,300,99878,100,99996,300,99863,100,100000,100,99833,100,100011,100,99820,100,100042,100,99788,100,100043,100,99278,100
2019-06-28 09:40:14.912963491,99928,465,99914,565,99929,200,99911,100,99930,100,99892,100,99976,100,99888,100,99988,300,99878,100,99996,200,99863,100,100000,100,99833,100,100011,100,99820,100,100042,100,99788,100,100043,100,99278,100
2019-06-28 09:40:20.000000000,99928,465,99914,565,99929,200,99911,100,99930,100,99892,100,99976,100,99888,100,99988,300,99878,100,99996,200,99863,100,100000,100,99833,100,100011,100,99820,100,100042,100,99788,100,100043,100,99278,100
2019-06-28 09:40:30.000000000,99928,173,99914,273,99929,273,99911,173,99930,173,99892,173,99976,173,99888,173,99988,373,99878,173,99996,200,99863,100,100000,100,99833,100,100011,100,99820,100,100042,100,99788,100,100043,100,99278,100
2019-06-28 09:40:34.814123346,99928,173,99914,273,99929,273,99911,173,99930,173,99892,173,99976,173,99888,173,99988,373,99878,173,99996,200,99863,100,100000,100,99833,100,100011,100,99820,100,100042,100,99788,100,100043,100,99278,100
2019-06-28 09:40:37.010023598,99928,173,99914,173,99929,273,99911,173,99930,173,99892,173,99976,173,99888,173,99988,373,99878,173,99996,200,99863,100,100000,100,99833,100,100011,100,99820,100,100042,100,99788,100,100043,100,99278,100
2019-06-28 09:40:40.000000000,99928,173,99914,173,99929,273,99911,173,99930,173,99892,173,99976,173,99888,173,99988,373,99878,173,99996,200,99863,100,100000,100,99833,100,100011,100,99820,100,100042,100,99788,100,100043,100,99278,100
2019-06-28 09:40:50.000000000,99928,465,99914,465,99929,200,99911,100,99930,100,99892,100,99976,100,99888,100,99988,300,99878,100,99996,200,99863,100,100000,100,99833,100,100011,100,99820,100,100042,100,99788,100,100043,100,99278,100
2019-06-28 09:40:55.522347266,99928,465,99914,365,99929,200,99911,100,99930,100,99892,100,99976,100,99888,100,99988,300,99878,100,99996,200,99863,100,100000,100,99833,100,100011,100,99788,100,100042,100,99278,100,100043,100,99143,100
2019-06-28 09:41:00.000000000,99928,282,99911,282,99929,382,99892,282,99930,100,99888,100,99976,100,99878,100,99988,300,99863,100,99996,200,99833,100,100000,100,99788,100,100011,100,99278,100,100042,100,99143,100,100043,100,99078,100
2019-06-28 09:41:08.984746313,99928,282,99911,182,99929,382,99892,282,99930,100,99888,100,99976,100,99878,100,99988,300,99863,100,99996,200,99833,100,100000,100,99788,100,100011,100,99278,100,100042,100,99143,100,100043,100,99078,100
2019-06-28 09:41:10.000000000,99928,282,99892,282,99929,382,99888,282,99930,100,99878,100,99976,100,99863,100,99988,300,99833,100,99996,200,99788,100,100000,100,99278,100,100011,100,99143,100,100042,100,99078,100,100043,100,99065,100
2019-06-28 09:41:11.000907533,99914,100,99892,282,99928,282,99888,282,99929,282,99878,100,99930,100,99863,100,99976,100,99833,100,99988,300,99788,100,99996,200,99278,100,100000,100,99143,100,100011,100,99078,100,100042,100,99065,100
2019-06-28 09:41:12.434739751,99914,100,99892,282,99928,282,99888,282,99929,282,99878,100,99930,100,99863,100,99976,100,99833,100,99988,300,99788,100,99996,200,99278,100,100000,100,99143,100,100011,100,99078,100,100042,100,99065,100
2019-06-28 09:41:20.000000000,99914,282,99892,282,99928,282,99888,282,99929,100,99878,100,99930,100,99863,100,99976,100,99833,100,99988,300,99788,100,99996,200,99278,100,100000,100,99143,100,100011,100,99078,100,100042,100,99065,100
2019-06-28 09:41:26.586626009,99914,282,99892,282,99928,282,99888,282,99929,100,99878,100,99930,100,99863,100,99976,100,99833,100,99988,300,99788,100,99996,200,99278,100,100000,100,99143,100,100011,100,99078,100,100042,100,99065,100
2019-06-28 09:41:30.000000000,99914,191,99892,191,99928,191,99888,191,99929,191,99878,191,99930,191,99863,191,99976,100,99833,100,99988,300,99788,100,99996,200,99278,100,100000,100,99143,100,100011,100,99078,100,100042,100,99065,100
2019-06-28 09:41:40.000000000,99914,224,99892,224,99928,220,99888,220,99929,220,99878,220,99930,100,99863,100,99976,100,99833,100,99988,300,99788,100,99996,200,99278,100,100000,100,99143,100,100011,100,99078,100,100042,100,99065,100
2019-06-28 09:41:41.827430836,99914,324,99892,224,99928,220,99888,220,99929,220,99878,220,99930,100,99863,100,99976,100,99833,100,99988,300,99788,100,99996,200,99278,100,100000,100,99143,100,100011,100,99078,100,100042,100,99065,100
2019-06-28 09:41:46.804815592,99914,324,99892,224,99928,220,99888,220,99929,220,99878,220,99930,100,99833,100,99976,100,99788,100,99988,300,99278,100,99996,200,99143,100,100000,100,99078,100,100011,100,99065,100,100042,100,99000,100
2019-06-28 09:41:50.000000000,99914,273,99892,173,99928,173,99888,173,99929,173,99878,173,99930,173,99833,173,99976,173,99788,173,99988,300,99278,100,99996,200,99143,100,100000,100,99078,100,100011,100,99065,100,100042,100,99000,100
2019-06-28 09:41:51.860219052,99914,273,99892,173,99928,173,99888,173,99929,173,99878,173,99930,173,99833,173,99976,173,99788,173,99988,300,99278,100,99996,200,99186,100,100000,100,99143,100,100011,100,99078,100,100042,100,99065,100
2019-06-28 09:42:00.000000000,99914,291,99892,191,99928,191,99888,191,99929,191,99878,191,99930,191,99833,191,99976,100,99788,100,99988,300,99278,100,99996,200,99186,100,100000,100,99143,100,100011,100,99078,100,100042,100,99065,100
2019-06-28 09:42:10.000000000,99914,565,99892,465,99928,100,99888,100,99929,100,99878,100,99930,100,99833,100,99976,100,99788,100,99988,300,99278,100,99996,200,99186,100,100000,100,99143,100,100011,100,99078,100,100042,100,99065,100
2019-06-28 09:42:17.914045794,99894,100,99892,465,99914,565,99888,100,99928,100,99878,100,99929,100,99833,100,99930,100,99788,100,99976,100,99278,100,99988,300,99143,100,99996,200,99078,100,100000,100,99065,100,100011,100,99000,100
2019-06-28 09:42:18.923404814,99894,100,99892,465,99914,565,99888,100,99928,100,99878,100,99929,100,99833,100,99930,100,99788,100,99976,100,99278,100,99988,300,99143,100,99996,100,99078,100,100000,100,99065,100,100011,100,99000,100
2019-06-28 09:42:20.000000000,99894,191,99892,191,99914,291,99888,191,99928,191,99878,191,99929,191,99833,191,99930,100,99788,100,99976,100,99278,100,99988,300,99143,100,99996,100,99078,100,100000,100,99065,100,100011,100,99000,100
2019-06-28 09:42:30.000000000,99894,224,99892,224,99914,320,99888,220,99928,220,99878,220,99929,100,99833,100,99930,100,99788,100,99976,100,99278,100,99988,300,99143,100,99996,100,99078,100,100000,100,99065,100,100011,100,99000,100
2019-06-28 09:42:40.000000000,99894,191,99892,191,99914,291,99888,191,99928,191,99878,191,99929,191,99833,191,99930,100,99788,100,99976,100,99278,100,99988,300,99143,100,99996,100,99078,100,100000,100,99065,100,100011,100,99000,100
2019-06-28 09:42:41.773724324,99894,191,99892,91,99914,291,99888,191,99928,191,99878,191,99929,191,99833,191,99930,100,99788,100,99976,100,99278,100,99988,300,99143,100,99996,100,99078,100,100000,100,99065,100,100011,100,99000,100
2019-06-28 09:42:42.698710538,99893,100,99892,91,99894,191,99888,191,99914,291,99878,191,99928,191,99833,191,99929,191,99788,100,99930,100,99278,100,99976,100,99143,100,99988,300,99078,100,99996,100,99065,100,100000,100,99000,100
2019-06-28 09:42:50.000000000,99893,191,99888,191,99894,191,99878,191,99914,291,99833,191,99928,191,99788,191,99929,100,99278,100,99930,100,99143,100,99976,100,99078,100,99988,300,99065,100,99996,100,99000,100,100000,100,98979,100
2019-06-28 09:42:58.246802279,99893,191,99888,191,99894,191,99878,191,99914,291,99833,191,99928,191,99788,191,99929,100,99278,100,99930,100,99143,100,99976,100,99078,100,99988,300,99065,100,99996,100,99000,100,100000,100,98999,100
2019-06-28 09:43:00.000000000,99893,224,99888,224,99894,220,99878,220,99914,320,99833,220,99928,100,99788,100,99929,100,99278,100,99930,100,99143,100,99976,100,99078,100,99988,300,99065,100,99996,100,99000,100,100000,100,98999,100
2019-06-28 09:43:08.253653094,99893,324,99888,224,99894,220,99878,220,99914,320,99833,220,99928,100,99788,100,99929,100,99278,100,99930,100,99143,100,99976,100,99078,100,99988,300,99065,100,99996,100,99000,100,100000,100,98999,100
2019-06-28 09:43:10.000000000,99893,382,99888,282,99894,282,99878,282,99914,200,99833,100,99928,100,99788,100,99929,100,99278,100,99930,100,99143,100,99976,100,99078,100,99988,300,99065,100,99996,100,99000,100,100000,100,98999,100
2019-06-28 09:43:20.000000000,99893,273,99888,173,99894,173,99878,173,99914,273,99833,173,99928,173,99788,173,99929,173,99278,173,99930,100,99143,100,99976,100,99078,100,99988,300,99065,100,99996,100,99000,100,100000,100,98999,100
2019-06-28 09:43:24.935756074,99893,373,99888,173,99894,173,99878,173,99914,173,99833,173,99928,173,99788,173,99929,173,99278,173,99930,100,99143,100,99976,100,99078,100,99988,300,99065,100,99996,100,99000,100,100000,100,98999,100
2019-06-28 09:43:30.000000000,99893,482,99888,282,99894,282,99878,282,99914,100,99833,100,99928,100,99788,100,99929,100,99278,100,99930,100,99143,100,99976,100,99078,100,99988,300,99065,100,99996,100,99000,100,100000,100,98999,100
2019-06-28 09:43:40.000000000,99893,665,99888,465,99894,100,99878,100,99914,100,99833,100,99928,100,99788,100,99929,100,99278,100,99930,100,99143,100,99976,100,99078,100,99988,300,99065,100,99996,100,99000,100,100000,100,98999,100
2019-06-28 09:43:42.809489975,99893,665,99888,465,99894,100,99878,100,99914,100,99833,100,99928,100,99788,100,99929,100,99278,100,99930,100,99143,100,99976,100,99078,100,99988,300,99065,100,99996,100,99000,100,100000,100,98999,100
2019-06-28 09:43:50.000000000,99893,665,99888,465,99894,100,99878,100,99914,100,99833,100,99928,100,99788,100,99929,100,99278,100,99930,100,99143,100,99976,100,99078,100,99988,300,99065,100,99996,100,99000,100,100000,100,98999,100
2019-06-28 09:43:54.429309925,99893,765,99888,465,99894,100,99878,100,99914,100,99833,100,99928,100,99788,100,99929,100,99278,100,99930,100,99143,100,99976,100,99078,100,99988,300,99065,100,99996,100,99000,100,100000,100,98999,100
2019-06-28 09:43:57.750103934,99893,765,99888,465,99894,100,99878,100,99914,100,99833,100,99928,100,99788,100,99929,100,99278,100,99930,100,99143,100,99976,100,99078,100,99988,300,99065,100,99996,100,99000,100,100000,100,98999,100
2019-06-28 09:44:00.000000000,99893,491,99888,191,99894,191,99878,191,99914,191,99833,191,99928,191,99788,191,99929,100,99278,100,99930,100,99143,100,99976,100,99078,100,99988,300,99065,100,99996,100,99000,100,100000,100,98999,100
2019-06-28 09:44:02.845414514,99893,491,99888,191,99894,191,99878,191,99914,191,99833,91,99928,191,99788,191,99929,100,99278,100,99930,100,99143,100,99976,100,99078,100,99988,300,99065,100,99996,100,99000,100,100000,100,98999,100
2019-06-28 09:44:07.396248010,99893,491,99888,91,99894,191,99878,191,99914,191,99833,91,99928,191,99788,191,99929,100,99278,100,99930,100,99143,100,99976,100,99078,100,99988,300,99065,100,99996,100,98999,100,100000,100,98979,100
2019-06-28 09:44:07.487420861,99888,9,99878,191,99893,491,99833,91,99894,191,99788,191,99914,191,99278,100,99928,191,99143,100,99929,100,99078,100,99930,100,99065,100,99976,100,98999,100,99988,300,98979,100,99996,100,98940,100
2019-06-28 09:44:10.000000000,99888,191,99878,282,99893,582,99788,282,99894,100,99278,100,99914,100,99143,100,99928,100,99078,100,99929,100,99065,100,99930,100,98999,100,99976,100,98979,100,99988,300,98940,100,99996,100,98894,100
2019-06-28 09:44:16.062613229,99888,191,99878,182,99893,582,99788,282,99894,100,99278,100,99914,100,99143,100,99928,100,99078,100,99929,100,99065,100,99930,100,98999,100,99976,100,98979,100,99988,300,98940,100,99996,100,98894,100
2019-06-28 09:44:20.000000000,99888,191,99788,282,99893,582,99278,282,99894,100,99143,100,99914,100,99078,100,99928,100,99065,100,99929,100,98999,100,99930,100,98979,100,99976,100,98940,100,99988,300,98894,100,99996,100,98867,100
2019-06-28 09:44:30.000000000,99888,374,99788,465,99893,400,99278,100,99894,100,99143,100,99914,100,99078,100,99928,100,99065,100,99929,100,98999,100,99930,100,98979,100,99976,100,98940,100,99988,300,98894,100,99996,100,98867,100
2019-06-28 09:44:40.000000000,99888,191,99788,282,99893,582,99278,282,99894,100,99143,100,99914,100,99078,100,99928,100,99065,100,99929,100,98999,100,99930,100,98979,100,99976,100,98940,100,99988,300,98894,100,99996,100,98867,100
2019-06-28 09:44:50.000000000,99888,100,99788,191,99893,491,99278,191,99894,191,99143,191,99914,191,99078,191,99928,100,99065,100,99929,100,98999,100,99930,100,98979,100,99976,100,98940,100,99988,300,98894,100,99996,100,98867,100
2019-06-28 09:45:00.000000000,99888,191,99788,282,99893,582,99278,282,99894,100,99143,100,99914,100,99078,100,99928,100,99065,100,99929,100,98999,100,99930,100,98979,100,99976,100,98940,100,99988,300,98894,100,99996,100,98867,100
2019-06-28 09:45:01.606170739,99888,191,99788,282,99893,582,99278,282,99894,100,99143,100,99914,100,99078,100,99928,100,99065,100,99929,100,98999,100,99930,100,98979,100,99976,100,98940,100,99988,300,98894,100,99996,100,98867,100
2019-06-28 09:45:10.000000000,99888,100,99788,191,99893,491,99278,191,99894,191,99143,191,99914,191,99078,191,99928,100,99065,100,99929,100,98999,100,99930,100,98979,100,99976,100,98940,100,99988,300,98894,100,99996,100,98867,100
2019-06-28 09:45:14.743861438,99887,100,99788,191,99888,100,99278,191,99893,391,99143,191,99894,191,99078,191,99914,191,99065,100,99928,100,98999,100,99929,100,98979,100,99930,100,98940,100,99976,100,98894,100,99988,300,98867,100
2019-06-28 09:45:20.000000000,99887,282,99788,282,99888,191,99278,282,99893,300,99143,100,99894,100,99078,100,99914,100,99065,100,99928,100,98999,100,99929,100,98979,100,99930,100,98940,100,99976,100,98894,100,99988,300,98867,100
2019-06-28 09:45:30.000000000,99887,191,99788,191,99888,100,99278,191,99893,391,99143,191,99894,191,99078,191,99914,100,99065,100,99928,100,98999,100,99929,100,98979,100,99930,100,98940,100,99976,100,98894,100,99988,300,98867,100
2019-06-28 09:45:35.438479996,99887,291,99788,191,99888,100,99278,191,99893,391,99143,191,99894,191,99078,191,99914,100,99065,100,99928,100,98999,100,99929,100,98979,100,99930,100,98940,100,99976,100,98894,100,99988,300,98867,100
2019-06-28 09:45:39.699800613,99887,291,99788,191,99888,100,99278,191,99893,391,99173,100,99894,191,99143,191,99914,100,99078,191,99928,100,99065,100,99929,100,98999,100,99930,100,98979,100,99976,100,98940,100,99988,300,98894,100
2019-06-28 09:45:40.000000000,99887,291,99788,191,99888,100,99278,191,99893,391,99173,191,99894,191,99143,191,99914,100,99078,100,99928,100,99065,100,99929,100,98999,100,99930,100,98979,100,99976,100,98940,100,99988,300,98894,100
2019-06-28 09:45:50.000000000,99887,291,99788,191,99888,100,99278,191,99893,391,99173,191,99894,191,99143,191,99914,100,99078,100,99928,100,99065,100,99929,100,98999,100,99930,100,98979,100,99976,100,98940,100,99988,300,98894,100
2019-06-28 09:45:57.768312639,99887,291,99788,91,99888,100,99278,191,99893,391,99173,191,99894,191,99143,191,99914,100,99078,100,99928,100,99065,100,99929,100,98999,100,99930,100,98979,100,99976,100,98894,100,99988,300,98867,100
2019-06-28 09:46:00.000000000,99887,273,99278,173,99888,82,99173,173,99893,373,99143,173,99894,173,99078,173,99914,173,99065,173,99928,100,98999,100,99929,100,98979,100,99930,100,98894,100,99976,100,98867,100,99988,300,98734,100
2019-06-28 09:46:06.340579785,99887,273,99278,173,99888,82,99173,173,99893,373,99143,173,99894,173,99117,100,99914,173,99078,173,99928,100,99065,173,99929,100,98999,100,99930,100,98979,100,99976,100,98894,100,99988,300,98734,100
2019-06-28 09:46:10.000000000,99887,273,99278,173,99888,82,99173,173,99893,373,99143,173,99894,173,99117,173,99914,173,99078,173,99928,100,99065,100,99929,100,98999,100,99930,100,98979,100,99976,100,98894,100,99988,300,98734,100
2019-06-28 09:46:12.408084216,99364,100,99278,173,99887,273,99173,173,99888,82,99143,173,99893,373,99117,173,99894,173,99078,173,99914,173,99065,100,99928,100,98999,100,99929,100,98979,100,99930,100,98894,100,99976,100,98734,100
2019-06-28 09:46:20.000000000,99364,465,99278,465,99887,200,99173,100,99888,9,99143,100,99893,300,99117,100,99894,100,99078,100,99914,100,99065,100,99928,100,98999,100,99929,100,98979,100,99930,100,98894,100,99976,100,98734,100
2019-06-28 09:46:30.000000000,99364,224,99278,224,99887,320,99173,220,99888,129,99143,220,99893,300,99117,100,99894,100,99078,100,99914,100,99065,100,99928,100,98999,100,99929,100,98979,100,99930,100,98894,100,99976,100,98734,100
2019-06-28 09:46:34.282296929,99321,100,99278,224,99364,224,99173,220,99887,320,99143,220,99888,129,99117,100,99893,300,99078,100,99894,100,99065,100,99914,100,98999,100,99928,100,98979,100,99929,100,98894,100,99930,100,98734,100
2019-06-28 09:46:40.000000000,99321,465,99278,465,99364,100,99173,100,99887,200,99143,100,99888,9,99117,100,99893,300,99078,100,99894,100,99065,100,99914,100,98999,100,99928,100,98979,100,99929,100,98894,100,99930,100,98734,100
2019-06-28 09:46:50.000000000,99321,224,99278,224,99364,220,99173,220,99887,320,99143,220,99888,9,99117,100,99893,300,99078,100,99894,100,99065,100,99914,100,98999,100,99928,100,98979,100,99929,100,98894,100,99930,100,98734,100
2019-06-28 09:47:00.000000000,99321,282,99278,282,99364,282,99173,282,99887,200,99143,100,99888,9,99117,100,99893,300,99078,100,99894,100,99065,100,99914,100,98999,100,99928,100,98979,100,99929,100,98894,100,99930,100,98734,100
2019-06-28 09:47:10.000000000,99321,173,99278,173,99364,173,99173,173,99887,273,99143,173,99888,82,99117,173,99893,373,99078,173,99894,100,99065,100,99914,100,98999,100,99928,100,98979,100,99929,100,98894,100,99930,100,98734,100
2019-06-28 09:47:16.605057183,99321,173,99278,173,99364,173,99173,173,99887,273,99143,173,99888,82,99117,173,99893,373,99078,173,99894,100,99065,100,99914,100,98999,100,99928,100,98979,100,99929,100,98894,100,99930,100,98734,100
2019-06-28 09:47:20.000000000,99321,282,99278,282,99364,282,99173,282,99887,200,99143,100,99888,9,99117,100,99893,300,99078,100,99894,100,99065,100,99914,100,98999,100,99928,100,98979,100,99929,100,98894,100,99930,100,98734,100
2019-06-28 09:47:26.128501475,99321,282,99278,282,99332,100,99173,282,99364,282,99143,100,99887,200,99117,100,99888,9,99078,100,99893,300,99065,100,99894,100,98999,100,99914,100,98979,100,99928,100,98894,100,99929,100,98734,100
2019-06-28 09:47:29.871735741,99321,282,99278,282,99332,100,99173,282,99364,282,99143,100,99887,200,99117,100,99888,9,99078,100,99893,300,99065,100,99894,100,98999,100,99914,100,98979,100,99928,100,98868,100,99929,100,98734,100
2019-06-28 09:47:30.000000000,99321,465,99278,465,99332,100,99173,100,99364,100,99143,100,99887,200,99117,100,99888,9,99078,100,99893,300,99065,100,99894,100,98999,100,99914,100,98979,100,99928,100,98868,100,99929,100,98734,100
2019-06-28 09:47:31.606318904,99321,465,99278,365,99332,100,99173,100,99364,100,99143,100,99887,200,99117,100,99888,9,99078,100,99893,300,99065,100,99894,100,98999,100,99914,100,98979,100,99928,100,98868,100,99929,100,98734,100
2019-06-28 09:47:40.000000000,99321,173,99173,173,99332,173,99143,173,99364,173,99117,173,99887,273,99078,173,99888,82,99065,173,99893,300,98999,100,99894,100,98979,100,99914,100,98868,100,99928,100,98734,100,99929,100,98724,100
2019-06-28 09:47:40.015449330,99321,173,99173,173,99332,173,99143,173,99364,173,99117,173,99788,100,99078,173,99887,273,99065,173,99888,82,98999,100,99893,300,98979,100,99894,100,98868,100,99914,100,98734,100,99928,100,98724,100
2019-06-28 09:47:44.835121625,99321,173,99173,173,99332,173,99143,173,99364,173,99117,173,99788,100,99078,173,99887,273,99065,173,99888,82,98999,100,99893,300,98979,100,99894,100,98868,100,99914,100,98734,100,99928,100,98724,100
2019-06-28 09:47:50.000000000,99321,191,99173,191,99332,191,99143,191,99364,191,99117,191,99788,191,99078,191,99887,200,99065,100,99888,9,98999,100,99893,300,98979,100,99894,100,98868,100,99914,100,98734,100,99928,100,98724,100
2019-06-28 09:47:52.544669131,99205,100,99173,191,99321,191,99143,191,99332,191,99117,191,99364,191,99078,191,99788,191,99065,100,99887,200,98999,100,99888,9,98979,100,99893,300,98868,100,99894,100,98734,100,99914,100,98724,100
2019-06-28 09:47:55.266215698,99321,191,99173,191,99332,191,99143,191,99364,191,99117,191,99788,191,99078,191,99887,200,99065,100,99888,9,98999,100,99893,300,98979,100,99894,100,98868,100,99914,100,98734,100,99928,100,98724,100
2019-06-28 09:47:56.666363824,99321,191,99202,100,99332,191,99173,191,99364,191,99143,191,99788,191,99117,191,99887,200,99078,191,99888,9,99065,100,99893,300,98999,100,99894,100,98868,100,99914,100,98734,100,99928,100,98724,100
2019-06-28 09:47:56.896679838,99321,191,99202,100,99332,191,99173,191,99364,191,99143,191,99788,191,99117,191,99887,200,99104,100,99888,9,99078,191,99893,300,99065,100,99894,100,98999,100,99914,100,98868,100,99928,100,98734,100
2019-06-28 09:48:00.000000000,99321,465,99202,465,99332,100,99173,100,99364,100,99143,100,99788,100,99117,100,99887,200,99104,100,99888,9,99078,100,99893,300,99065,100,99894,100,98999,100,99914,100,98868,100,99928,100,98734,100
2019-06-28 09:48:03.416062615,99321,465,99202,465,99332,100,99173,100,99364,100,99143,100,99788,100,99117,100,99887,200,99104,100,99888,9,99078,100,99893,300,99065,100,99894,100,98999,100,99914,100,98868,100,99928,100,98803,100
2019-06-28 09:48:10.000000000,99321,465,99202,465,99332,100,99173,100,99364,100,99143,100,99788,100,99117,100,99887,200,99104,100,99888,9,99078,100,99893,300,99065,100,99894,100,98999,100,99914,100,98868,100,99928,100,98803,100
2019-06-28 09:48:18.061953915,99321,465,99279,100,99332,100,99202,465,99364,100,99173,100,99788,100,99143,100,99887,200,99117,100,99888,9,99104,100,99893,300,99078,100,99894,100,99065,100,99914,100,98999,100,99928,100,98868,100
2019-06-28 09:48:20.000000000,99321,173,99279,173,99332,173,99202,173,99364,173,99173,173,99788,173,99143,173,99887,273,99117,173,99888,9,99104,100,99893,300,99078,100,99894,100,99065,100,99914,100,98999,100,99928,100,98868,100
2019-06-28 09:48:22.481546265,99321,173,99279,173,99332,173,99202,173,99364,173,99173,173,99788,173,99143,173,99887,273,99117,173,99888,9,99104,100,99893,300,99078,100,99894,100,99065,100,99914,100,98999,100,99928,100,98868,100
2019-06-28 09:48:30.000000000,99321,282,99279,282,99332,282,99202,282,99364,100,99173,100,99788,100,99143,100,99887,200,99117,100,99888,9,99104,100,99893,300,99078,100,99894,100,99065,100,99914,100,98999,100,99928,100,98868,100
2019-06-28 09:48:40.000000000,99321,173,99279,173,99332,173,99202,173,99364,173,99173,173,99788,173,99143,173,99887,273,99117,173,99888,9,99104,100,99893,300,99078,100,99894,100,99065,100,99914,100,98999,100,99928,100,98868,100
2019-06-28 09:48:50.000000000,99321,224,99279,224,99332,220,99202,220,99364,220,99173,220,99788,100,99143,100,99887,200,99117,100,99888,9,99104,100,99893,300,99078,100,99894,100,99065,100,99914,100,98999,100,99928,100,98868,100
2019-06-28 09:48:56.939143801,99321,224,99279,224,99332,220,99202,220,99364,220,99173,220,99692,100,99143,100,99788,100,99117,100,99887,200,99104,100,99888,9,99078,100,99893,300,99065,100,99894,100,98999,100,99914,100,98868,100
2019-06-28 09:48:57.427975236,99321,224,99279,224,99332,220,99202,220,99364,220,99173,220,99515,100,99143,100,99692,100,99117,100,99788,100,99104,100,99887,200,99078,100,99893,300,99065,100,99894,100,98999,100,99914,100,98868,100
2019-06-28 09:49:00.000000000,99321,282,99279,282,99332,282,99202,282,99364,100,99173,100,99515,100,99143,100,99692,100,99117,100,99788,100,99104,100,99887,200,99078,100,99893,300,99065,100,99894,100,98999,100,99914,100,98868,100
2019-06-28 09:49:02.957568459,99321,182,99279,282,99332,282,99202,282,99364,100,99173,100,99515,100,99143,100,99692,100,99117,100,99788,100,99104,100,99887,200,99078,100,99893,300,99065,100,99894,100,98999,100,99914,100,98868,100
2019-06-28 09:49:09.169096348,99321,182,99279,282,99332,282,99202,282,99364,100,99173,100,99515,100,99156,100,99692,100,99143,100,99788,100,99117,100,99887,200,99104,100,99893,300,99078,100,99894,100,99065,100,99914,100,98999,100
2019-06-28 09:49:10.000000000,99332,173,99279,173,99364,173,99202,173,99515,173,99173,173,99692,173,99156,173,99788,173,99143,173,99887,200,99117,100,99893,300,99104,100,99894,100,99078,100,99914,100,99065,100,99928,100,98999,100
2019-06-28 09:49:14.983045056,99332,173,99279,173,99364,173,99202,173,99515,173,99173,173,99692,173,99156,173,99788,173,99143,173,99887,200,99117,100,99893,300,99104,100,99894,100,99095,100,99914,100,99078,100,99928,100,99065,100
2019-06-28 09:49:20.000000000,99332,173,99279,173,99364,173,99202,173,99515,173,99173,173,99692,173,99156,173,99788,173,99143,173,99887,200,99117,100,99893,300,99104,100,99894,100,99095,100,99914,100,99078,100,99928,100,99065,100
2019-06-28 09:49:21.393277975,99332,73,99279,173,99364,173,99202,173,99515,173,99173,173,99692,173,99156,173,99788,173,99143,173,99887,200,99117,100,99893,300,99104,100,99894,100,99095,100,99914,100,99078,100,99928,100,99065,100
2019-06-28 09:49:24.261856931,99332,73,99279,173,99364,173,99202,173,99515,173,99173,173,99617,100,99156,173,99692,173,99143,173,99788,173,99117,100,99887,200,99104,100,99893,300,99095,100,99894,100,99078,100,99914,100,99065,100
2019-06-28 09:49:30.000000000,99364,282,99279,282,99515,282,99202,282,99617,100,99173,100,99692,100,99156,100,99788,100,99143,100,99887,200,99117,100,99893,300,99104,100,99894,100,99095,100,99914,100,99078,100,99928,100,99065,100
2019-06-28 09:49:40.000000000,99364,224,99279,224,99515,220,99202,220,99617,220,99173,220,99692,100,99156,100,99788,100,99143,100,99887,200,99117,100,99893,300,99104,100,99894,100,99095,100,99914,100,99078,100,99928,100,99065,100
2019-06-28 09:49:41.375260440,99364,224,99279,224,99515,220,99202,220,99617,220,99173,220,99692,100,99156,100,99788,100,99143,100,99887,100,99117,100,99893,300,99104,100,99894,100,99095,100,99914,100,99078,100,99928,100,99065,100
2019-06-28 09:49:41.919872645,99364,224,99279,224,99515,220,99202,220,99617,220,99173,220,99692,100,99156,100,99788,100,99143,100,99887,100,99142,100,99893,300,99117,100,99894,100,99104,100,99914,100,99095,100,99928,100,99078,100
2019-06-28 09:49:50.000000000,99364,224,99279,224,99515,220,99202,220,99617,220,99173,220,99692,100,99156,100,99788,100,99143,100,99887,100,99142,100,99893,300,99117,100,99894,100,99104,100,99914,100,99095,100,99928,100,99078,100
2019-06-28 09:49:53.857204234,99364,224,99279,224,99515,220,99202,220,99617,220,99201,100,99692,100,99173,220,99788,100,99156,100,99887,100,99143,100,99893,300,99142,100,99894,100,99117,100,99914,100,99104,100,99928,100,99095,100
2019-06-28 09:50:00.000000000,99364,465,99279,465,99515,100,99202,100,99617,100,99201,100,99692,100,99173,100,99788,100,99156,100,99887,100,99143,100,99893,300,99142,100,99894,100,99117,100,99914,100,99104,100,99928,100,99095,100
2019-06-28 09:50:00.265679153,99364,365,99279,465,99617,100,99202,100,99692,100,99201,100,99788,100,99173,100,99887,100,99156,100,99893,300,99143,100,99894,100,99142,100,99914,100,99117,100,99928,100,99104,100,99929,100,99095,100
2019-06-28 09:50:05.467476808,99364,265,99279,465,99617,100,99202,100,99692,100,99201,100,99788,100,99173,100,99887,100,99156,100,99893,300,99143,100,99894,100,99142,100,99914,100,99117,100,99928,100,99104,100,99929,100,99095,100
2019-06-28 09:50:10.000000000,99617,173,99279,173,99692,173,99202,173,99788,173,99201,173,99887,173,99173,173,99893,373,99156,173,99894,100,99143,100,99914,100,99142,100,99928,100,99117,100,99929,100,99104,100,99976,100,99095,100
2019-06-28 09:50:20.000000000,99617,173,99279,173,99692,173,99202,173,99788,173,99201,173,99887,173,99173,173,99893,373,99156,173,99894,100,99143,100,99914,100,99142,100,99928,100,99117,100,99929,100,99104,100,99976,100,99095,100
2019-06-28 09:50:25.670201089,99401,100,99279,173,99617,173,99202,173,99692,173,99201,173,99788,173,99173,173,99887,173,99156,173,99893,373,99143,100,99894,100,99142,100,99914,100,99117,100,99928,100,99104,100,99929,100,99095,100
2019-06-28 09:50:30.000000000,99401,465,99279,465,99617,100,99202,100,99692,100,99201,100,99788,100,99173,100,99887,100,99156,100,99893,300,99143,100,99894,100,99142,100,99914,100,99117,100,99928,100,99104,100,99929,100,99095,100
2019-06-28 09:50:40.000000000,99401,191,99279,191,99617,191,99202,191,99692,191,99201,191,99788,191,99173,191,99887,100,99156,100,99893,300,99143,100,99894,100,99142,100,99914,100,99117,100,99928,100,99104,100,99929,100,99095,100
2019-06-28 09:50:43.523672917,99401,191,99279,191,99617,191,99202,191,99656,100,99201,191,99692,191,99173,91,99788,191,99156,100,99887,100,99143,100,99893,300,99142,100,99894,100,99117,100,99914,100,99104,100,99928,100,99095,100
2019-06-28 09:50:50.000000000,99401,191,99279,191,99617,191,99202,191,99656,191,99201,191,99692,191,99156,191,99788,100,99143,100,99887,100,99142,100,99893,300,99117,100,99894,100,99104,100,99914,100,99095,100,99928,100,99078,100
2019-06-28 09:50:58.461133639,99401,191,99279,191,99617,191,99202,291,99656,191,99201,191,99692,191,99156,191,99788,100,99143,100,99887,100,99142,100,99893,300,99117,100,99894,100,99095,100,99914,100,99078,100,99928,100,99065,100
2019-06-28 09:51:00.000000000,99401,191,99279,191,99617,191,99202,291,99656,191,99201,191,99692,191,99156,191,99788,100,99143,100,99887,100,99142,100,99893,300,99117,100,99894,100,99095,100,99914,100,99078,100,99928,100,99065,100
2019-06-28 09:51:02.472213991,99363,100,99279,191,99401,191,99202,291,99617,191,99201,191,99656,191,99156,191,99692,191,99143,100,99788,100,99142,100,99887,100,99117,100,99893,300,99095,100,99894,100,99078,100,99914,100,99065,100
2019-06-28 09:51:05.203582325,99305,100,99279,191,99363,100,99202,291,99401,191,99201,191,99617,191,99156,191,99656,191,99143,100,99692,191,99142,100,99788,100,99117,100,99887,100,99095,100,99893,300,99078,100,99894,100,99065,100
2019-06-28 09:51:10.000000000,99305,465,99279,465,99363,100,99202,200,99401,100,99201,100,99617,100,99156,100,99656,100,99143,100,99692,100,99142,100,99788,100,99117,100,99887,100,99095,100,99893,300,99078,100,99894,100,99065,100
2019-06-28 09:51:20.000000000,99305,173,99279,173,99363,173,99202,273,99401,173,99201,173,99617,173,99156,173,99656,173,99143,173,99692,100,99142,100,99788,100,99117,100,99887,100,99095,100,99893,300,99078,100,99894,100,99065,100
2019-06-28 09:51:30.000000000,99305,465,99279,465,99363,100,99202,200,99401,100,99201,100,99617,100,99156,100,99656,100,99143,100,99692,100,99142,100,99788,100,99117,100,99887,100,99095,100,99893,300,99078,100,99894,100,99065,100
2019-06-28 09:51:30.039932262,99305,365,99279,465,99363,100,99202,200,99401,100,99201,100,99617,100,99156,100,99656,100,99143,100,99692,100,99142,100,99788,100,99117,100,99893,300,99095,100,99894,100,99078,100,99914,100,99065,100
2019-06-28 09:51:39.868362978,99305,365,99279,465,99363,100,99202,200,99617,100,99201,100,99656,100,99191,100,99692,100,99156,100,99788,100,99143,100,99893,300,99142,100,99894,100,99117,100,99914,100,99095,100,99928,100,99078,100
2019-06-28 09:51:40.000000000,99363,465,99279,465,99617,100,99202,200,99656,100,99201,100,99692,100,99191,100,99788,100,99156,100,99893,300,99143,100,99894,100,99142,100,99914,100,99117,100,99928,100,99095,100,99929,100,99078,100
2019-06-28 09:51:50.000000000,99363,191,99279,191,99617,191,99202,291,99656,191,99201,191,99692,191,99191,191,99788,100,99156,100,99893,300,99143,100,99894,100,99142,100,99914,100,99117,100,99928,100,99095,100,99929,100,99078,100
2019-06-28 09:51:59.425721353,99363,191,99279,191,99617,191,99236,100,99656,191,99202,291,99692,191,99201,191,99788,100,99191,191,99893,300,99156,100,99894,100,99143,100,99914,100,99142,100,99928,100,99117,100,99929,100,99095,100
2019-06-28 09:52:00.000000000,99363,191,99279,191,99617,191,99236,191,99656,191,99202,291,99692,191,99201,191,99788,100,99191,100,99893,300,99156,100,99894,100,99143,100,99914,100,99142,100,99928,100,99117,100,99929,100,99095,100
2019-06-28 09:52:10.000000000,99363,191,99279,191,99617,191,99236,191,99656,191,99202,291,99692,191,99201,191,99788,100,99191,100,99893,300,99156,100,99894,100,99143,100,99914,100,99142,100,99928,100,99117,100,99929,100,99095,100
2019-06-28 09:52:20.000000000,99363,224,99279,224,99617,220,99236,220,99656,220,99202,320,99692,100,99201,100,99788,100,99191,100,99893,300,99156,100,99894,100,99143,100,99914,100,99142,100,99928,100,99117,100,99929,100,99095,100
2019-06-28 09:52:30.000000000,99363,282,99279,282,99617,282,99236,282,99656,100,99202,200,99692,100,99201,100,99788,100,99191,100,99893,300,99156,100,99894,100,99143,100,99914,100,99142,100,99928,100,99117,100,99929,100,99095,100
2019-06-28 09:52:40.000000000,99363,465,99279,465,99617,100,99236,100,99656,100,99202,200,99692,100,99201,100,99788,100,99191,100,99893,300,99156,100,99894,100,99143,100,99914,100,99142,100,99928,100,99117,100,99929,100,99095,100
2019-06-28 09:52:49.110614619,99363,365,99279,465,99617,100,99236,100,99656,100,99202,200,99692,100,99201,100,99788,100,99191,100,99893,300,99156,100,99894,100,99143,100,99914,100,99142,100,99928,100,99117,100,99929,100,99095,100
2019-06-28 09:52:50.000000000,99617,173,99279,173,99656,173,99236,173,99692,173,99202,273,99788,173,99201,173,99893,373,99191,173,99894,100,99156,100,99914,100,99143,100,99928,100,99142,100,99929,100,99117,100,99976,100,99095,100
2019-06-28 09:52:51.190627614,99617,173,99279,173,99656,173,99236,173,99692,173,99202,273,99788,173,99201,173,99893,373,99191,173,99894,100,99156,100,99914,100,99143,100,99928,100,99142,100,99929,100,99117,100,99988,200,99095,100
2019-06-28 09:52:51.457162079,99617,173,99279,173,99656,173,99236,173,99692,173,99202,273,99788,173,99201,173,99893,373,99191,173,99894,100,99156,100,99914,100,99143,100,99928,100,99142,100,99929,100,99117,100,99988,200,99095,100
2019-06-28 09:53:00.000000000,99617,191,99279,191,99656,191,99236,191,99692,191,99202,291,99788,191,99201,191,99893,300,99191,100,99894,100,99156,100,99914,100,99143,100,99928,100,99142,100,99929,100,99117,100,99988,200,99095,100
2019-06-28 09:53:10.000000000,99617,173,99279,173,99656,173,99236,173,99692,173,99202,273,99788,173,99201,173,99893,373,99191,173,99894,100,99156,100,99914,100,99143,100,99928,100,99142,100,99929,100,99117,100,99988,200,99095,100
2019-06-28 09:53:20.000000000,99617,465,99279,465,99656,100,99236,100,99692,100,99202,200,99788,100,99201,100,99893,300,99191,100,99894,100,99156,100,99914,100,99143,100,99928,100,99142,100,99929,100,99117,100,99988,200,99095,100
2019-06-28 09:53:29.489775220,99617,465,99305,100,99656,100,99279,465,99692,100,99236,100,99788,100,99202,200,99893,300,99201,100,99894,100,99191,100,99914,100,99156,100,99928,100,99143,100,99929,100,99142,100,99988,100,99117,100
2019-06-28 09:53:30.000000000,99617,173,99305,173,99656,173,99279,173,99692,173,99236,173,99788,173,99202,273,99893,373,99201,173,99894,100,99191,100,99914,100,99156,100,99928,100,99143,100,99929,100,99142,100,99988,100,99117,100
2019-06-28 09:53:34.215914332,99617,173,99305,273,99656,173,99279,173,99692,173,99236,173,99788,173,99202,273,99893,373,99201,173,99894,100,99191,100,99914,100,99156,100,99928,100,99143,100,99929,100,99142,100,99988,100,99117,100
2019-06-28 09:53:40.000000000,99617,224,99305,324,99656,220,99279,220,99692,220,99236,220,99788,100,99202,200,99893,300,99201,100,99894,100,99191,100,99914,100,99156,100,99928,100,99143,100,99929,100,99142,100,99988,100,99117,100
2019-06-28 09:53:44.292573019,99617,124,99305,324,99656,220,99279,220,99692,220,99236,220,99788,100,99202,200,99893,300,99191,100,99894,100,99156,100,99914,100,99143,100,99928,100,99142,100,99929,100,99117,100,99988,100,99095,100
2019-06-28 09:53:50.000000000,99656,191,99305,291,99692,191,99279,191,99788,191,99236,191,99893,391,99202,291,99894,100,99191,100,99914,100,99156,100,99928,100,99143,100,99929,100,99142,100,99988,100,99117,100,100000,100,99095,100
2019-06-28 09:53:50.776019981,99656,191,99363,100,99692,191,99305,291,99788,191,99279,191,99893,291,99236,191,99894,100,99202,291,99914,100,99191,100,99928,100,99156,100,99929,100,99143,100,99988,100,99142,100,100000,100,99117,100
2019-06-28 09:53:54.234626029,99656,191,99363,100,99692,191,99305,291,99788,191,99279,191,99893,291,99236,191,99894,100,99202,291,99914,100,99191,100,99928,100,99143,100,99929,100,99142,100,99988,100,99117,100,100000,100,99095,100
2019-06-28 09:54:00.000000000,99656,224,99363,224,99692,220,99305,320,99788,220,99279,220,99893,200,99236,100,99894,100,99202,200,99914,100,99191,100,99928,100,99143,100,99929,100,99142,100,99988,100,99117,100,100000,100,99095,100
2019-06-28 09:54:07.675809811,99656,124,99363,224,99692,220,99305,320,99788,220,99279,220,99893,200,99236,100,99894,100,99202,100,99914,100,99191,100,99928,100,99143,100,99929,100,99142,100,99988,100,99117,100,100000,100,99095,100
2019-06-28 09:54:10.000000000,99692,191,99363,191,99788,191,99305,291,99893,291,99279,191,99894,191,99236,191,99914,100,99202,100,99928,100,99191,100,99929,100,99143,100,99988,100,99142,100,100000,100,99117,100,100011,100,99095,100
2019-06-28 09:54:10.461282125,99692,191,99363,191,99788,191,99305,291,99893,291,99279,191,99894,191,99236,191,99914,100,99202,100,99928,100,99191,100,99929,100,99143,100,99988,100,99142,100,100000,100,99117,100,100011,100,99095,100
2019-06-28 09:54:20.000000000,99692,282,99363,282,99788,282,99305,382,99893,200,99279,100,99894,100,99236,100,99914,100,99202,100,99928,100,99191,100,99929,100,99143,100,99988,100,99142,100,100000,100,99117,100,100011,100,99095,100
2019-06-28 09:54:30.000000000,99692,465,99363,465,99788,100,99305,200,99893,200,99279,100,99894,100,99236,100,99914,100,99202,100,99928,100,99191,100,99929,100,99143,100,99988,100,99142,100,100000,100,99117,100,100011,100,99095,100
2019-06-28 09:54:30.996951568,99692,365,99363,465,99788,100,99305,200,99893,200,99279,100,99894,100,99236,100,99914,100,99202,100,99928,100,99191,100,99929,100,99143,100,99988,100,99142,100,100000,100,99117,100,100011,100,99095,100
2019-06-28 09:54:32.443074607,99692,365,99363,465,99788,100,99305,200,99893,200,99279,100,99894,100,99236,100,99914,100,99202,100,99928,100,99191,100,99929,100,99143,100,99988,100,99142,100,100000,100,99117,100,100011,100,99095,100
2019-06-28 09:54:36.060508888,99692,365,99363,465,99788,100,99305,200,99893,200,99279,100,99894,100,99236,100,99914,100,99202,100,99928,100,99191,100,99929,100,99143,100,99988,100,99142,100,100000,100,99117,100,100011,100,99095,100
2019-06-28 09:54:40.000000000,99788,282,99363,282,99893,382,99305,382,99894,100,99279,100,99914,100,99236,100,99928,100,99202,100,99929,100,99191,100,99988,100,99143,100,100000,100,99142,100,100011,100,99117,100,100091,100,99095,100
2019-06-28 09:54:45.311068683,99788,282,99363,282,99893,382,99305,382,99894,100,99279,100,99914,100,99236,100,99928,100,99202,100,99929,100,99191,100,99988,100,99143,100,100000,100,99142,100,100011,100,99117,100,100091,100,99095,100
2019-06-28 09:54:49.449338241,99788,282,99363,282,99893,382,99305,382,99894,100,99279,100,99914,100,99236,100,99928,100,99202,100,99929,100,99191,100,99988,100,99143,100,100000,100,99142,100,100011,100,99117,100,100091,100,99095,100
2019-06-28 09:54:50.000000000,99788,282,99363,282,99893,382,99305,382,99894,100,99279,100,99914,100,99236,100,99928,100,99202,100,99929,100,99191,100,99988,100,99143,100,100000,100,99142,100,100011,100,99117,100,100091,100,99095,100
2019-06-28 09:55:00.000000000,99788,282,99363,282,99893,382,99305,382,99894,100,99279,100,99914,100,99236,100,99928,100,99202,100,99929,100,99191,100,99988,100,99143,100,100000,100,99142,100,100011,100,99117,100,100091,100,99095,100
2019-06-28 09:55:10.000000000,99788,173,99363,173,99893,273,99305,273,99894,173,99279,173,99914,173,99236,173,99928,173,99202,173,99929,100,99191,100,99988,100,99143,100,100000,100,99142,100,100011,100,99117,100,100091,100,99095,100
2019-06-28 09:55:20.000000000,99788,191,99363,191,99893,291,99305,291,99894,191,99279,191,99914,191,99236,191,99928,100,99202,100,99929,100,99191,100,99988,100,99143,100,100000,100,99142,100,100011,100,99117,100,100091,100,99095,100
2019-06-28 09:55:23.825997985,99788,191,99656,100,99893,291,99363,191,99894,191,99305,291,99914,191,99279,191,99928,100,99236,191,99929,100,99202,100,99988,100,99191,100,100000,100,99143,100,100011,100,99142,100,100091,100,99117,100
2019-06-28 09:55:30.000000000,99788,173,99656,173,99893,273,99363,173,99894,173,99305,273,99914,173,99279,173,99928,173,99236,173,99929,100,99202,100,99988,100,99191,100,100000,100,99143,100,100011,100,99142,100,100091,100,99117,100
2019-06-28 09:55:32.359646400,99788,173,99656,173,99893,173,99363,173,99894,173,99305,273,99914,173,99279,173,99928,173,99236,173,99929,100,99202,100,99988,100,99191,100,100000,100,99143,100,100011,100,99142,100,100091,100,99117,100
2019-06-28 09:55:40.000000000,99788,282,99656,282,99893,282,99363,282,99894,100,99305,200,99914,100,99279,100,99928,100,99236,100,99929,100,99202,100,99988,100,99191,100,100000,100,99143,100,100011,100,99142,100,100091,100,99117,100
2019-06-28 09:55:44.620522328,99788,282,99656,282,99893,282,99363,282,99894,100,99305,200,99914,100,99279,100,99928,100,99236,100,99929,100,99202,100,99988,100,99191,100,100000,100,99143,100,100011,100,99142,100,100091,100,99117,100
2019-06-28 09:55:50.000000000,99788,224,99656,224,99893,220,99363,220,99894,220,99305,320,99914,100,99279,100,99928,100,99236,100,99929,100,99202,100,99988,100,99191,100,100000,100,99143,100,100011,100,99142,100,100091,100,99117,100
2019-06-28 09:56:00.000000000,99788,465,99656,465,99893,100,99363,100,99894,100,99305,200,99914,100,99279,100,99928,100,99236,100,99929,100,99202,100,99988,100,99191,100,100000,100,99143,100,100011,100,99142,100,100091,100,99117,100
2019-06-28 09:56:10.000000000,99788,224,99656,224,99893,220,99363,220,99894,220,99305,320,99914,100,99279,100,99928,100,99236,100,99929,100,99202,100,99988,100,99191,100,100000,100,99143,100,100011,100,99142,100,100091,100,99117,100
2019-06-28 09:56:20.000000000,99788,224,99656,224,99893,220,99363,220,99894,220,99305,320,99914,100,99279,100,99928,100,99236,100,99929,100,99202,100,99988,100,99191,100,100000,100,99143,100,100011,100,99142,100,100091,100,99117,100
2019-06-28 09:56:30.000000000,99788,224,99656,224,99893,220,99363,220,99894,220,99305,320,99914,100,99279,100,99928,100,99236,100,99929,100,99202,100,99988,100,99191,100,100000,100,99143,100,100011,100,99142,100,100091,100,99117,100
2019-06-28 09:56:40.000000000,99788,282,99656,282,99893,282,99363,282,99894,100,99305,200,99914,100,99279,100,99928,100,99236,100,99929,100,99202,100,99988,100,99191,100,100000,100,99143,100,100011,100,99142,100,100091,100,99117,100
2019-06-28 09:56:41.144726442,99788,282,99656,282,99893,282,99363,282,99894,100,99305,200,99914,100,99279,100,99928,100,99236,100,99929,100,99202,100,99988,100,99191,100,100000,100,99143,100,100011,100,99142,100,100091,100,99117,100
2019-06-28 09:56:50.000000000,99788,465,99656,465,99893,100,99363,100,99894,100,99305,200,99914,100,99279,100,99928,100,99236,100,99929,100,99202,100,99988,100,99191,100,100000,100,99143,100,100011,100,99142,100,100091,100,99117,100
2019-06-28 09:57:00.000000000,99788,465,99656,465,99893,100,99363,100,99894,100,99305,200,99914,100,99279,100,99928,100,99236,100,99929,100,99202,100,99988,100,99191,100,100000,100,99143,100,100011,100,99142,100,100091,100,99117,100
2019-06-28 09:57:02.337572710,99788,465,99656,465,99893,100,99363,100,99894,100,99305,200,99914,100,99279,100,99928,100,99236,100,99929,100,99202,100,99988,100,99191,100,100000,100,99143,100,100011,100,99142,100,100091,100,99117,100
2019-06-28 09:57:10.000000000,99788,465,99656,465,99893,100,99363,100,99894,100,99305,200,99914,100,99279,100,99928,100,99236,100,99929,100,99202,100,99988,100,99191,100,100000,100,99143,100,100011,100,99142,100,100091,100,99117,100
2019-06-28 09:57:11.744498180,99788,465,99656,465,99893,100,99363,100,99894,100,99305,200,99914,100,99279,100,99928,100,99202,100,99929,100,99191,100,99988,100,99143,100,100000,100,99142,100,100011,100,99117,100,100091,100,99095,100
2019-06-28 09:57:20.000000000,99788,224,99656,224,99893,220,99363,220,99894,220,99305,320,99914,100,99279,100,99928,100,99202,100,99929,100,99191,100,99988,100,99143,100,100000,100,99142,100,100011,100,99117,100,100091,100,99095,100
2019-06-28 09:57:23.814858606,99788,224,99656,224,99893,220,99363,220,99894,220,99305,320,99914,100,99279,100,99928,100,99202,100,99929,100,99191,100,99988,100,99143,100,100000,100,99142,100,100011,100,99117,100,100091,100,99095,100
2019-06-28 09:57:30.000000000,99788,191,99656,191,99893,191,99363,191,99894,191,99305,291,99914,191,99279,191,99928,100,99202,100,99929,100,99191,100,99988,100,99143,100,100000,100,99142,100,100011,100,99117,100,100091,100,99095,100
2019-06-28 09:57:40.000000000,99788,282,99656,282,99893,282,99363,282,99894,100,99305,200,99914,100,99279,100,99928,100,99202,100,99929,100,99191,100,99988,100,99143,100,100000,100,99142,100,100011,100,99117,100,100091,100,99095,100
2019-06-28 09:57:42.436601586,99788,282,99656,282,99893,282,99363,282,99894,100,99305,200,99914,100,99279,100,99928,100,99202,100,99929,100,99191,100,99988,100,99143,100,100000,100,99142,100,100011,100,99117,100,100091,100,99095,100
2019-06-28 09:57:50.000000000,99788,173,99656,173,99893,173,99363,173,99894,173,99305,273,99914,173,99279,173,99928,173,99202,173,99929,100,99191,100,99988,100,99143,100,100000,100,99142,100,100011,100,99117,100,100091,100,99095,100
2019-06-28 09:58:00.000000000,99788,173,99656,173,99893,173,99363,173,99894,173,99305,273,99914,173,99279,173,99928,173,99202,173,99929,100,99191,100,99988,100,99143,100,100000,100,99142,100,100011,100,99117,100,100091,100,99095,100
2019-06-28 09:58:10.000000000,99788,465,99656,465,99893,100,99363,100,99894,100,99305,200,99914,100,99279,100,99928,100,99202,100,99929,100,99191,100,99988,100,99143,100,100000,100,99142,100,100011,100,99117,100,100091,100,99095,100
2019-06-28 09:58:10.609807176,99788,465,99656,365,99893,100,99363,100,99894,100,99305,200,99914,100,99279,100,99928,100,99202,100,99929,100,99191,100,99988,100,99143,100,100000,100,99142,100,100011,100,99117,100,100091,100,99095,100
2019-06-28 09:58:15.636867284,99788,365,99656,365,99893,100,99363,100,99894,100,99305,200,99914,100,99279,100,99928,100,99202,100,99929,100,99191,100,99988,100,99143,100,100000,100,99142,100,100011,100,99117,100,100091,100,99095,100
2019-06-28 09:58:19.269157215,99788,365,99656,365,99893,100,99363,100,99894,100,99305,200,99914,100,99279,100,99928,100,99202,100,99929,100,99143,100,99988,100,99142,100,100000,100,99117,100,100011,100,99095,100,100091,100,99078,100
2019-06-28 09:58:20.000000000,99893,282,99363,282,99894,282,99305,382,99914,100,99279,100,99928,100,99202,100,99929,100,99143,100,99988,100,99142,100,100000,100,99117,100,100011,100,99095,100,100091,100,99078,100,100143,100,99065,100
2019-06-28 09:58:30.000000000,99893,173,99363,173,99894,173,99305,273,99914,173,99279,173,99928,173,99202,173,99929,173,99143,173,99988,100,99142,100,100000,100,99117,100,100011,100,99095,100,100091,100,99078,100,100143,100,99065,100
2019-06-28 09:58:30.317388351,99893,173,99363,173,99894,173,99305,273,99914,173,99279,173,99928,173,99202,173,99929,173,99143,173,99988,100,99142,100,100000,100,99117,100,100011,100,99095,100,100091,100,99078,100,100143,100,99065,100
2019-06-28 09:58:37.150135322,99893,173,99692,100,99894,173,99363,173,99914,73,99305,273,99928,173,99279,173,99929,173,99202,173,99988,100,99143,173,100000,100,99142,100,100011,100,99117,100,100091,100,99095,100,100143,100,99078,100
2019-06-28 09:58:40.000000000,99893,224,99692,224,99894,220,99363,220,99928,220,99305,320,99929,100,99279,100,99988,100,99202,100,100000,100,99143,100,100011,100,99142,100,100091,100,99117,100,100143,100,99095,100,100225,100,99078,100
2019-06-28 09:58:40.249428909,99893,124,99692,224,99894,220,99363,220,99928,220,99305,320,99929,100,99279,100,99988,100,99202,100,100000,100,99143,100,100011,100,99142,100,100091,100,99117,100,100143,100,99095,100,100225,100,99078,100
2019-06-28 09:58:44.845102027,99893,24,99692,224,99894,120,99363,220,99928,220,99305,320,99929,100,99279,100,99988,100,99202,100,100000,100,99143,100,100011,100,99142,100,100091,100,99117,100,100143,100,99095,100,100225,100,99078,100
2019-06-28 09:58:50.000000000,99928,282,99692,282,99929,282,99363,282,99988,100,99305,200,100000,100,99279,100,100011,100,99202,100,100091,100,99143,100,100143,100,99142,100,100225,100,99117,100,100470,100,99095,100,100703,100,99078,100
2019-06-28 09:58:59.475305527,99928,282,99893,100,99929,282,99692,282,99988,100,99363,282,100000,100,99305,200,100011,100,99279,100,100091,100,99202,100,100143,100,99143,100,100225,100,99142,100,100470,100,99117,100,100703,100,99095,100
2019-06-28 09:59:00.000000000,99928,224,99893,224,99929,220,99692,220,99988,220,99363,220,100000,100,99305,200,100011,100,99279,100,100091,100,99202,100,100143,100,99143,100,100225,100,99142,100,100470,100,99117,100,100703,100,99095,100
2019-06-28 09:59:05.101092221,99928,224,99893,224,99929,220,99692,220,99988,220,99363,220,100000,100,99305,200,100011,100,99279,100,100091,100,99202,100,100143,100,99143,100,100225,100,99142,100,100470,100,99117,100,100703,100,99095,100
2019-06-28 09:59:10.000000000,99928,191,99893,191,99929,191,99692,191,99988,191,99363,191,100000,191,99305,291,100011,100,99279,100,100091,100,99202,100,100143,100,99143,100,100225,100,99142,100,100470,100,99117,100,100703,100,99095,100
2019-06-28 09:59:20.000000000,99928,191,99893,191,99929,191,99692,191,99988,191,99363,191,100000,191,99305,291,100011,100,99279,100,100091,100,99202,100,100143,100,99143,100,100225,100,99142,100,100470,100,99117,100,100703,100,99095,100
2019-06-28 09:59:30.000000000,99928,224,99893,224,99929,220,99692,220,99988,220,99363,220,100000,100,99305,200,100011,100,99279,100,100091,100,99202,100,100143,100,99143,100,100225,100,99142,100,100470,100,99117,100,100703,100,99095,100
2019-06-28 09:59:37.391875168,99928,224,99893,224,99929,220,99692,220,99988,220,99363,220,100000,100,99305,200,100011,100,99279,100,100091,100,99143,100,100143,100,99142,100,100225,100,99117,100,100470,100,99095,100,100703,100,99078,100
2019-06-28 09:59:40.000000000,99928,224,99893,224,99929,220,99692,220,99988,220,99363,220,100000,100,99305,200,100011,100,99279,100,100091,100,99143,100,100143,100,99142,100,100225,100,99117,100,100470,100,99095,100,100703,100,99078,100
2019-06-28 09:59:40.165274441,99928,224,99893,224,99929,220,99692,220,99988,220,99363,220,100000,100,99305,200,100011,100,99279,100,100091,100,99143,100,100143,100,99142,100,100225,100,99117,100,100470,100,99095,100,100703,100,99078,100
2019-06-28 09:59:49.038227252,99928,124,99893,224,99929,220,99692,220,99988,220,99363,220,100000,100,99305,200,100011,100,99279,100,100091,100,99143,100,100225,100,99142,100,100470,100,99117,100,100703,100,99095,100,100735,100,99078,100
2019-06-28 09:59:50.000000000,99929,191,99893,191,99988,191,99692,191,100000,191,99363,191,100011,191,99305,291,100091,100,99279,100,100225,100,99143,100,100470,100,99142,100,100703,100,99117,100,100735,100,99095,100,100760,100,99078,100
2019-06-28 10:00:00.000000000,99929,282,99893,282,99988,282,99692,282,100000,100,99363,100,100011,100,99305,200,100091,100,99279,100,100225,100,99143,100,100470,100,99142,100,100703,100,99117,100,100735,100,99095,100,100760,100,99078,100
2019-06-28 10:00:10.000000000,99929,173,99893,173,99988,173,99692,173,100000,173,99363,173,100011,173,99305,273,100091,173,99279,173,100225,100,99143,100,100470,100,99142,100,100703,100,99117,100,100735,100,99095,100,100760,100,99078,100
2019-06-28 10:00:11.835844920,99929,173,99894,100,99988,173,99893,73,100000,173,99692,173,100011,173,99363,173,100091,173,99305,273,100225,100,99279,173,100470,100,99143,100,100703,100,99142,100,100735,100,99117,100,100760,100,99095,100
2019-06-28 10:00:20.000000000,99929,224,99894,224,99988,220,99692,220,100000,220,99363,220,100011,100,99305,200,100091,100,99279,100,100225,100,99143,100,100470,100,99142,100,100703,100,99117,100,100735,100,99095,100,100760,100,99078,100
2019-06-28 10:00:26.668267120,99929,124,99894,224,99988,220,99692,220,100000,220,99363,220,100011,100,99305,200,100091,100,99279,100,100225,100,99143,100,100470,100,99142,100,100735,100,99117,100,100760,100,99095,100,100788,100,99078,100
2019-06-28 10:00:30.000000000,99988,173,99894,173,100000,173,99692,173,100011,173,99363,173,100091,173,99305,273,100225,173,99279,173,100470,100,99143,100,100735,100,99142,100,100760,100,99117,100,100788,100,99095,100,100883,100,99078,100
2019-06-28 10:00:31.600573309,99988,73,99894,173,100000,173,99692,173,100011,173,99363,173,100091,173,99305,273,100225,173,99279,173,100470,100,99143,100,100735,100,99142,100,100760,100,99117,100,100788,100,99095,100,100883,100,99078,100
2019-06-28 10:00:40.000000000,100000,465,99894,465,100011,100,99692,100,100091,100,99363,100,100225,100,99305,200,100470,100,99279,100,100735,100,99143,100,100760,100,99142,100,100788,100,99117,100,100883,100,99095,100,101152,100,99078,100
2019-06-28 10:00:50.000000000,100000,191,99894,191,100011,191,99692,191,100091,191,99363,191,100225,191,99305,291,100470,100,99279,100,100735,100,99143,100,100760,100,99142,100,100788,100,99117,100,100883,100,99095,100,101152,100,99078,100
2019-06-28 10:01:00.000000000,100000,465,99894,465,100011,100,99692,100,100091,100,99363,100,100225,100,99305,200,100470,100,99279,100,100735,100,99143,100,100760,100,99142,100,100788,100,99117,100,100883,100,99095,100,101152,100,99078,100
2019-06-28 10:01:10.000000000,100000,191,99894,191,100011,191,99692,191,100091,191,99363,191,100225,191,99305,291,100470,100,99279,100,100735,100,99143,100,100760,100,99142,100,100788,100,99117,100,100883,100,99095,100,101152,100,99078,100
2019-06-28 10:01:20.000000000,100000,224,99894,224,100011,220,99692,220,100091,220,99363,220,100225,100,99305,200,100470,100,99279,100,100735,100,99143,100,100760,100,99142,100,100788,100,99117,100,100883,100,99095,100,101152,100,99078,100
2019-06-28 10:01:30.000000000,100000,282,99894,282,100011,282,99692,282,100091,100,99363,100,100225,100,99305,200,100470,100,99279,100,100735,100,99143,100,100760,100,99142,100,100788,100,99117,100,100883,100,99095,100,101152,100,99078,100
2019-06-28 10:01:39.961907744,100000,282,99894,282,100011,282,99692,282,100091,100,99363,100,100225,100,99305,200,100470,100,99279,100,100735,100,99143,100,100760,100,99142,100,100788,100,99117,100,100883,100,99095,100,101152,100,99078,100
2019-06-28 10:01:40.000000000,100000,224,99894,224,100011,220,99692,220,100091,220,99363,220,100225,100,99305,200,100470,100,99279,100,100735,100,99143,100,100760,100,99142,100,100788,100,99117,100,100883,100,99095,100,101152,100,99078,100
2019-06-28 10:01:44.982122372,100000,224,99894,224,100011,220,99692,220,100091,220,99363,220,100225,100,99305,200,100470,100,99279,100,100735,100,99143,100,100760,100,99142,100,100788,100,99117,100,100883,100,99095,100,101152,100,99078,100
2019-06-28 10:01:50.000000000,100000,465,99894,465,100011,100,99692,100,100091,100,99363,100,100225,100,99305,200,100470,100,99279,100,100735,100,99143,100,100760,100,99142,100,100788,100,99117,100,100883,100,99095,100,101152,100,99078,100
2019-06-28 10:02:00.000000000,100000,191,99894,191,100011,191,99692,191,100091,191,99363,191,100225,191,99305,291,100470,100,99279,100,100735,100,99143,100,100760,100,99142,100,100788,100,99117,100,100883,100,99095,100,101152,100,99078,100
2019-06-28 10:02:04.568767513,100000,91,99894,191,100011,191,99692,191,100091,191,99363,191,100225,191,99305,291,100470,100,99279,100,100735,100,99143,100,100760,100,99142,100,100788,100,99117,100,100883,100,99095,100,101152,100,99078,100
2019-06-28 10:02:10.000000000,100011,224,99894,224,100091,220,99692,220,100225,220,99363,220,100470,100,99305,200,100735,100,99279,100,100760,100,99143,100,100788,100,99142,100,100883,100,99117,100,101152,100,99095,100,101188,100,99078,100
2019-06-28 10:02:16.766986542,100011,224,99894,224,100091,220,99692,220,100225,220,99363,220,100470,100,99305,200,100735,100,99279,100,100760,100,99143,100,100788,100,99142,100,100883,100,99117,100,101152,100,99095,100,101188,100,99078,100
2019-06-28 10:02:20.000000000,100011,191,99894,191,100091,191,99692,191,100225,191,99363,191,100470,191,99305,291,100735,100,99279,100,100760,100,99143,100,100788,100,99142,100,100883,100,99117,100,101152,100,99095,100,101188,100,99078,100
2019-06-28 10:02:30.000000000,100011,173,99894,173,100091,173,99692,173,100225,173,99363,173,100470,173,99305,273,100735,173,99279,173,100760,100,99143,100,100788,100,99142,100,100883,100,99117,100,101152,100,99095,100,101188,100,99078,100
2019-06-28 10:02:40.000000000,100011,465,99894,465,100091,100,99692,100,100225,100,99363,100,100470,100,99305,200,100735,100,99279,100,100760,100,99143,100,100788,100,99142,100,100883,100,99117,100,101152,100,99095,100,101188,100,99078,100
2019-06-28 10:02:50.000000000,100011,465,99894,465,100091,100,99692,100,100225,100,99363,100,100470,100,99305,200,100735,100,99279,100,100760,100,99143,100,100788,100,99142,100,100883,100,99117,100,101152,100,99095,100,101188,100,99078,100
2019-06-28 10:03:00.000000000,100011,191,99894,191,100091,191,99692,191,100225,191,99363,191,100470,191,99305,291,100735,100,99279,100,100760,100,99143,100,100788,100,99142,100,100883,100,99117,100,101152,100,99095,100,101188,100,99078,100
2019-06-28 10:03:00.793858389,100011,91,99894,191,100091,191,99692,191,100225,191,99363,191,100470,191,99305,291,100735,100,99279,100,100760,100,99143,100,100788,100,99142,100,100883,100,99117,100,101152,100,99095,100,101188,100,99078,100
2019-06-28 10:03:10.000000000,100091,282,99894,282,100225,282,99692,282,100470,100,99363,100,100735,100,99305,200,100760,100,99279,100,100788,100,99143,100,100883,100,99142,100,101152,100,99117,100,101188,100,99095,100,101218,100,99078,100
2019-06-28 10:03:11.276120013,100091,282,99894,282,100225,282,99692,282,100470,100,99363,100,100735,100,99305,200,100760,100,99279,100,100788,100,99143,100,100883,100,99142,100,101152,100,99117,100,101188,100,99095,100,101218,100,99078,100
2019-06-28 10:03:20.000000000,100091,173,99894,173,100225,173,99692,173,100470,173,99363,173,100735,173,99305,273,100760,173,99279,173,100788,100,99143,100,100883,100,99142,100,101152,100,99117,100,101188,100,99095,100,101218,100,99078,100
2019-06-28 10:03:30.000000000,100091,282,99894,282,100225,282,99692,282,100470,100,99363,100,100735,100,99305,200,100760,100,99279,100,100788,100,99143,100,100883,100,99142,100,101152,100,99117,100,101188,100,99095,100,101218,100,99078,100
2019-06-28 10:03:40.000000000,100091,282,99894,282,100225,282,99692,282,100470,100,99363,100,100735,100,99305,200,100760,100,99279,100,100788,100,99143,100,100883,100,99142,100,101152,100,99117,100,101188,100,99095,100,101218,100,99078,100
2019-06-28 10:03:50.000000000,100091,191,99894,191,100225,191,99692,191,100470,191,99363,191,100735,191,99305,291,100760,100,99279,100,100788,100,99143,100,100883,100,99142,100,101152,100,99117,100,101188,100,99095,100,101218,100,99078,100
2019-06-28 10:03:54.601771375,100091,91,99894,191,100225,191,99692,191,100470,191,99363,191,100735,191,99305,291,100760,100,99279,100,100788,100,99143,100,100883,100,99142,100,101152,100,99117,100,101188,100,99095,100,101218,100,99078,100
2019-06-28 10:04:00.000000000,100225,173,99894,173,100470,173,99692,173,100735,173,99363,173,100760,173,99305,273,100788,173,99279,173,100883,100,99143,100,101152,100,99142,100,101188,100,99117,100,101218,100,99095,100,101220,100,99078,100
2019-06-28 10:04:10.000000000,100225,465,99894,465,100470,100,99692,100,100735,100,99363,100,100760,100,99305,200,100788,100,99279,100,100883,100,99143,100,101152,100,99142,100,101188,100,99117,100,101218,100,99095,100,101220,100,99078,100
2019-06-28 10:04:20.000000000,100225,282,99894,282,100470,282,99692,282,100735,100,99363,100,100760,100,99305,200,100788,100,99279,100,100883,100,99143,100,101152,100,99142,100,101188,100,99117,100,101218,100,99095,100,101220,100,99078,100
2019-06-28 10:04:30.000000000,100225,224,99894,224,100470,220,99692,220,100735,220,99363,220,100760,100,99305,200,100788,100,99279,100,100883,100,99143,100,101152,100,99142,100,101188,100,99117,100,101218,100,99095,100,101220,100,99078,100
2019-06-28 10:04:36.389486761,100225,224,99894,224,100470,220,99692,220,100735,220,99363,220,100760,100,99305,200,100788,100,99279,100,100883,100,99143,100,101152,100,99142,100,101188,100,99117,100,101218,100,99095,100,101220,100,99078,100
2019-06-28 10:04:38.055886774,100225,224,99894,224,100470,220,99692,220,100735,220,99363,220,100760,100,99305,200,100883,100,99279,100,101152,100,99143,100,101188,100,99142,100,101218,100,99117,100,101220,100,99095,100,101398,100,99078,100
2019-06-28 10:04:40.000000000,100225,191,99894,191,100470,191,99692,191,100735,191,99363,191,100760,191,99305,291,100883,100,99279,100,101152,100,99143,100,101188,100,99142,100,101218,100,99117,100,101220,100,99095,100,101398,100,99078,100
2019-06-28 10:04:50.000000000,100225,191,99894,191,100470,191,99692,191,100735,191,99363,191,100760,191,99305,291,100883,100,99279,100,101152,100,99143,100,101188,100,99142,100,101218,100,99117,100,101220,100,99095,100,101398,100,99078,100
2019-06-28 10:04:52.214397018,100225,191,99894,191,100470,191,99692,191,100735,191,99363,191,100760,191,99305,291,100883,100,99279,100,101152,100,99143,100,101188,100,99142,100,101218,100,99117,100,101220,100,99095,100,101398,100,99078,100
2019-06-28 10:05:00.000000000,100225,282,99894,282,100470,282,99692,282,100735,100,99363,100,100760,100,99305,200,100883,100,99279,100,101152,100,99143,100,101188,100,99142,100,101218,100,99117,100,101220,100,99095,100,101398,100,99078,100
2019-06-28 10:05:10.000000000,100225,191,99894,191,100470,191,99692,191,100735,191,99363,191,100760,191,99305,291,100883,100,99279,100,101152,100,99143,100,101188,100,99142,100,101218,100,99117,100,101220,100,99095,100,101398,100,99078,100
2019-06-28 10:05:20.000000000,100225,173,99894,173,100470,173,99692,173,100735,173,99363,173,100760,173,99305,273,100883,173,99279,173,101152,100,99143,100,101188,100,99142,100,101218,100,99117,100,101220,100,99095,100,101398,100,99078,100
2019-06-28 10:05:30.000000000,100225,191,99894,191,100470,191,99692,191,100735,191,99363,191,100760,191,99305,291,100883,100,99279,100,101152,100,99143,100,101188,100,99142,100,101218,100,99117,100,101220,100,99095,100,101398,100,99078,100
2019-06-28 10:05:30.661977030,100225,191,100011,100,100470,191,99894,191,100735,191,99692,191,100760,191,99363,191,100883,100,99305,291,101152,100,99279,100,101188,100,99143,100,101218,100,99142,100,101220,100,99117,100,101398,100,99095,100
2019-06-28 10:05:40.000000000,100225,191,100011,191,100470,191,99894,191,100735,191,99692,191,100760,191,99363,191,100883,100,99305,200,101152,100,99279,100,101188,100,99143,100,101218,100,99142,100,101220,100,99117,100,101398,100,99095,100
2019-06-28 10:05:50.000000000,100225,224,100011,224,100470,220,99894,220,100735,220,99692,220,100760,100,99363,100,100883,100,99305,200,101152,100,99279,100,101188,100,99143,100,101218,100,99142,100,101220,100,99117,100,101398,100,99095,100
2019-06-28 10:05:52.048937654,100225,124,100011,224,100470,220,99894,220,100735,220,99692,220,100760,100,99363,100,100883,100,99305,200,101152,100,99279,100,101188,100,99143,100,101218,100,99142,100,101220,100,99117,100,101398,100,99095,100
2019-06-28 10:05:54.901164934,100225,124,100091,100,100470,220,100011,224,100735,220,99894,220,100760,100,99692,220,100883,100,99363,100,101152,100,99305,200,101188,100,99279,100,101218,100,99143,100,101220,100,99142,100,101398,100,99117,100
2019-06-28 10:06:00.000000000,100470,282,100091,282,100735,282,100011,282,100760,100,99894,100,100883,100,99692,100,101152,100,99363,100,101188,100,99305,200,101218,100,99279,100,101220,100,99143,100,101398,100,99142,100,101409,100,99117,100
2019-06-28 10:06:04.935685835,100470,182,100091,282,100735,282,100011,282,100760,100,99894,100,100883,100,99692,100,101152,100,99363,100,101188,100,99305,200,101218,100,99279,100,101398,100,99143,100,101409,100,99142,100,101472,100,99117,100
2019-06-28 10:06:10.000000000,100735,173,100091,173,100760,173,100011,173,100883,173,99894,173,101152,173,99692,173,101188,173,99363,173,101218,100,99305,200,101398,100,99279,100,101409,100,99143,100,101472,100,99142,100,101523,100,99117,100
2019-06-28 10:06:13.741548921,100735,173,100091,173,100760,173,100011,173,100883,173,99894,173,101152,173,99692,173,101188,173,99363,173,101218,100,99305,200,101409,100,99279,100,101472,100,99143,100,101523,100,99142,100,101840,100,99117,100
2019-06-28 10:06:20.000000000,100735,282,100091,282,100760,282,100011,282,100883,100,99894,100,101152,100,99692,100,101188,100,99363,100,101218,100,99305,200,101409,100,99279,100,101472,100,99143,100,101523,100,99142,100,101840,100,99117,100
2019-06-28 10:06:30.000000000,100735,173,100091,173,100760,173,100011,173,100883,173,99894,173,101152,173,99692,173,101188,173,99363,173,101218,100,99305,200,101409,100,99279,100,101472,100,99143,100,101523,100,99142,100,101840,100,99117,100
