,ask_price_1,ask_size_1,bid_price_1,bid_size_1,ask_price_2,ask_size_2,bid_price_2,bid_size_2,ask_price_3,ask_size_3,bid_price_3,bid_size_3,ask_price_4,ask_size_4,bid_price_4,bid_size_4,ask_price_5,ask_size_5,bid_price_5,bid_size_5,ask_price_6,ask_size_6,bid_price_6,bid_size_6,ask_price_7,ask_size_7,bid_price_7,bid_size_7,ask_price_8,ask_size_8,bid_price_8,bid_size_8,ask_price_9,ask_size_9,bid_price_9,bid_size_9,ask_price_10,ask_size_10,bid_price_10,bid_size_10
2019-06-28 09:30:00.000000001,,,100058,100,,,,,,,,,,,,,,,,,,,,,,,,,,,,,,,,,,,,
2019-06-28 09:30:00.000000002,,,100058,100,,,99914,100,,,,,,,,,,,,,,,,,,,,,,,,,,,,,,,,
2019-06-28 09:30:00.000000003,,,100058,100,,,99914,100,,,99869,100,,,,,,,,,,,,,,,,,,,,,,,,,,,,
2019-06-28 09:30:00.000000005,,,99924,100,,,99914,100,,,99869,100,,,,,,,,,,,,,,,,,,,,,,,,,,,,
2019-06-28 09:30:00.000000006,100118,100,99924,100,,,99914,100,,,99869,100,,,,,,,,,,,,,,,,,,,,,,,,,,,,
2019-06-28 09:30:00.000000007,100118,100,99998,100,,,99924,100,,,99914,100,,,99869,100,,,,,,,,,,,,,,,,,,,,,,,,
2019-06-28 09:30:00.000000009,100118,100,99998,100,100182,100,99924,100,,,99914,100,,,99869,100,,,,,,,,,,,,,,,,,,,,,,,,
2019-06-28 09:30:00.000000012,100118,100,99998,100,100182,100,99956,100,,,99924,100,,,99914,100,,,99869,100,,,,,,,,,,,,,,,,,,,,
2019-06-28 09:30:00.000000015,100118,100,100030,100,100182,100,99998,100,,,99956,100,,,99924,100,,,99914,100,,,99869,100,,,,,,,,,,,,,,,,
2019-06-28 09:30:00.000000016,100118,100,100030,100,100182,100,99998,100,,,99956,100,,,99924,100,,,99914,100,,,99898,100,,,99869,100,,,,,,,,,,,,
2019-06-28 09:30:00.000000017,100118,100,100030,100,100182,100,99998,100,,,99956,100,,,99924,100,,,99914,100,,,99898,100,,,99869,100,,,99831,100,,,,,,,,
2019-06-28 09:30:00.000000018,100118,100,100030,100,100182,100,99998,100,,,99956,100,,,99924,100,,,99914,100,,,99902,100,,,99898,100,,,99869,100,,,99831,100,,,,
2019-06-28 09:30:00.000000019,100072,100,100030,100,100118,100,99998,100,100182,100,99956,100,,,99924,100,,,99914,100,,,99902,100,,,99898,100,,,99869,100,,,99831,100,,,,
2019-06-28 09:30:00.000000020,100070,100,100030,100,100072,100,99998,100,100118,100,99956,100,100182,100,99924,100,,,99914,100,,,99902,100,,,99898,100,,,99869,100,,,99831,100,,,,
2019-06-28 09:30:00.000000021,100070,100,100030,100,100072,100,99998,100,100118,100,99956,100,100159,100,99924,100,100182,100,99917,100,,,99914,100,,,99902,100,,,99898,100,,,99869,100,,,99831,100
2019-06-28 09:30:00.000000027,100054,100,99998,100,100070,100,99956,100,100072,100,99924,100,100118,100,99917,100,100159,100,99914,100,100182,100,99902,100,,,99898,100,,,99869,100,,,99831,100,,,,
2019-06-28 09:30:00.000000030,100054,100,99998,100,100070,100,99956,100,100072,100,99924,100,100118,100,99917,100,100159,100,99914,100,100182,100,99902,100,,,99898,100,,,99869,100,,,99846,100,,,99831,100
2019-06-28 09:30:00.000000031,100030,100,99998,100,100041,100,99956,100,100054,100,99924,100,100070,100,99917,100,100072,100,99914,100,100118,100,99902,100,100159,100,99898,100,100182,100,99869,100,,,99846,100,,,99831,100
2019-06-28 09:30:00.000000032,100030,100,99998,100,100041,100,99956,100,100054,100,99924,100,100070,100,99917,100,100072,100,99914,100,100118,100,99902,100,100159,100,99898,100,100182,100,99869,100,,,99865,100,,,99846,100
2019-06-28 09:30:00.000000033,100030,100,99998,100,100041,100,99956,100,100054,100,99924,100,100070,100,99917,100,100072,100,99914,100,100092,100,99902,100,100118,100,99898,100,100159,100,99869,100,100182,100,99865,100,,,99846,100
2019-06-28 09:30:00.000000035,100030,100,100013,100,100041,100,99998,100,100054,100,99956,100,100070,100,99924,100,100072,100,99917,100,100092,100,99914,100,100118,100,99902,100,100159,100,99898,100,100182,100,99869,100,,,99865,100
2019-06-28 09:30:00.000000037,100030,100,100013,100,100041,100,99998,100,100054,100,99956,100,100070,100,99939,100,100072,100,99924,100,100092,100,99917,100,100118,100,99914,100,100159,100,99902,100,100182,100,99898,100,,,99869,100
2019-06-28 09:30:00.000000038,100030,100,100013,100,100041,100,99998,100,100054,100,99956,100,100070,100,99939,100,100072,100,99934,100,100092,100,99924,100,100118,100,99917,100,100159,100,99914,100,100182,100,99902,100,,,99898,100
2019-06-28 09:30:00.000000039,100030,100,100013,100,100041,100,99998,100,100053,100,99956,100,100054,100,99939,100,100070,100,99934,100,100072,100,99924,100,100092,100,99917,100,100118,100,99914,100,100159,100,99902,100,100182,100,99898,100
2019-06-28 09:30:00.000000040,100041,100,100013,100,100053,100,99998,100,100054,100,99956,100,100070,100,99939,100,100072,100,99934,100,100092,100,99924,100,100118,100,99917,100,100159,100,99914,100,100182,100,99902,100,,,99898,100
2019-06-28 09:30:00.000000041,100041,100,99998,100,100053,100,99956,100,100054,100,99939,100,100070,100,99934,100,100072,100,99924,100,100092,100,99917,100,100118,100,99914,100,100141,100,99902,100,100159,100,99898,100,100182,100,99869,100
2019-06-28 09:30:00.000000042,100041,100,99998,100,100053,100,99956,100,100054,100,99939,100,100070,100,99934,100,100072,100,99924,100,100092,100,99917,100,100118,100,99914,100,100141,100,99903,100,100159,100,99902,100,100182,100,99898,100
2019-06-28 09:30:00.000000044,100041,100,100027,100,100053,100,99998,100,100054,100,99956,100,100070,100,99939,100,100072,100,99934,100,100092,100,99924,100,100118,100,99917,100,100141,100,99914,100,100159,100,99903,100,100182,100,99902,100
2019-06-28 09:30:00.000000047,100041,100,99998,100,100053,100,99987,100,100054,100,99956,100,100070,100,99939,100,100072,100,99934,100,100092,100,99924,100,100113,100,99917,100,100118,100,99914,100,100141,100,99903,100,100159,100,99902,100
2019-06-28 09:30:00.000000048,100028,100,99998,100,100041,100,99987,100,100053,100,99956,100,100054,100,99939,100,100070,100,99934,100,100072,100,99924,100,100092,100,99917,100,100113,100,99914,100,100118,100,99903,100,100141,100,99902,100
2019-06-28 09:30:00.000000049,100027,100,99998,100,100028,100,99987,100,100041,100,99956,100,100053,100,99939,100,100054,100,99934,100,100070,100,99924,100,100072,100,99917,100,100092,100,99914,100,100113,100,99903,100,100118,100,99902,100
2019-06-28 09:30:00.000000050,100027,100,99998,100,100028,100,99987,100,100041,100,99956,100,100053,100,99939,100,100054,100,99934,100,100070,100,99924,100,100072,100,99917,100,100073,100,99914,100,100092,100,99903,100,100113,100,99902,100
2019-06-28 09:30:00.000000051,100027,100,99998,100,100028,100,99987,100,100041,100,99956,100,100053,100,99939,100,100054,100,99934,100,100070,100,99924,100,100072,100,99917,100,100073,100,99914,100,100092,100,99903,100,100113,100,99902,100
2019-06-28 09:30:00.000000054,100027,200,99998,100,100028,100,99987,100,100041,100,99956,100,100053,100,99939,100,100054,100,99934,100,100070,100,99924,100,100072,100,99917,100,100073,100,99914,100,100092,100,99903,100,100113,100,99902,100
2019-06-28 09:30:00.000000055,100027,200,99987,100,100028,100,99956,100,100041,100,99939,100,100053,100,99934,100,100054,100,99924,100,100070,100,99917,100,100072,100,99914,100,100073,100,99903,100,100092,100,99902,100,100113,100,99898,100
2019-06-28 09:30:00.000000058,100027,200,99987,100,100028,100,99956,100,100041,100,99939,100,100053,100,99934,100,100054,100,99924,100,100070,100,99920,100,100072,100,99917,100,100073,100,99914,100,100092,100,99903,100,100113,100,99902,100
2019-06-28 09:30:00.000000062,100027,200,99956,100,100028,100,99939,100,100041,100,99934,100,100053,100,99924,100,100054,100,99922,100,100070,100,99920,100,100072,100,99917,100,100073,100,99914,100,100092,100,99903,100,100113,100,99902,100
2019-06-28 09:30:00.000000063,100027,200,99939,100,100028,100,99934,100,100041,100,99924,100,100053,100,99922,100,100054,100,99920,100,100070,100,99917,100,100072,100,99914,100,100073,100,99903,100,100092,100,99902,100,100113,100,99898,100
2019-06-28 09:30:00.000000065,100027,200,99939,100,100028,100,99934,100,100041,100,99924,100,100053,100,99922,100,100054,100,99920,100,100070,100,99917,100,100072,100,99914,100,100073,100,99903,100,100074,100,99902,100,100092,100,99898,100
2019-06-28 09:30:00.000000068,100027,200,99956,100,100028,100,99939,100,100041,100,99934,100,100053,100,99924,100,100054,100,99922,100,100070,100,99920,100,100072,100,99917,100,100073,100,99914,100,100074,100,99903,100,100092,100,99902,100
2019-06-28 09:30:00.000000069,100027,200,99956,100,100028,100,99939,100,100041,100,99934,100,100053,100,99924,100,100054,100,99922,100,100070,100,99920,100,100072,100,99917,100,100073,100,99914,100,100074,100,99903,100,100092,100,99902,100
2019-06-28 09:30:00.000000070,99987,100,99956,100,100027,200,99939,100,100028,100,99934,100,100041,100,99924,100,100053,100,99922,100,100054,100,99920,100,100070,100,99917,100,100072,100,99914,100,100073,100,99903,100,100074,100,99902,100
2019-06-28 09:30:00.000000077,99987,100,99956,100,100027,200,99939,100,100028,100,99934,100,100041,100,99924,100,100053,100,99922,100,100054,100,99920,100,100070,100,99917,100,100072,100,99914,100,100073,100,99903,100,100074,100,99902,100
2019-06-28 09:30:00.000000078,99987,100,99956,200,100027,200,99939,100,100028,100,99934,100,100041,100,99924,100,100053,100,99922,100,100054,100,99920,100,100070,100,99917,100,100072,100,99914,100,100073,100,99903,100,100074,100,99902,100
2019-06-28 09:30:00.000000079,99987,100,99956,200,100027,200,99939,100,100028,100,99934,100,100030,100,99924,100,100041,100,99922,100,100053,100,99920,100,100054,100,99917,100,100070,100,99914,100,100072,100,99903,100,100073,100,99902,100
2019-06-28 09:30:00.000000080,100027,200,99956,200,100028,100,99939,100,100030,100,99934,100,100041,100,99924,100,100053,100,99922,100,100054,100,99920,100,100070,100,99917,100,100072,100,99914,100,100073,100,99903,100,100074,100,99902,100
2019-06-28 09:30:00.000000088,99987,100,99956,200,100027,200,99939,100,100028,100,99934,100,100030,100,99924,100,100041,100,99922,100,100053,100,99920,100,100054,100,99917,100,100070,100,99914,100,100072,100,99903,100,100073,100,99902,100
2019-06-28 09:30:00.000000089,99987,100,99956,200,100027,200,99939,100,100028,100,99934,100,100030,100,99924,100,100041,100,99922,100,100053,100,99920,100,100054,100,99917,100,100070,100,99914,100,100072,100,99903,100,100073,100,99902,100
2019-06-28 09:30:00.000000092,100027,200,99956,200,100028,100,99939,100,100030,100,99934,100,100041,100,99924,100,100053,100,99922,100,100054,100,99920,100,100070,100,99917,100,100072,100,99914,100,100073,100,99903,100,100074,100,99902,100
2019-06-28 09:30:00.000000095,100027,200,99956,200,100028,100,99939,100,100030,100,99934,100,100041,100,99924,100,100053,100,99922,100,100054,100,99920,100,100070,100,99917,100,100072,100,99914,100,100073,100,99903,100,100074,100,99902,100
2019-06-28 09:30:00.000000096,100027,200,99956,200,100028,100,99939,100,100030,100,99934,100,100041,100,99924,100,100053,100,99922,100,100054,100,99920,100,100070,100,99917,100,100072,100,99914,100,100073,100,99903,100,100074,100,99902,100
2019-06-28 09:30:00.000000098,100027,200,99956,200,100028,100,99939,100,100030,100,99934,100,100041,100,99924,100,100053,100,99922,100,100054,100,99920,100,100070,100,99917,100,100072,100,99914,100,100073,100,99903,100,100074,100,99902,100
2019-06-28 09:30:00.000000099,100027,100,99956,200,100028,100,99939,100,100030,100,99934,100,100041,100,99924,100,100053,100,99922,100,100054,100,99920,100,100070,100,99917,100,100072,100,99914,100,100073,100,99903,100,100074,100,99902,100
2019-06-28 09:30:05.962226710,100027,100,100004,100,100028,100,99956,200,100030,100,99939,100,100041,100,99934,100,100053,100,99924,100,100054,100,99922,100,100070,100,99920,100,100072,100,99917,100,100073,100,99914,100,100074,100,99903,100
2019-06-28 09:30:10.000000000,100027,207,100004,207,100028,207,99956,307,100030,207,99939,207,100041,207,99934,207,100053,100,99924,100,100054,100,99922,100,100070,100,99920,100,100072,100,99917,100,100073,100,99914,100,100074,100,99903,100
2019-06-28 09:30:20.000000000,100027,207,100004,207,100028,207,99956,307,100030,207,99939,207,100041,207,99934,207,100053,100,99924,100,100054,100,99922,100,100070,100,99920,100,100072,100,99917,100,100073,100,99914,100,100074,100,99903,100
2019-06-28 09:30:30.000000000,100027,186,100004,186,100028,186,99956,286,100030,186,99939,186,100041,186,99934,186,100053,186,99924,186,100054,100,99922,100,100070,100,99920,100,100072,100,99917,100,100073,100,99914,100,100074,100,99903,100
2019-06-28 09:30:39.953581898,100027,186,100004,186,100028,186,99956,286,100030,86,99939,186,100041,186,99934,186,100053,186,99924,186,100054,100,99922,100,100070,100,99920,100,100072,100,99917,100,100073,100,99914,100,100074,100,99903,100
2019-06-28 09:30:40.000000000,100027,186,100004,186,100028,186,99956,286,100041,186,99939,186,100053,186,99934,186,100054,186,99924,186,100070,100,99922,100,100072,100,99920,100,100073,100,99917,100,100074,100,99914,100,100076,100,99903,100
2019-06-28 09:30:50.000000000,100027,314,100004,314,100028,314,99956,414,100041,100,99939,100,100053,100,99934,100,100054,100,99924,100,100070,100,99922,100,100072,100,99920,100,100073,100,99917,100,100074,100,99914,100,100076,100,99903,100
2019-06-28 09:31:00.000000000,100027,207,100004,207,100028,207,99956,307,100041,207,99939,207,100053,207,99934,207,100054,100,99924,100,100070,100,99922,100,100072,100,99920,100,100073,100,99917,100,100074,100,99914,100,100076,100,99903,100
2019-06-28 09:31:02.648471873,100027,307,100004,207,100028,207,99956,307,100041,207,99939,207,100053,207,99934,207,100054,100,99924,100,100070,100,99922,100,100072,100,99920,100,100073,100,99917,100,100074,100,99914,100,100076,100,99903,100
2019-06-28 09:31:03.363496888,100027,407,100004,207,100028,207,99956,307,100041,207,99939,207,100053,207,99934,207,100054,100,99924,100,100070,100,99922,100,100072,100,99920,100,100073,100,99917,100,100074,100,99914,100,100076,100,99903,100
2019-06-28 09:31:10.000000000,100027,446,100004,246,100028,241,99956,341,100041,241,99939,241,100053,100,99934,100,100054,100,99924,100,100070,100,99922,100,100072,100,99920,100,100073,100,99917,100,100074,100,99914,100,100076,100,99903,100
2019-06-28 09:31:20.000000000,100027,514,100004,314,100028,314,99956,414,100041,100,99939,100,100053,100,99934,100,100054,100,99924,100,100070,100,99922,100,100072,100,99920,100,100073,100,99917,100,100074,100,99914,100,100076,100,99903,100
2019-06-28 09:31:20.091719584,100027,514,100004,314,100028,314,99956,314,100041,100,99939,100,100053,100,99934,100,100054,100,99924,100,100070,100,99922,100,100072,100,99920,100,100073,100,99917,100,100074,100,99914,100,100076,100,99903,100
2019-06-28 09:31:23.663280359,100027,514,100004,314,100028,314,99956,314,100041,100,99939,100,100053,100,99934,100,100054,100,99924,100,100070,100,99922,100,100072,100,99920,100,100073,100,99917,100,100074,100,99914,100,100076,100,99903,100
2019-06-28 09:31:30.000000000,100027,514,100004,314,100028,314,99956,314,100041,100,99939,100,100053,100,99934,100,100054,100,99924,100,100070,100,99922,100,100072,100,99920,100,100073,100,99917,100,100074,100,99914,100,100076,100,99903,100
2019-06-28 09:31:40.000000000,100027,514,100004,314,100028,314,99956,314,100041,100,99939,100,100053,100,99934,100,100054,100,99924,100,100070,100,99922,100,100072,100,99920,100,100073,100,99917,100,100074,100,99914,100,100076,100,99903,100
2019-06-28 09:31:43.975131296,100027,514,100004,214,100028,314,99956,314,100041,100,99939,100,100053,100,99934,100,100054,100,99924,100,100070,100,99922,100,100072,100,99920,100,100073,100,99917,100,100074,100,99914,100,100076,100,99903,100
2019-06-28 09:31:50.000000000,100027,407,99956,207,100028,207,99939,207,100041,207,99934,207,100053,207,99924,207,100054,100,99922,100,100070,100,99920,100,100072,100,99917,100,100073,100,99914,100,100074,100,99903,100,100076,100,99902,100
2019-06-28 09:32:00.000000000,100027,728,99956,528,100028,100,99939,100,100041,100,99934,100,100053,100,99924,100,100054,100,99922,100,100070,100,99920,100,100072,100,99917,100,100073,100,99914,100,100074,100,99903,100,100076,100,99902,100
2019-06-28 09:32:10.000000000,100027,446,99956,246,100028,241,99939,241,100041,241,99934,241,100053,100,99924,100,100054,100,99922,100,100070,100,99920,100,100072,100,99917,100,100073,100,99914,100,100074,100,99903,100,100076,100,99902,100
2019-06-28 09:32:20.000000000,100027,446,99956,246,100028,241,99939,241,100041,241,99934,241,100053,100,99924,100,100054,100,99922,100,100070,100,99920,100,100072,100,99917,100,100073,100,99914,100,100074,100,99903,100,100076,100,99902,100
2019-06-28 09:32:25.512861009,100027,446,99956,246,100028,241,99939,241,100041,241,99934,241,100053,100,99924,100,100054,100,99922,100,100070,100,99920,100,100072,100,99917,100,100073,100,99914,100,100074,100,99903,100,100076,100,99902,100
2019-06-28 09:32:30.000000000,100027,407,99956,207,100028,207,99939,207,100041,207,99934,207,100053,207,99924,207,100054,100,99922,100,100070,100,99920,100,100072,100,99917,100,100073,100,99914,100,100074,100,99903,100,100076,100,99902,100
2019-06-28 09:32:39.308435639,100026,100,99956,207,100027,407,99939,207,100028,207,99934,207,100041,207,99924,207,100053,207,99922,100,100054,100,99920,100,100070,100,99917,100,100072,100,99914,100,100073,100,99903,100,100074,100,99902,100
2019-06-28 09:32:40.000000000,100026,528,99956,528,100027,300,99939,100,100028,100,99934,100,100041,100,99924,100,100053,100,99922,100,100054,100,99920,100,100070,100,99917,100,100072,100,99914,100,100073,100,99903,100,100074,100,99902,100
2019-06-28 09:32:50.000000000,100026,528,99956,528,100027,300,99939,100,100028,100,99934,100,100041,100,99924,100,100053,100,99922,100,100054,100,99920,100,100070,100,99917,100,100072,100,99914,100,100073,100,99903,100,100074,100,99902,100
2019-06-28 09:33:00.000000000,100026,314,99956,314,100027,514,99939,314,100028,100,99934,100,100041,100,99924,100,100053,100,99922,100,100054,100,99920,100,100070,100,99917,100,100072,100,99914,100,100073,100,99903,100,100074,100,99902,100
2019-06-28 09:33:10.000000000,100026,207,99956,207,100027,407,99939,207,100028,207,99934,207,100041,207,99924,207,100053,100,99922,100,100054,100,99920,100,100070,100,99917,100,100072,100,99914,100,100073,100,99903,100,100074,100,99902,100
2019-06-28 09:33:20.000000000,100026,186,99956,186,100027,386,99939,186,100028,186,99934,186,100041,186,99924,186,100053,186,99922,186,100054,100,99920,100,100070,100,99917,100,100072,100,99914,100,100073,100,99903,100,100074,100,99902,100
2019-06-28 09:33:22.833327641,100026,186,99956,186,100027,386,99939,186,100028,186,99934,186,100041,186,99924,186,100053,186,99922,186,100054,100,99920,100,100070,100,99917,100,100072,100,99914,100,100073,100,99903,100,100074,100,99902,100
2019-06-28 09:33:30.000000000,100026,314,99956,314,100027,514,99939,314,100028,100,99934,100,100041,100,99924,100,100053,100,99922,100,100054,100,99920,100,100070,100,99917,100,100072,100,99914,100,100073,100,99903,100,100074,100,99902,100
2019-06-28 09:33:33.792239815,100026,214,99956,314,100027,514,99939,314,100028,100,99934,100,100041,100,99924,100,100053,100,99922,100,100054,100,99920,100,100070,100,99917,100,100072,100,99914,100,100073,100,99903,100,100074,100,99902,100
2019-06-28 09:33:40.000000000,100027,514,99956,314,100028,314,99939,314,100041,100,99934,100,100053,100,99924,100,100054,100,99922,100,100070,100,99920,100,100072,100,99917,100,100073,100,99914,100,100074,100,99903,100,100076,100,99902,100
2019-06-28 09:33:50.000000000,100027,446,99956,246,100028,241,99939,241,100041,241,99934,241,100053,100,99924,100,100054,100,99922,100,100070,100,99920,100,100072,100,99917,100,100073,100,99914,100,100074,100,99903,100,100076,100,99902,100
2019-06-28 09:33:54.236761618,100027,446,100005,100,100028,241,99956,246,100041,241,99939,241,100053,100,99934,241,100054,100,99924,100,100070,100,99922,100,100072,100,99920,100,100073,100,99917,100,100074,100,99914,100,100076,100,99903,100
2019-06-28 09:34:00.000000000,100027,386,100005,186,100028,186,99956,186,100041,186,99939,186,100053,186,99934,186,100054,186,99924,186,100070,100,99922,100,100072,100,99920,100,100073,100,99917,100,100074,100,99914,100,100076,100,99903,100
2019-06-28 09:34:00.204241589,100027,386,100005,186,100028,186,99956,186,100041,186,99939,186,100053,186,99934,186,100054,186,99924,186,100070,100,99922,100,100072,100,99920,100,100073,100,99917,100,100074,100,99914,100,100076,100,99903,100
2019-06-28 09:34:01.819183039,100027,286,100005,186,100028,186,99956,186,100041,186,99939,186,100053,186,99934,186,100054,186,99924,186,100070,100,99922,100,100072,100,99920,100,100073,100,99917,100,100074,100,99914,100,100076,100,99903,100
2019-06-28 09:34:10.000000000,100027,346,100005,246,100028,241,99956,241,100041,241,99939,241,100053,100,99934,100,100054,100,99924,100,100070,100,99922,100,100072,100,99920,100,100073,100,99917,100,100074,100,99914,100,100076,100,99903,100
2019-06-28 09:34:20.000000000,100027,307,100005,207,100028,207,99956,207,100041,207,99939,207,100053,207,99934,207,100054,100,99924,100,100070,100,99922,100,100072,100,99920,100,100073,100,99917,100,100074,100,99914,100,100076,100,99903,100
2019-06-28 09:34:21.537594402,100027,207,100005,207,100028,207,99956,207,100041,207,99939,207,100053,207,99934,107,100054,100,99924,100,100070,100,99922,100,100072,100,99920,100,100073,100,99917,100,100074,100,99914,100,100076,100,99903,100
2019-06-28 09:34:30.000000000,100027,186,100005,186,100028,186,99956,186,100041,186,99939,186,100053,186,99924,186,100054,186,99922,186,100070,100,99920,100,100072,100,99917,100,100073,100,99914,100,100074,100,99903,100,100076,100,99902,100
2019-06-28 09:34:40.000000000,100027,246,100005,246,100028,241,99956,241,100041,241,99939,241,100053,100,99924,100,100054,100,99922,100,100070,100,99920,100,100072,100,99917,100,100073,100,99914,100,100074,100,99903,100,100076,100,99902,100
2019-06-28 09:34:50.000000000,100027,207,100005,207,100028,207,99956,207,100041,207,99939,207,100053,207,99924,207,100054,100,99922,100,100070,100,99920,100,100072,100,99917,100,100073,100,99914,100,100074,100,99903,100,100076,100,99902,100
2019-06-28 09:35:00.000000000,100027,246,100005,246,100028,241,99956,241,100041,241,99939,241,100053,100,99924,100,100054,100,99922,100,100070,100,99920,100,100072,100,99917,100,100073,100,99914,100,100074,100,99903,100,100076,100,99902,100
2019-06-28 09:35:06.228753645,100027,246,100005,246,100028,241,99956,241,100041,241,99939,241,100053,100,99924,100,100054,100,99922,100,100070,100,99920,100,100072,100,99917,100,100073,100,99914,100,100074,100,99903,100,100076,100,99902,100
2019-06-28 09:35:09.282027346,100026,100,100005,246,100027,246,99956,241,100028,241,99939,241,100041,241,99924,100,100053,100,99922,100,100054,100,99920,100,100070,100,99917,100,100072,100,99914,100,100073,100,99903,100,100074,100,99902,100
2019-06-28 09:35:10.000000000,100026,314,100005,314,100027,314,99956,314,100028,100,99939,100,100041,100,99924,100,100053,100,99922,100,100054,100,99920,100,100070,100,99917,100,100072,100,99914,100,100073,100,99903,100,100074,100,99902,100
2019-06-28 09:35:13.496299834,100026,314,100005,314,100027,314,99956,314,100028,100,99939,100,100041,100,99924,100,100053,100,99922,100,100054,100,99920,100,100070,100,99917,100,100072,100,99914,100,100073,100,99903,100,100074,100,99902,100
2019-06-28 09:35:20.000000000,100026,314,100005,314,100027,314,99956,314,100028,100,99939,100,100041,100,99924,100,100053,100,99922,100,100054,100,99920,100,100070,100,99917,100,100072,100,99914,100,100073,100,99903,100,100074,100,99902,100
2019-06-28 09:35:28.474115281,100026,314,100005,314,100027,314,99956,314,100028,100,99939,100,100041,100,99924,100,100053,100,99922,100,100054,100,99920,100,100070,100,99917,100,100072,100,99914,100,100073,100,99903,100,100074,100,99902,100
2019-06-28 09:35:28.609890892,100026,314,100005,214,100027,314,99956,314,100028,100,99939,100,100041,100,99924,100,100053,100,99922,100,100054,100,99920,100,100070,100,99917,100,100072,100,99914,100,100073,100,99903,100,100074,100,99902,100
2019-06-28 09:35:30.000000000,100026,246,99956,246,100027,241,99939,241,100028,241,99924,241,100041,100,99922,100,100053,100,99920,100,100054,100,99917,100,100070,100,99914,100,100072,100,99903,100,100073,100,99902,100,100074,100,99898,100
2019-06-28 09:35:39.065620017,100026,146,99956,246,100027,241,99939,241,100028,241,99924,241,100041,100,99922,100,100053,100,99920,100,100054,100,99917,100,100070,100,99914,100,100072,100,99903,100,100073,100,99902,100,100074,100,99898,100
2019-06-28 09:35:40.000000000,100027,186,99956,186,100028,186,99939,186,100041,186,99924,186,100053,186,99922,186,100054,186,99920,186,100070,100,99917,100,100072,100,99914,100,100073,100,99903,100,100074,100,99902,100,100076,100,99898,100
2019-06-28 09:35:45.974658235,100027,186,99956,186,100028,186,99939,186,100041,186,99934,100,100053,186,99924,186,100054,186,99922,186,100070,100,99920,186,100072,100,99917,100,100073,100,99914,100,100074,100,99903,100,100076,100,99902,100
2019-06-28 09:35:46.614183572,100027,186,100000,100,100028,186,99956,186,100041,186,99939,186,100053,186,99934,100,100054,186,99924,186,100070,100,99922,186,100072,100,99920,186,100073,100,99917,100,100074,100,99914,100,100076,100,99903,100
2019-06-28 09:35:49.037782829,100027,186,100000,100,100028,186,99956,186,100041,186,99939,186,100053,186,99934,100,100054,186,99924,186,100070,100,99922,186,100072,100,99920,186,100073,100,99917,100,100074,100,99914,100,100076,100,99903,100
2019-06-28 09:35:50.000000000,100027,246,100000,246,100028,241,99956,241,100041,241,99939,241,100053,100,99934,100,100054,100,99924,100,100070,100,99922,100,100072,100,99920,100,100073,100,99917,100,100074,100,99914,100,100076,100,99903,100
2019-06-28 09:35:51.649207546,100027,246,100000,246,100028,141,99956,241,100041,241,99939,241,100053,100,99934,100,100054,100,99924,100,100070,100,99922,100,100072,100,99920,100,100073,100,99917,100,100074,100,99914,100,100076,100,99903,100
2019-06-28 09:36:00.000000000,100027,186,100000,186,100041,186,99956,186,100053,186,99939,186,100054,186,99934,186,100070,186,99924,186,100072,100,99922,100,100073,100,99920,100,100074,100,99917,100,100076,100,99914,100,100086,100,99903,100
2019-06-28 09:36:10.000000000,100027,186,100000,186,100041,186,99956,186,100053,186,99939,186,100054,186,99934,186,100070,186,99924,186,100072,100,99922,100,100073,100,99920,100,100074,100,99917,100,100076,100,99914,100,100086,100,99903,100
2019-06-28 09:36:20.000000000,100027,528,100000,528,100041,100,99956,100,100053,100,99939,100,100054,100,99934,100,100070,100,99924,100,100072,100,99922,100,100073,100,99920,100,100074,100,99917,100,100076,100,99914,100,100086,100,99903,100
2019-06-28 09:36:30.000000000,100027,246,100000,246,100041,241,99956,241,100053,241,99939,241,100054,100,99934,100,100070,100,99924,100,100072,100,99922,100,100073,100,99920,100,100074,100,99917,100,100076,100,99914,100,100086,100,99903,100
2019-06-28 09:36:40.000000000,100027,528,100000,528,100041,100,99956,100,100053,100,99939,100,100054,100,99934,100,100070,100,99924,100,100072,100,99922,100,100073,100,99920,100,100074,100,99917,100,100076,100,99914,100,100086,100,99903,100
2019-06-28 09:36:50.000000000,100027,186,100000,186,100041,186,99956,186,100053,186,99939,186,100054,186,99934,186,100070,186,99924,186,100072,100,99922,100,100073,100,99920,100,100074,100,99917,100,100076,100,99914,100,100086,100,99903,100
2019-06-28 09:37:00.000000000,100027,314,100000,314,100041,314,99956,314,100053,100,99939,100,100054,100,99934,100,100070,100,99924,100,100072,100,99922,100,100073,100,99920,100,100074,100,99917,100,100076,100,99914,100,100086,100,99903,100
2019-06-28 09:37:10.000000000,100027,246,100000,246,100041,241,99956,241,100053,241,99939,241,100054,100,99934,100,100070,100,99924,100,100072,100,99922,100,100073,100,99920,100,100074,100,99917,100,100076,100,99914,100,100086,100,99903,100
2019-06-28 09:37:13.024050082,100027,246,100000,246,100041,241,99956,241,100053,241,99939,241,100054,100,99934,100,100070,100,99922,100,100072,100,99920,100,100073,100,99917,100,100074,100,99914,100,100076,100,99903,100,100086,100,99902,100
2019-06-28 09:37:20.000000000,100027,207,100000,207,100041,207,99956,207,100053,207,99939,207,100054,207,99934,207,100070,100,99922,100,100072,100,99920,100,100073,100,99917,100,100074,100,99914,100,100076,100,99903,100,100086,100,99902,100
2019-06-28 09:37:26.071915833,100027,207,100000,207,100041,207,99956,207,100053,207,99939,207,100054,207,99934,207,100070,100,99922,100,100072,100,99920,100,100073,100,99917,100,100074,100,99914,100,100076,100,99903,100,100086,100,99902,100
2019-06-28 09:37:26.180759637,100027,207,100000,207,100041,207,99956,207,100053,207,99939,107,100054,207,99934,207,100070,100,99922,100,100072,100,99920,100,100073,100,99917,100,100074,100,99914,100,100076,100,99903,100,100086,100,99902,100
2019-06-28 09:37:30.000000000,100027,528,100000,528,100041,100,99956,100,100053,100,99934,100,100054,100,99922,100,100070,100,99920,100,100072,100,99917,100,100073,100,99914,100,100074,100,99903,100,100076,100,99902,100,100086,100,99881,100
2019-06-28 09:37:31.585320265,100027,528,100000,528,100053,100,99956,100,100054,100,99934,100,100070,100,99922,100,100072,100,99920,100,100073,100,99917,100,100074,100,99914,100,100076,100,99903,100,100086,100,99902,100,100110,100,99881,100
2019-06-28 09:37:40.000000000,100027,314,100000,314,100053,314,99956,314,100054,100,99934,100,100070,100,99922,100,100072,100,99920,100,100073,100,99917,100,100074,100,99914,100,100076,100,99903,100,100086,100,99902,100,100110,100,99881,100
2019-06-28 09:37:50.000000000,100027,314,100000,314,100053,314,99956,314,100054,100,99934,100,100070,100,99922,100,100072,100,99920,100,100073,100,99917,100,100074,100,99914,100,100076,100,99903,100,100086,100,99902,100,100110,100,99881,100
2019-06-28 09:38:00.000000000,100027,246,100000,246,100053,241,99956,241,100054,241,99934,241,100070,100,99922,100,100072,100,99920,100,100073,100,99917,100,100074,100,99914,100,100076,100,99903,100,100086,100,99902,100,100110,100,99881,100
2019-06-28 09:38:08.292447562,100025,100,100000,246,100027,246,99956,241,100053,141,99934,241,100054,241,99922,100,100070,100,99920,100,100072,100,99917,100,100073,100,99914,100,100074,100,99903,100,100076,100,99902,100,100086,100,99881,100
2019-06-28 09:38:10.000000000,100025,528,100000,528,100027,100,99956,100,100054,100,99934,100,100070,100,99922,100,100072,100,99920,100,100073,100,99917,100,100074,100,99914,100,100076,100,99903,100,100086,100,99902,100,100110,100,99881,100
2019-06-28 09:38:20.000000000,100025,207,100000,207,100027,207,99956,207,100054,207,99934,207,100070,207,99922,207,100072,100,99920,100,100073,100,99917,100,100074,100,99914,100,100076,100,99903,100,100086,100,99902,100,100110,100,99881,100
2019-06-28 09:38:21.709144696,100025,207,100006,100,100027,207,100000,207,100054,207,99956,207,100070,207,99934,207,100072,100,99922,207,100073,100,99920,100,100074,100,99917,100,100076,100,99914,100,100086,100,99903,100,100110,100,99902,100
2019-06-28 09:38:30.000000000,100025,186,100006,186,100027,186,100000,186,100054,186,99956,186,100070,186,99934,186,100072,186,99922,186,100073,100,99920,100,100074,100,99917,100,100076,100,99914,100,100086,100,99903,100,100110,100,99902,100
2019-06-28 09:38:40.000000000,100025,207,100006,207,100027,207,100000,207,100054,207,99956,207,100070,207,99934,207,100072,100,99922,100,100073,100,99920,100,100074,100,99917,100,100076,100,99914,100,100086,100,99903,100,100110,100,99902,100
2019-06-28 09:38:50.000000000,100025,207,100006,207,100027,207,100000,207,100054,207,99956,207,100070,207,99934,207,100072,100,99922,100,100073,100,99920,100,100074,100,99917,100,100076,100,99914,100,100086,100,99903,100,100110,100,99902,100
2019-06-28 09:39:00.000000000,100025,314,100006,314,100027,314,100000,314,100054,100,99956,100,100070,100,99934,100,100072,100,99922,100,100073,100,99920,100,100074,100,99917,100,100076,100,99914,100,100086,100,99903,100,100110,100,99902,100
2019-06-28 09:39:00.888409961,100025,214,100006,314,100027,314,100000,314,100054,100,99956,100,100070,100,99934,100,100072,100,99922,100,100073,100,99920,100,100074,100,99917,100,100076,100,99914,100,100086,100,99903,100,100110,100,99902,100
2019-06-28 09:39:10.000000000,100027,186,100006,186,100054,186,100000,186,100070,186,99956,186,100072,186,99934,186,100073,186,99922,186,100074,100,99920,100,100076,100,99917,100,100086,100,99914,100,100110,100,99903,100,100113,100,99902,100
2019-06-28 09:39:19.167709749,100024,100,100006,186,100027,186,100000,186,100054,186,99956,186,100070,186,99934,186,100072,186,99922,186,100073,186,99920,100,100074,100,99917,100,100076,100,99914,100,100086,100,99903,100,100110,100,99902,100
2019-06-28 09:39:20.000000000,100024,207,100006,207,100027,207,100000,207,100054,207,99956,207,100070,207,99934,207,100072,100,99922,100,100073,100,99920,100,100074,100,99917,100,100076,100,99914,100,100086,100,99903,100,100110,100,99902,100
2019-06-28 09:39:24.077129209,100024,207,100006,107,100027,207,100000,207,100054,207,99956,207,100070,207,99934,207,100072,100,99922,100,100073,100,99920,100,100074,100,99917,100,100076,100,99914,100,100086,100,99903,100,100110,100,99902,100
2019-06-28 09:39:30.000000000,100024,314,100000,314,100027,314,99956,314,100054,100,99934,100,100070,100,99922,100,100072,100,99920,100,100073,100,99917,100,100074,100,99914,100,100076,100,99903,100,100086,100,99902,100,100110,100,99881,100
2019-06-28 09:39:30.762324612,100024,314,100000,214,100027,314,99956,314,100054,100,99934,100,100070,100,99922,100,100072,100,99920,100,100073,100,99917,100,100074,100,99914,100,100076,100,99902,100,100086,100,99881,100,100110,100,99867,100
2019-06-28 09:39:33.675769316,100006,100,100000,214,100024,314,99956,214,100027,314,99934,100,100054,100,99922,100,100070,100,99920,100,100072,100,99917,100,100073,100,99914,100,100074,100,99902,100,100076,100,99881,100,100086,100,99867,100
2019-06-28 09:39:40.000000000,100006,186,99934,186,100024,186,99922,186,100027,186,99920,186,100054,186,99917,186,100070,186,99914,186,100072,100,99902,100,100073,100,99881,100,100074,100,99867,100,100076,100,99865,100,100086,100,99860,100
2019-06-28 09:39:50.000000000,100006,528,99934,528,100024,100,99922,100,100027,100,99920,100,100054,100,99917,100,100070,100,99914,100,100072,100,99902,100,100073,100,99881,100,100074,100,99867,100,100076,100,99865,100,100086,100,99860,100
2019-06-28 09:40:00.000000000,100006,528,99934,528,100024,100,99922,100,100027,100,99920,100,100054,100,99917,100,100070,100,99914,100,100072,100,99902,100,100073,100,99881,100,100074,100,99867,100,100076,100,99865,100,100086,100,99860,100
2019-06-28 09:40:01.149755273,100006,628,99934,528,100024,100,99922,100,100027,100,99920,100,100054,100,99917,100,100070,100,99914,100,100072,100,99902,100,100073,100,99881,100,100074,100,99867,100,100076,100,99865,100,100086,100,99860,100
2019-06-28 09:40:10.000000000,100006,414,99934,314,100024,314,99922,314,100027,100,99920,100,100054,100,99917,100,100070,100,99914,100,100072,100,99902,100,100073,100,99881,100,100074,100,99867,100,100076,100,99865,100,100086,100,99860,100
2019-06-28 09:40:19.675373161,100006,414,99934,314,100024,314,99922,314,100027,100,99920,100,100054,100,99917,100,100070,100,99914,100,100072,100,99902,100,100073,100,99881,100,100074,100,99867,100,100076,100,99865,100,100086,100,99860,100
2019-06-28 09:40:20.000000000,100006,307,99934,207,100024,207,99922,207,100027,207,99920,207,100054,207,99917,207,100070,100,99914,100,100072,100,99902,100,100073,100,99881,100,100074,100,99867,100,100076,100,99865,100,100086,100,99860,100
2019-06-28 09:40:30.000000000,100006,307,99934,207,100024,207,99922,207,100027,207,99920,207,100054,207,99917,207,100070,100,99914,100,100072,100,99902,100,100073,100,99881,100,100074,100,99867,100,100076,100,99865,100,100086,100,99860,100
2019-06-28 09:40:40.000000000,100006,628,99934,528,100024,100,99922,100,100027,100,99920,100,100054,100,99917,100,100070,100,99914,100,100072,100,99902,100,100073,100,99881,100,100074,100,99867,100,100076,100,99865,100,100086,100,99860,100
2019-06-28 09:40:47.494445858,100006,628,99934,528,100024,100,99922,100,100027,100,99920,100,100054,100,99917,100,100070,100,99914,100,100072,100,99902,100,100073,100,99881,100,100074,100,99867,100,100076,100,99865,100,100086,100,99854,100
2019-06-28 09:40:50.000000000,100006,286,99934,186,100024,186,99922,186,100027,186,99920,186,100054,186,99917,186,100070,186,99914,186,100072,100,99902,100,100073,100,99881,100,100074,100,99867,100,100076,100,99865,100,100086,100,99854,100
2019-06-28 09:40:54.902745539,100006,286,99934,186,100024,186,99922,186,100027,186,99920,186,100054,186,99917,186,100070,186,99914,186,100072,100,99902,100,100073,100,99881,100,100074,100,99867,100,100076,100,99865,100,100086,100,99854,100
2019-06-28 09:40:58.430916079,100006,186,99934,186,100024,186,99922,186,100027,186,99920,186,100054,186,99917,186,100070,186,99914,186,100072,100,99902,100,100073,100,99881,100,100074,100,99867,100,100076,100,99865,100,100086,100,99854,100
2019-06-28 09:41:00.000000000,100006,528,99934,528,100024,100,99922,100,100027,100,99920,100,100054,100,99917,100,100070,100,99914,100,100072,100,99902,100,100073,100,99881,100,100074,100,99867,100,100076,100,99865,100,100086,100,99854,100
2019-06-28 09:41:10.000000000,100006,186,99934,186,100024,186,99922,186,100027,186,99920,186,100054,186,99917,186,100070,186,99914,186,100072,100,99902,100,100073,100,99881,100,100074,100,99867,100,100076,100,99865,100,100086,100,99854,100
2019-06-28 09:41:10.900729398,99957,100,99934,186,100006,186,99922,186,100024,186,99920,186,100027,186,99917,186,100054,186,99914,186,100070,186,99902,100,100072,100,99881,100,100073,100,99867,100,100074,100,99865,100,100076,100,99854,100
2019-06-28 09:41:13.562522986,99957,100,99934,186,100006,186,99922,186,100024,186,99920,186,100027,186,99917,186,100054,186,99914,186,100070,186,99902,100,100072,100,99881,100,100073,100,99867,100,100074,100,99865,100,100076,100,99854,100
2019-06-28 09:41:20.000000000,99957,314,99934,314,100006,314,99922,314,100024,100,99920,100,100027,100,99917,100,100054,100,99914,100,100070,100,99902,100,100072,100,99881,100,100073,100,99867,100,100074,100,99865,100,100076,100,99854,100
2019-06-28 09:41:25.955336238,99957,314,99934,314,99976,100,99922,314,100006,314,99920,100,100024,100,99917,100,100027,100,99914,100,100054,100,99902,100,100070,100,99881,100,100072,100,99867,100,100073,100,99865,100,100074,100,99854,100
2019-06-28 09:41:27.454302791,99957,314,99934,214,99976,100,99922,314,100006,314,99920,100,100024,100,99917,100,100027,100,99914,100,100054,100,99902,100,100070,100,99881,100,100072,100,99867,100,100073,100,99854,100,100074,100,99819,100
2019-06-28 09:41:30.000000000,99957,528,99922,528,99976,100,99920,100,100006,100,99917,100,100024,100,99914,100,100027,100,99902,100,100054,100,99881,100,100070,100,99867,100,100072,100,99854,100,100073,100,99819,100,100074,100,99741,100
2019-06-28 09:41:40.000000000,99957,207,99922,207,99976,207,99920,207,100006,207,99917,207,100024,207,99914,207,100027,100,99902,100,100054,100,99881,100,100070,100,99867,100,100072,100,99854,100,100073,100,99819,100,100074,100,99741,100
2019-06-28 09:41:44.979811571,99957,207,99922,207,99976,207,99920,207,100006,207,99917,207,100024,207,99914,207,100027,100,99902,100,100054,100,99881,100,100070,100,99867,100,100072,100,99854,100,100073,100,99819,100,100074,100,99741,100
2019-06-28 09:41:50.000000000,99957,528,99922,528,99976,100,99920,100,100006,100,99917,100,100024,100,99914,100,100027,100,99902,100,100054,100,99881,100,100070,100,99867,100,100072,100,99854,100,100073,100,99819,100,100074,100,99741,100
2019-06-28 09:42:00.000000000,99957,314,99922,314,99976,314,99920,314,100006,100,99917,100,100024,100,99914,100,100027,100,99902,100,100054,100,99881,100,100070,100,99867,100,100072,100,99854,100,100073,100,99819,100,100074,100,99741,100
2019-06-28 09:42:04.924645276,99957,314,99922,314,99976,314,99920,314,100006,100,99917,100,100024,100,99914,100,100027,100,99902,100,100054,100,99881,100,100070,100,99867,100,100073,100,99854,100,100074,100,99819,100,100076,100,99741,100
2019-06-28 09:42:10.000000000,99957,528,99922,528,99976,100,99920,100,100006,100,99917,100,100024,100,99914,100,100027,100,99902,100,100054,100,99881,100,100070,100,99867,100,100073,100,99854,100,100074,100,99819,100,100076,100,99741,100
2019-06-28 09:42:20.000000000,99957,314,99922,314,99976,314,99920,314,100006,100,99917,100,100024,100,99914,100,100027,100,99902,100,100054,100,99881,100,100070,100,99867,100,100073,100,99854,100,100074,100,99819,100,100076,100,99741,100
2019-06-28 09:42:30.000000000,99957,207,99922,207,99976,207,99920,207,100006,207,99917,207,100024,207,99914,207,100027,100,99902,100,100054,100,99881,100,100070,100,99867,100,100073,100,99854,100,100074,100,99819,100,100076,100,99741,100
2019-06-28 09:42:37.656782216,99957,207,99922,207,99976,207,99920,207,100006,207,99917,207,100024,207,99914,207,100027,100,99902,100,100054,100,99881,100,100070,100,99867,100,100073,100,99854,100,100074,100,99819,100,100076,100,99785,100
2019-06-28 09:42:40.000000000,99957,207,99922,207,99976,207,99920,207,100006,207,99917,207,100024,207,99914,207,100027,100,99902,100,100054,100,99881,100,100070,100,99867,100,100073,100,99854,100,100074,100,99819,100,100076,100,99785,100
2019-06-28 09:42:50.000000000,99957,314,99922,314,99976,314,99920,314,100006,100,99917,100,100024,100,99914,100,100027,100,99902,100,100054,100,99881,100,100070,100,99867,100,100073,100,99854,100,100074,100,99819,100,100076,100,99785,100
2019-06-28 09:43:00.000000000,99957,314,99922,314,99976,314,99920,314,100006,100,99917,100,100024,100,99914,100,100027,100,99902,100,100054,100,99881,100,100070,100,99867,100,100073,100,99854,100,100074,100,99819,100,100076,100,99785,100
2019-06-28 09:43:10.000000000,99957,314,99922,314,99976,314,99920,314,100006,100,99917,100,100024,100,99914,100,100027,100,99902,100,100054,100,99881,100,100070,100,99867,100,100073,100,99854,100,100074,100,99819,100,100076,100,99785,100
2019-06-28 09:43:20.000000000,99957,314,99922,314,99976,314,99920,314,100006,100,99917,100,100024,100,99914,100,100027,100,99902,100,100054,100,99881,100,100070,100,99867,100,100073,100,99854,100,100074,100,99819,100,100076,100,99785,100
2019-06-28 09:43:30.000000000,99957,186,99922,186,99976,186,99920,186,100006,186,99917,186,100024,186,99914,186,100027,186,99902,186,100054,100,99881,100,100070,100,99867,100,100073,100,99854,100,100074,100,99819,100,100076,100,99785,100
2019-06-28 09:43:39.152701094,99957,186,99935,100,99976,186,99922,186,100006,186,99920,186,100024,186,99917,86,100027,186,99914,186,100054,100,99902,186,100070,100,99881,100,100073,100,99867,100,100074,100,99854,100,100076,100,99819,100
2019-06-28 09:43:40.000000000,99957,528,99935,528,99976,100,99922,100,100006,100,99920,100,100024,100,99914,100,100027,100,99902,100,100054,100,99881,100,100070,100,99867,100,100073,100,99854,100,100074,100,99819,100,100076,100,99785,100
2019-06-28 09:43:44.031921260,99957,528,99935,528,99976,100,99922,100,100006,100,99920,100,100024,100,99914,100,100027,100,99902,100,100054,100,99881,100,100070,100,99867,100,100073,100,99854,100,100074,100,99819,100,100076,100,99785,100
2019-06-28 09:43:50.000000000,99957,246,99935,246,99976,241,99922,241,100006,241,99920,241,100024,100,99914,100,100027,100,99902,100,100054,100,99881,100,100070,100,99867,100,100073,100,99854,100,100074,100,99819,100,100076,100,99785,100
2019-06-28 09:44:00.000000000,99957,246,99935,246,99976,241,99922,241,100006,241,99920,241,100024,100,99914,100,100027,100,99902,100,100054,100,99881,100,100070,100,99867,100,100073,100,99854,100,100074,100,99819,100,100076,100,99785,100
2019-06-28 09:44:05.160700731,99957,146,99935,246,99976,241,99922,241,100006,241,99920,241,100024,100,99914,100,100027,100,99902,100,100054,100,99881,100,100070,100,99867,100,100073,100,99854,100,100074,100,99819,100,100076,100,99785,100
2019-06-28 09:44:10.000000000,99976,314,99935,314,100006,314,99922,314,100024,100,99920,100,100027,100,99914,100,100054,100,99902,100,100070,100,99881,100,100073,100,99867,100,100074,100,99854,100,100076,100,99819,100,100086,100,99785,100
2019-06-28 09:44:19.772289831,99976,314,99935,314,100006,314,99922,314,100024,100,99920,100,100027,100,99914,100,100054,100,99902,100,100070,100,99881,100,100073,100,99867,100,100074,100,99854,100,100076,100,99819,100,100086,100,99785,100
2019-06-28 09:44:20.000000000,99976,186,99935,186,100006,186,99922,186,100024,186,99920,186,100027,186,99914,186,100054,186,99902,186,100070,100,99881,100,100073,100,99867,100,100074,100,99854,100,100076,100,99819,100,100086,100,99785,100
2019-06-28 09:44:25.228956358,99976,186,99935,186,100006,186,99922,186,100024,186,99920,186,100027,186,99914,186,100054,186,99902,186,100070,100,99881,100,100073,100,99867,100,100074,100,99854,100,100076,100,99819,100,100086,100,99785,100
2019-06-28 09:44:30.000000000,99976,528,99935,528,100006,100,99922,100,100024,100,99920,100,100027,100,99914,100,100054,100,99902,100,100070,100,99881,100,100073,100,99867,100,100074,100,99854,100,100076,100,99819,100,100086,100,99785,100
2019-06-28 09:44:30.893317246,99976,428,99935,528,100006,100,99922,100,100024,100,99920,100,100027,100,99914,100,100054,100,99902,100,100070,100,99881,100,100073,100,99867,100,100074,100,99854,100,100076,100,99819,100,100086,100,99785,100
2019-06-28 09:44:32.530602087,99976,428,99935,528,100006,100,99922,100,100024,100,99920,100,100027,100,99914,100,100054,100,99902,100,100070,100,99881,100,100073,100,99867,100,100074,100,99854,100,100076,100,99819,100,100086,100,99785,100
2019-06-28 09:44:40.000000000,100006,186,99935,186,100024,186,99922,186,100027,186,99920,186,100054,186,99914,186,100070,186,99902,186,100073,100,99881,100,100074,100,99867,100,100076,100,99854,100,100086,100,99819,100,100113,100,99785,100
2019-06-28 09:44:50.000000000,100006,186,99935,186,100024,186,99922,186,100027,186,99920,186,100054,186,99914,186,100070,186,99902,186,100073,100,99881,100,100074,100,99867,100,100076,100,99854,100,100086,100,99819,100,100113,100,99785,100
2019-06-28 09:44:50.023698950,100006,186,99935,186,100024,186,99922,186,100027,186,99920,186,100054,186,99914,186,100070,186,99902,186,100073,100,99881,100,100074,100,99867,100,100076,100,99854,100,100086,100,99785,100,100113,100,99711,100
2019-06-28 09:44:50.468950111,100006,186,99957,100,100024,186,99935,186,100027,186,99922,186,100054,186,99920,186,100070,186,99914,186,100073,100,99902,186,100074,100,99881,100,100076,100,99867,100,100086,100,99854,100,100113,100,99785,100
2019-06-28 09:45:00.000000000,100006,246,99957,246,100024,241,99935,241,100027,241,99922,241,100054,100,99920,100,100070,100,99914,100,100073,100,99902,100,100074,100,99881,100,100076,100,99867,100,100086,100,99854,100,100113,100,99785,100
2019-06-28 09:45:10.000000000,100006,186,99957,186,100024,186,99935,186,100027,186,99922,186,100054,186,99920,186,100070,186,99914,186,100073,100,99902,100,100074,100,99881,100,100076,100,99867,100,100086,100,99854,100,100113,100,99785,100
2019-06-28 09:45:20.000000000,100006,528,99957,528,100024,100,99935,100,100027,100,99922,100,100054,100,99920,100,100070,100,99914,100,100073,100,99902,100,100074,100,99881,100,100076,100,99867,100,100086,100,99854,100,100113,100,99785,100
2019-06-28 09:45:23.149309265,100006,528,99957,528,100024,100,99935,100,100027,100,99922,100,100054,100,99920,100,100070,100,99914,100,100073,100,99902,100,100074,100,99881,100,100076,100,99867,100,100086,100,99854,100,100113,100,99785,100
2019-06-28 09:45:25.854782813,100006,428,99957,528,100024,100,99935,100,100027,100,99922,100,100054,100,99920,100,100070,100,99914,100,100073,100,99902,100,100074,100,99881,100,100076,100,99867,100,100086,100,99854,100,100113,100,99785,100
2019-06-28 09:45:26.528382758,100006,428,99976,100,100024,100,99957,528,100027,100,99935,100,100054,100,99922,100,100070,100,99920,100,100073,100,99914,100,100074,100,99902,100,100076,100,99881,100,100086,100,99867,100,100113,100,99854,100
2019-06-28 09:45:30.000000000,100024,207,99976,207,100027,207,99957,207,100054,207,99935,207,100070,207,99922,207,100073,100,99920,100,100074,100,99914,100,100076,100,99902,100,100086,100,99881,100,100113,100,99867,100,100144,100,99854,100
2019-06-28 09:45:40.000000000,100024,314,99976,314,100027,314,99957,314,100054,100,99935,100,100070,100,99922,100,100073,100,99920,100,100074,100,99914,100,100076,100,99902,100,100086,100,99881,100,100113,100,99867,100,100144,100,99854,100
2019-06-28 09:45:50.000000000,100024,207,99976,207,100027,207,99957,207,100054,207,99935,207,100070,207,99922,207,100073,100,99920,100,100074,100,99914,100,100076,100,99902,100,100086,100,99881,100,100113,100,99867,100,100144,100,99854,100
2019-06-28 09:46:00.000000000,100024,528,99976,528,100027,100,99957,100,100054,100,99935,100,100070,100,99922,100,100073,100,99920,100,100074,100,99914,100,100076,100,99902,100,100086,100,99881,100,100113,100,99867,100,100144,100,99854,100
2019-06-28 09:46:10.000000000,100024,186,99976,186,100027,186,99957,186,100054,186,99935,186,100070,186,99922,186,100073,186,99920,186,100074,100,99914,100,100076,100,99902,100,100086,100,99881,100,100113,100,99867,100,100144,100,99854,100
2019-06-28 09:46:20.000000000,100024,246,99976,246,100027,241,99957,241,100054,241,99935,241,100070,100,99922,100,100073,100,99920,100,100074,100,99914,100,100076,100,99902,100,100086,100,99881,100,100113,100,99867,100,100144,100,99854,100
2019-06-28 09:46:22.820121598,100024,246,99976,246,100027,241,99957,241,100054,241,99935,241,100070,100,99922,100,100073,100,99920,100,100074,100,99914,100,100076,100,99902,100,100086,100,99881,100,100113,100,99867,100,100144,100,99854,100
2019-06-28 09:46:29.947736387,100024,246,99976,246,100027,241,99957,241,100054,241,99935,241,100070,100,99922,100,100073,100,99920,100,100074,100,99914,100,100076,100,99902,100,100086,100,99881,100,100113,100,99867,100,100144,100,99854,100
2019-06-28 09:46:30.000000000,100024,528,99976,528,100027,100,99957,100,100054,100,99935,100,100070,100,99922,100,100073,100,99920,100,100074,100,99914,100,100076,100,99902,100,100086,100,99881,100,100113,100,99867,100,100144,100,99854,100
2019-06-28 09:46:40.000000000,100024,528,99976,528,100027,100,99957,100,100054,100,99935,100,100070,100,99922,100,100073,100,99920,100,100074,100,99914,100,100076,100,99902,100,100086,100,99881,100,100113,100,99867,100,100144,100,99854,100
2019-06-28 09:46:50.000000000,100024,186,99976,186,100027,186,99957,186,100054,186,99935,186,100070,186,99922,186,100073,186,99920,186,100074,100,99914,100,100076,100,99902,100,100086,100,99881,100,100113,100,99867,100,100144,100,99854,100
2019-06-28 09:47:00.000000000,100024,207,99976,207,100027,207,99957,207,100054,207,99935,207,100070,207,99922,207,100073,100,99920,100,100074,100,99914,100,100076,100,99902,100,100086,100,99881,100,100113,100,99867,100,100144,100,99854,100
2019-06-28 09:47:10.000000000,100024,246,99976,246,100027,241,99957,241,100054,241,99935,241,100070,100,99922,100,100073,100,99920,100,100074,100,99914,100,100076,100,99902,100,100086,100,99881,100,100113,100,99867,100,100144,100,99854,100
2019-06-28 09:47:20.000000000,100024,314,99976,314,100027,314,99957,314,100054,100,99935,100,100070,100,99922,100,100073,100,99920,100,100074,100,99914,100,100076,100,99902,100,100086,100,99881,100,100113,100,99867,100,100144,100,99854,100
2019-06-28 09:47:30.000000000,100024,314,99976,314,100027,314,99957,314,100054,100,99935,100,100070,100,99922,100,100073,100,99920,100,100074,100,99914,100,100076,100,99902,100,100086,100,99881,100,100113,100,99867,100,100144,100,99854,100
2019-06-28 09:47:31.254651474,100024,314,99976,314,100027,314,99957,314,100054,100,99935,100,100070,100,99922,100,100073,100,99920,100,100074,100,99914,100,100076,100,99902,100,100086,100,99881,100,100113,100,99867,100,100144,100,99854,100
2019-06-28 09:47:35.982922126,100024,214,99976,314,100027,314,99957,314,100054,100,99935,100,100070,100,99922,100,100073,100,99920,100,100074,100,99914,100,100076,100,99902,100,100086,100,99881,100,100113,100,99867,100,100144,100,99854,100
2019-06-28 09:47:38.826553474,100024,214,99976,314,100027,314,99957,314,100054,100,99935,100,100070,100,99922,100,100073,100,99920,100,100074,100,99914,100,100076,100,99902,100,100086,100,99881,100,100113,100,99867,100,100144,100,99854,100
2019-06-28 09:47:40.000000000,100027,528,99976,528,100054,100,99957,100,100070,100,99935,100,100073,100,99922,100,100074,100,99920,100,100076,100,99914,100,100086,100,99902,100,100113,100,99881,100,100144,100,99867,100,100159,100,99854,100
2019-06-28 09:47:43.816881958,100027,528,100006,100,100054,100,99976,528,100070,100,99957,100,100073,100,99935,100,100074,100,99922,100,100076,100,99920,100,100086,100,99914,100,100113,100,99902,100,100144,100,99881,100,100159,100,99867,100
2019-06-28 09:47:49.119114781,100027,528,100006,200,100054,100,99976,528,100070,100,99957,100,100073,100,99935,100,100074,100,99922,100,100076,100,99920,100,100086,100,99914,100,100113,100,99902,100,100144,100,99881,100,100159,100,99867,100
2019-06-28 09:47:49.363713260,100027,528,100006,200,100054,100,99976,528,100070,100,99957,100,100073,100,99935,100,100074,100,99922,100,100086,100,99920,100,100113,100,99914,100,100144,100,99902,100,100159,100,99881,100,100492,100,99867,100
2019-06-28 09:47:50.000000000,100027,314,100006,414,100054,314,99976,314,100070,100,99957,100,100073,100,99935,100,100074,100,99922,100,100086,100,99920,100,100113,100,99914,100,100144,100,99902,100,100159,100,99881,100,100492,100,99867,100
2019-06-28 09:48:00.000000000,100027,528,100006,628,100054,100,99976,100,100070,100,99957,100,100073,100,99935,100,100074,100,99922,100,100086,100,99920,100,100113,100,99914,100,100144,100,99902,100,100159,100,99881,100,100492,100,99867,100
2019-06-28 09:48:06.816763677,100027,528,100006,628,100054,100,99976,100,100070,100,99957,100,100073,100,99935,100,100074,100,99922,100,100086,100,99920,100,100113,100,99914,100,100144,100,99902,100,100159,100,99881,100,100492,100,99867,100
2019-06-28 09:48:10.000000000,100027,528,100006,628,100054,100,99976,100,100070,100,99957,100,100073,100,99935,100,100074,100,99922,100,100086,100,99920,100,100113,100,99914,100,100144,100,99902,100,100159,100,99881,100,100492,100,99867,100
2019-06-28 09:48:20.000000000,100027,207,100006,307,100054,207,99976,207,100070,207,99957,207,100073,207,99935,207,100074,100,99922,100,100086,100,99920,100,100113,100,99914,100,100144,100,99902,100,100159,100,99881,100,100492,100,99867,100
2019-06-28 09:48:30.000000000,100027,528,100006,628,100054,100,99976,100,100070,100,99957,100,100073,100,99935,100,100074,100,99922,100,100086,100,99920,100,100113,100,99914,100,100144,100,99902,100,100159,100,99881,100,100492,100,99867,100
2019-06-28 09:48:30.080030130,100027,428,100006,628,100054,100,99976,100,100070,100,99957,100,100073,100,99935,100,100074,100,99922,100,100086,100,99920,100,100113,100,99914,100,100144,100,99902,100,100159,100,99881,100,100492,100,99867,100
2019-06-28 09:48:40.000000000,100054,528,100006,628,100070,100,99976,100,100073,100,99957,100,100074,100,99935,100,100086,100,99922,100,100113,100,99920,100,100144,100,99914,100,100159,100,99902,100,100492,100,99881,100,100506,100,99867,100
2019-06-28 09:48:50.000000000,100054,314,100006,414,100070,314,99976,314,100073,100,99957,100,100074,100,99935,100,100086,100,99922,100,100113,100,99920,100,100144,100,99914,100,100159,100,99902,100,100492,100,99881,100,100506,100,99867,100
2019-06-28 09:48:57.279028494,100054,314,100024,100,100070,314,100006,414,100073,100,99976,314,100074,100,99957,100,100086,100,99935,100,100113,100,99922,100,100144,100,99920,100,100159,100,99914,100,100492,100,99902,100,100506,100,99881,100
2019-06-28 09:49:00.000000000,100054,207,100024,207,100070,207,100006,307,100073,207,99976,207,100074,207,99957,207,100086,100,99935,100,100113,100,99922,100,100144,100,99920,100,100159,100,99914,100,100492,100,99902,100,100506,100,99881,100
2019-06-28 09:49:10.000000000,100054,207,100024,207,100070,207,100006,307,100073,207,99976,207,100074,207,99957,207,100086,100,99935,100,100113,100,99922,100,100144,100,99920,100,100159,100,99914,100,100492,100,99902,100,100506,100,99881,100
2019-06-28 09:49:20.000000000,100054,314,100024,314,100070,314,100006,414,100073,100,99976,100,100074,100,99957,100,100086,100,99935,100,100113,100,99922,100,100144,100,99920,100,100159,100,99914,100,100492,100,99902,100,100506,100,99881,100
2019-06-28 09:49:30.000000000,100054,528,100024,528,100070,100,100006,200,100073,100,99976,100,100074,100,99957,100,100086,100,99935,100,100113,100,99922,100,100144,100,99920,100,100159,100,99914,100,100492,100,99902,100,100506,100,99881,100
2019-06-28 09:49:31.168266188,100054,528,100024,528,100070,100,100006,200,100073,100,99976,100,100074,100,99957,100,100086,100,99935,100,100113,100,99922,100,100144,100,99920,100,100159,100,99914,100,100492,100,99902,100,100506,100,99881,100
2019-06-28 09:49:31.405965359,100054,428,100024,528,100070,100,100006,200,100073,100,99976,100,100074,100,99957,100,100086,100,99935,100,100113,100,99922,100,100144,100,99920,100,100159,100,99914,100,100492,100,99902,100,100506,100,99881,100
2019-06-28 09:49:40.000000000,100070,207,100024,207,100073,207,100006,307,100074,207,99976,207,100086,207,99957,207,100113,100,99935,100,100144,100,99922,100,100159,100,99920,100,100492,100,99914,100,100506,100,99902,100,100607,100,99881,100
2019-06-28 09:49:50.000000000,100070,186,100024,186,100073,186,100006,286,100074,186,99976,186,100086,186,99957,186,100113,186,99935,186,100144,100,99922,100,100159,100,99920,100,100492,100,99914,100,100506,100,99902,100,100607,100,99881,100
2019-06-28 09:49:56.064119169,100070,86,100024,186,100073,186,100006,286,100074,186,99976,186,100086,186,99957,186,100113,186,99935,186,100144,100,99922,100,100159,100,99920,100,100492,100,99914,100,100506,100,99902,100,100607,100,99881,100
2019-06-28 09:50:00.000000000,100073,207,100024,207,100074,207,100006,307,100086,207,99976,207,100113,207,99957,207,100144,100,99935,100,100159,100,99922,100,100492,100,99920,100,100506,100,99914,100,100607,100,99902,100,100650,100,99881,100
2019-06-28 09:50:00.262829528,100073,207,100024,207,100074,207,100006,307,100086,207,99976,207,100113,207,99957,207,100144,100,99935,100,100159,100,99922,100,100492,100,99920,100,100506,100,99914,100,100607,100,99902,100,100650,100,99881,100
2019-06-28 09:50:05.809022349,100073,207,100054,100,100074,207,100024,207,100086,207,100006,307,100113,207,99976,107,100144,100,99957,207,100159,100,99935,100,100492,100,99922,100,100506,100,99920,100,100607,100,99914,100,100650,100,99902,100
2019-06-28 09:50:10.000000000,100073,528,100054,528,100074,100,100024,100,100086,100,100006,200,100113,100,99957,100,100144,100,99935,100,100159,100,99922,100,100492,100,99920,100,100506,100,99914,100,100607,100,99902,100,100650,100,99881,100
2019-06-28 09:50:20.000000000,100073,207,100054,207,100074,207,100024,207,100086,207,100006,307,100113,207,99957,207,100144,100,99935,100,100159,100,99922,100,100492,100,99920,100,100506,100,99914,100,100607,100,99902,100,100650,100,99881,100
2019-06-28 09:50:21.864388309,100073,207,100054,207,100074,207,100024,207,100086,207,100006,307,100113,207,99957,207,100144,100,99935,100,100159,100,99922,100,100492,100,99920,100,100506,100,99914,100,100607,100,99902,100,100650,100,99881,100
2019-06-28 09:50:30.000000000,100073,314,100054,314,100074,314,100024,314,100086,100,100006,200,100113,100,99957,100,100144,100,99935,100,100159,100,99922,100,100492,100,99920,100,100506,100,99914,100,100607,100,99902,100,100650,100,99881,100
2019-06-28 09:50:40.000000000,100073,314,100054,314,100074,314,100024,314,100086,100,100006,200,100113,100,99957,100,100144,100,99935,100,100159,100,99922,100,100492,100,99920,100,100506,100,99914,100,100607,100,99902,100,100650,100,99881,100
2019-06-28 09:50:47.929461270,100073,314,100054,314,100074,314,100024,314,100086,100,100006,200,100113,100,99957,100,100144,100,99935,100,100159,100,99922,100,100392,100,99920,100,100492,100,99914,100,100506,100,99902,100,100607,100,99881,100
2019-06-28 09:50:50.000000000,100073,207,100054,207,100074,207,100024,207,100086,207,100006,307,100113,207,99957,207,100144,100,99935,100,100159,100,99922,100,100392,100,99920,100,100492,100,99914,100,100506,100,99902,100,100607,100,99881,100
2019-06-28 09:51:00.000000000,100073,528,100054,528,100074,100,100024,100,100086,100,100006,200,100113,100,99957,100,100144,100,99935,100,100159,100,99922,100,100392,100,99920,100,100492,100,99914,100,100506,100,99902,100,100607,100,99881,100
2019-06-28 09:51:10.000000000,100073,528,100054,528,100074,100,100024,100,100086,100,100006,200,100113,100,99957,100,100144,100,99935,100,100159,100,99922,100,100392,100,99920,100,100492,100,99914,100,100506,100,99902,100,100607,100,99881,100
2019-06-28 09:51:17.961730808,100073,528,100054,428,100074,100,100024,100,100086,100,100006,200,100113,100,99957,100,100144,100,99935,100,100159,100,99922,100,100392,100,99920,100,100492,100,99914,100,100506,100,99902,100,100607,100,99881,100
2019-06-28 09:51:20.000000000,100073,207,100024,207,100074,207,100006,307,100086,207,99957,207,100113,207,99935,207,100144,100,99922,100,100159,100,99920,100,100392,100,99914,100,100492,100,99902,100,100506,100,99881,100,100607,100,99867,100
2019-06-28 09:51:30.000000000,100073,528,100024,528,100074,100,100006,200,100086,100,99957,100,100113,100,99935,100,100144,100,99922,100,100159,100,99920,100,100392,100,99914,100,100492,100,99902,100,100506,100,99881,100,100607,100,99867,100
2019-06-28 09:51:31.887115816,100073,528,100024,528,100074,100,100006,200,100086,100,99957,100,100113,100,99935,100,100144,100,99922,100,100159,100,99920,100,100392,100,99914,100,100492,100,99904,100,100506,100,99902,100,100607,100,99881,100
2019-06-28 09:51:40.000000000,100073,528,100024,528,100074,100,100006,200,100086,100,99957,100,100113,100,99935,100,100144,100,99922,100,100159,100,99920,100,100392,100,99914,100,100492,100,99904,100,100506,100,99902,100,100607,100,99881,100
2019-06-28 09:51:50.000000000,100073,246,100024,246,100074,241,100006,341,100086,241,99957,241,100113,100,99935,100,100144,100,99922,100,100159,100,99920,100,100392,100,99914,100,100492,100,99904,100,100506,100,99902,100,100607,100,99881,100
2019-06-28 09:51:52.216656624,100073,246,100024,146,100074,241,100006,341,100086,241,99957,241,100113,100,99935,100,100144,100,99922,100,100159,100,99920,100,100392,100,99914,100,100492,100,99904,100,100506,100,99902,100,100607,100,99881,100
2019-06-28 09:52:00.000000000,100073,186,100006,286,100074,186,99957,186,100086,186,99935,186,100113,186,99922,186,100144,186,99920,186,100159,100,99914,100,100392,100,99904,100,100492,100,99902,100,100506,100,99881,100,100607,100,99867,100
2019-06-28 09:52:10.000000000,100073,246,100006,346,100074,241,99957,241,100086,241,99935,241,100113,100,99922,100,100144,100,99920,100,100159,100,99914,100,100392,100,99904,100,100492,100,99902,100,100506,100,99881,100,100607,100,99867,100
2019-06-28 09:52:20.000000000,100073,528,100006,628,100074,100,99957,100,100086,100,99935,100,100113,100,99922,100,100144,100,99920,100,100159,100,99914,100,100392,100,99904,100,100492,100,99902,100,100506,100,99881,100,100607,100,99867,100
2019-06-28 09:52:30.000000000,100073,207,100006,307,100074,207,99957,207,100086,207,99935,207,100113,207,99922,207,100144,100,99920,100,100159,100,99914,100,100392,100,99904,100,100492,100,99902,100,100506,100,99881,100,100607,100,99867,100
2019-06-28 09:52:37.681487273,100073,207,100006,207,100074,207,99957,207,100086,207,99935,207,100113,207,99922,207,100144,100,99920,100,100159,100,99914,100,100392,100,99904,100,100492,100,99902,100,100506,100,99881,100,100607,100,99867,100
2019-06-28 09:52:40.000000000,100073,528,100006,528,100074,100,99957,100,100086,100,99935,100,100113,100,99922,100,100144,100,99920,100,100159,100,99914,100,100392,100,99904,100,100492,100,99902,100,100506,100,99881,100,100607,100,99867,100
2019-06-28 09:52:49.135668435,100073,528,100006,428,100074,100,99957,100,100086,100,99935,100,100113,100,99922,100,100144,100,99920,100,100159,100,99914,100,100392,100,99904,100,100492,100,99902,100,100506,100,99881,100,100607,100,99854,100
2019-06-28 09:52:50.000000000,100073,186,99957,186,100074,186,99935,186,100086,186,99922,186,100113,186,99920,186,100144,186,99914,186,100159,100,99904,100,100392,100,99902,100,100492,100,99881,100,100506,100,99854,100,100607,100,99711,100
2019-06-28 09:52:56.568920972,100073,186,99957,186,100074,186,99935,186,100086,186,99922,86,100113,186,99920,186,100144,186,99914,186,100159,100,99904,100,100392,100,99902,100,100492,100,99881,100,100506,100,99854,100,100607,100,99711,100
2019-06-28 09:53:00.000000000,100073,246,99957,246,100074,241,99935,241,100086,241,99920,241,100113,100,99914,100,100144,100,99904,100,100159,100,99902,100,100392,100,99881,100,100492,100,99854,100,100506,100,99711,100,100607,100,99613,100
2019-06-28 09:53:04.414433940,100073,246,99957,246,100074,241,99935,241,100086,241,99920,241,100113,100,99914,100,100144,100,99904,100,100159,100,99902,100,100392,100,99854,100,100492,100,99711,100,100506,100,99613,100,100607,100,99570,100
2019-06-28 09:53:10.000000000,100073,528,99957,528,100074,100,99935,100,100086,100,99920,100,100113,100,99914,100,100144,100,99904,100,100159,100,99902,100,100392,100,99854,100,100492,100,99711,100,100506,100,99613,100,100607,100,99570,100
2019-06-28 09:53:14.141537549,100073,528,99957,528,100074,100,99935,100,100086,100,99920,100,100113,100,99914,100,100144,100,99904,100,100159,100,99902,100,100392,100,99854,100,100492,100,99711,100,100506,100,99613,100,100607,100,99570,100
2019-06-28 09:53:15.617011281,100073,528,99957,428,100074,100,99935,100,100086,100,99920,100,100113,100,99914,100,100144,100,99904,100,100159,100,99902,100,100392,100,99854,100,100492,100,99711,100,100506,100,99613,100,100607,100,99570,100
2019-06-28 09:53:16.399764482,100073,528,99957,428,100074,100,99935,100,100086,100,99920,100,100113,100,99914,100,100144,100,99904,100,100159,100,99902,100,100392,100,99854,100,100492,100,99711,100,100506,100,99613,100,100607,100,99570,100
2019-06-28 09:53:20.000000000,100073,207,99935,207,100074,207,99920,207,100086,207,99914,207,100113,207,99904,207,100144,100,99902,100,100159,100,99854,100,100392,100,99711,100,100492,100,99613,100,100506,100,99570,100,100607,100,99552,100
2019-06-28 09:53:30.000000000,100073,528,99935,528,100074,100,99920,100,100086,100,99914,100,100113,100,99904,100,100144,100,99902,100,100159,100,99854,100,100392,100,99711,100,100492,100,99613,100,100506,100,99570,100,100607,100,99552,100
2019-06-28 09:53:40.000000000,100073,528,99935,528,100074,100,99920,100,100086,100,99914,100,100113,100,99904,100,100144,100,99902,100,100159,100,99854,100,100392,100,99711,100,100492,100,99613,100,100506,100,99570,100,100607,100,99552,100
2019-06-28 09:53:47.472343367,100073,528,99935,428,100074,100,99920,100,100086,100,99914,100,100113,100,99904,100,100144,100,99902,100,100392,100,99854,100,100492,100,99711,100,100506,100,99613,100,100607,100,99570,100,100650,100,99552,100
2019-06-28 09:53:50.000000000,100073,246,99920,246,100074,241,99914,241,100086,241,99904,241,100113,100,99902,100,100144,100,99854,100,100392,100,99711,100,100492,100,99613,100,100506,100,99570,100,100607,100,99552,100,100650,100,99193,100
2019-06-28 09:53:57.903964362,100073,246,99920,146,100074,241,99914,241,100086,241,99904,241,100113,100,99902,100,100144,100,99854,100,100392,100,99711,100,100492,100,99613,100,100506,100,99570,100,100607,100,99552,100,100650,100,99193,100
2019-06-28 09:53:59.092539824,100073,246,99920,146,100074,241,99914,241,100086,241,99904,241,100113,100,99902,100,100144,100,99854,100,100392,100,99711,100,100492,100,99613,100,100506,100,99570,100,100607,100,99552,100,100650,100,99193,100
2019-06-28 09:54:00.000000000,100073,246,99914,246,100074,241,99904,241,100086,241,99902,241,100113,100,99854,100,100144,100,99711,100,100392,100,99613,100,100492,100,99570,100,100506,100,99552,100,100607,100,99193,100,100650,100,99007,100
2019-06-28 09:54:10.000000000,100073,207,99914,207,100074,207,99904,207,100086,207,99902,207,100113,207,99854,207,100144,100,99711,100,100392,100,99613,100,100492,100,99570,100,100506,100,99552,100,100607,100,99193,100,100650,100,99007,100
2019-06-28 09:54:17.850315658,100073,207,99914,107,100074,207,99904,207,100086,207,99902,207,100113,207,99854,207,100144,100,99711,100,100392,100,99613,100,100492,100,99570,100,100506,100,99552,100,100607,100,99193,100,100650,100,99007,100
2019-06-28 09:54:20.000000000,100073,186,99904,186,100074,186,99902,186,100086,186,99854,186,100113,186,99711,186,100144,186,99613,186,100392,100,99570,100,100492,100,99552,100,100506,100,99193,100,100607,100,99007,100,100650,100,,
2019-06-28 09:54:30.000000000,100073,528,99904,528,100074,100,99902,100,100086,100,99854,100,100113,100,99711,100,100144,100,99613,100,100392,100,99570,100,100492,100,99552,100,100506,100,99193,100,100607,100,99007,100,100650,100,,
2019-06-28 09:54:37.014533456,100073,528,99904,428,100074,100,99902,100,100086,100,99854,100,100113,100,99711,100,100144,100,99613,100,100392,100,99570,100,100492,100,99552,100,100506,100,99193,100,100607,100,99007,100,100650,100,,
2019-06-28 09:54:40.000000000,100073,246,99902,246,100074,241,99854,241,100086,241,99711,241,100113,100,99613,100,100144,100,99570,100,100392,100,99552,100,100492,100,99193,100,100506,100,99007,100,100607,100,,,100650,100,,
2019-06-28 09:54:50.000000000,100073,207,99902,207,100074,207,99854,207,100086,207,99711,207,100113,207,99613,207,100144,100,99570,100,100392,100,99552,100,100492,100,99193,100,100506,100,99007,100,100607,100,,,100650,100,,
2019-06-28 09:55:00.000000000,100073,246,99902,246,100074,241,99854,241,100086,241,99711,241,100113,100,99613,100,100144,100,99570,100,100392,100,99552,100,100492,100,99193,100,100506,100,99007,100,100607,100,,,100650,100,,
2019-06-28 09:55:10.000000000,100073,314,99902,314,100074,314,99854,314,100086,100,99711,100,100113,100,99613,100,100144,100,99570,100,100392,100,99552,100,100492,100,99193,100,100506,100,99007,100,100607,100,,,100650,100,,
2019-06-28 09:55:15.146286838,99914,100,99902,314,100073,314,99854,314,100074,314,99711,100,100086,100,99613,100,100113,100,99570,100,100144,100,99552,100,100392,100,99193,100,100492,100,99007,100,100506,100,,,100607,100,,
2019-06-28 09:55:17.204539198,99914,100,99902,214,100073,314,99854,214,100074,314,99711,100,100086,100,99613,100,100113,100,99570,100,100144,100,99552,100,100392,100,99193,100,100492,100,99007,100,100506,100,,,100607,100,,
2019-06-28 09:55:20.000000000,99914,528,99711,528,100073,100,99613,100,100074,100,99570,100,100086,100,99552,100,100113,100,99193,100,100144,100,99007,100,100392,100,,,100492,100,,,100506,100,,,100607,100,,
2019-06-28 09:55:25.321254825,99914,528,99711,428,100073,100,99613,100,100074,100,99570,100,100086,100,99552,100,100113,100,99193,100,100144,100,99007,100,100392,100,,,100492,100,,,100506,100,,,100607,100,,
2019-06-28 09:55:30.000000000,99914,314,99613,314,100073,314,99570,314,100074,100,99552,100,100086,100,99193,100,100113,100,99007,100,100144,100,,,100392,100,,,100492,100,,,100506,100,,,100607,100,,
2019-06-28 09:55:40.000000000,99914,207,99613,207,100073,207,99570,207,100074,207,99552,207,100086,207,99193,207,100113,100,99007,100,100144,100,,,100392,100,,,100492,100,,,100506,100,,,100607,100,,
2019-06-28 09:55:49.230901570,99902,100,99613,207,99914,207,99570,207,100073,207,99552,207,100074,207,99193,207,100086,207,99007,100,100113,100,,,100144,100,,,100392,100,,,100492,100,,,100506,100,,
2019-06-28 09:55:50.000000000,99902,528,99613,528,99914,100,99570,100,100073,100,99552,100,100074,100,99193,100,100086,100,99007,100,100113,100,,,100144,100,,,100392,100,,,100492,100,,,100506,100,,
2019-06-28 09:55:51.946762349,99902,528,99613,528,99914,100,99570,100,100073,100,99552,100,100074,100,99193,100,100086,100,99007,100,100113,100,98954,100,100144,100,,,100392,100,,,100492,100,,,100506,100,,
2019-06-28 09:55:55.066180956,99902,528,99613,528,99914,100,99570,100,100073,100,99552,100,100074,100,99205,100,100086,100,99193,100,100144,100,99007,100,100392,100,98954,100,100492,100,,,100506,100,,,100607,100,,
2019-06-28 09:56:00.000000000,99902,246,99613,246,99914,241,99570,241,100073,241,99552,241,100074,100,99205,100,100086,100,99193,100,100144,100,99007,100,100392,100,98954,100,100492,100,,,100506,100,,,100607,100,,
2019-06-28 09:56:03.474640536,99902,246,99613,246,99914,241,99570,241,100073,241,99552,241,100074,100,99254,100,100086,100,99205,100,100144,100,99193,100,100392,100,99007,100,100492,100,98954,100,100506,100,,,100607,100,,
2019-06-28 09:56:05.448187979,99902,346,99613,246,99914,241,99570,241,100073,241,99552,241,100074,100,99254,100,100086,100,99205,100,100144,100,99193,100,100392,100,99007,100,100492,100,98954,100,100506,100,,,100607,100,,
2019-06-28 09:56:10.000000000,99902,307,99613,207,99914,207,99570,207,100073,207,99552,207,100074,207,99254,207,100086,100,99205,100,100144,100,99193,100,100392,100,99007,100,100492,100,98954,100,100506,100,,,100607,100,,
2019-06-28 09:56:20.000000000,99902,414,99613,314,99914,314,99570,314,100073,100,99552,100,100074,100,99254,100,100086,100,99205,100,100144,100,99193,100,100392,100,99007,100,100492,100,98954,100,100506,100,,,100607,100,,
2019-06-28 09:56:30.000000000,99902,307,99613,207,99914,207,99570,207,100073,207,99552,207,100074,207,99254,207,100086,100,99205,100,100144,100,99193,100,100392,100,99007,100,100492,100,98954,100,100506,100,,,100607,100,,
2019-06-28 09:56:37.311088566,99902,307,99613,107,99914,207,99570,207,100073,207,99552,207,100074,207,99254,207,100086,100,99205,100,100144,100,99193,100,100392,100,99007,100,100492,100,98954,100,100506,100,,,100607,100,,
2019-06-28 09:56:37.590042010,99711,100,99613,107,99902,307,99570,207,99914,207,99552,207,100073,207,99254,207,100074,207,99205,100,100086,100,99193,100,100144,100,99007,100,100392,100,98954,100,100492,100,,,100506,100,,
2019-06-28 09:56:40.000000000,99711,246,99570,246,99902,341,99552,241,99914,241,99254,241,100073,100,99205,100,100074,100,99193,100,100086,100,99007,100,100144,100,98954,100,100392,100,,,100492,100,,,100506,100,,
2019-06-28 09:56:43.104690374,99711,246,99570,246,99902,341,99552,241,99914,241,99254,241,100073,100,99205,100,100074,100,99199,100,100144,100,99193,100,100392,100,99007,100,100492,100,98954,100,100506,100,,,100607,100,,
2019-06-28 09:56:50.000000000,99711,246,99570,246,99902,341,99552,241,99914,241,99254,241,100073,100,99205,100,100074,100,99199,100,100144,100,99193,100,100392,100,99007,100,100492,100,98954,100,100506,100,,,100607,100,,
2019-06-28 09:57:00.000000000,99711,207,99570,207,99902,307,99552,207,99914,207,99254,207,100073,207,99205,207,100074,100,99199,100,100144,100,99193,100,100392,100,99007,100,100492,100,98954,100,100506,100,,,100607,100,,
2019-06-28 09:57:10.000000000,99711,246,99570,246,99902,341,99552,241,99914,241,99254,241,100073,100,99205,100,100074,100,99199,100,100144,100,99193,100,100392,100,99007,100,100492,100,98954,100,100506,100,,,100607,100,,
2019-06-28 09:57:13.247633191,99711,246,99570,246,99902,241,99552,241,99914,241,99254,241,100073,100,99205,100,100074,100,99199,100,100144,100,99193,100,100392,100,99007,100,100492,100,98954,100,100506,100,,,100607,100,,
2019-06-28 09:57:14.795662943,99711,246,99570,146,99902,241,99552,241,99914,241,99254,241,100073,100,99205,100,100074,100,99199,100,100144,100,99193,100,100392,100,99007,100,100492,100,98954,100,100506,100,,,100607,100,,
2019-06-28 09:57:16.617149367,99711,246,99570,146,99902,241,99552,241,99914,241,99458,100,100073,100,99254,241,100074,100,99205,100,100144,100,99199,100,100392,100,99193,100,100492,100,99007,100,100506,100,98954,100,100607,100,,
2019-06-28 09:57:20.000000000,99711,186,99552,186,99902,186,99458,186,99914,186,99254,186,100073,186,99205,186,100074,186,99199,186,100144,100,99193,100,100392,100,99007,100,100492,100,98954,100,100506,100,,,100607,100,,
2019-06-28 09:57:27.615983128,99711,186,99552,186,99806,100,99458,186,99902,186,99254,186,99914,186,99205,186,100073,186,99199,186,100074,186,99193,100,100144,100,99007,100,100392,100,98954,100,100492,100,,,100506,100,,
2019-06-28 09:57:30.000000000,99711,207,99552,207,99806,207,99458,207,99902,207,99254,207,99914,207,99205,207,100073,100,99199,100,100074,100,99193,100,100144,100,99007,100,100392,100,98954,100,100492,100,,,100506,100,,
2019-06-28 09:57:40.000000000,99711,186,99552,186,99806,186,99458,186,99902,186,99254,186,99914,186,99205,186,100073,186,99199,186,100074,100,99193,100,100144,100,99007,100,100392,100,98954,100,100492,100,,,100506,100,,
2019-06-28 09:57:50.000000000,99711,186,99552,186,99806,186,99458,186,99902,186,99254,186,99914,186,99205,186,100073,186,99199,186,100074,100,99193,100,100144,100,99007,100,100392,100,98954,100,100492,100,,,100506,100,,
2019-06-28 09:57:54.148215779,99711,186,99614,100,99806,186,99552,186,99902,186,99458,186,99914,186,99254,186,100073,186,99205,186,100074,100,99199,186,100144,100,99193,100,100392,100,99007,100,100492,100,98954,100,100506,100,,
2019-06-28 09:57:54.631839839,99711,186,99614,100,99806,186,99552,186,99858,100,99458,186,99902,186,99254,186,99914,186,99205,186,100073,186,99199,186,100074,100,99193,100,100144,100,99007,100,100392,100,98954,100,100492,100,,
2019-06-28 09:58:00.000000000,99711,186,99614,186,99806,186,99552,186,99858,186,99458,186,99902,186,99254,186,99914,186,99205,186,100073,100,99199,100,100074,100,99193,100,100144,100,99007,100,100392,100,98954,100,100492,100,,
2019-06-28 09:58:05.981765542,99711,186,99614,86,99806,186,99552,186,99858,186,99458,186,99902,186,99254,186,99914,186,99205,186,100073,100,99199,100,100074,100,99193,100,100144,100,99007,100,100392,100,98954,100,100492,100,,
2019-06-28 09:58:07.844899106,99711,86,99614,86,99806,186,99552,186,99858,186,99458,186,99902,186,99254,186,99914,186,99205,186,100073,100,99199,100,100074,100,99193,100,100144,100,99007,100,100392,100,98954,100,100492,100,,
2019-06-28 09:58:10.000000000,99806,207,99552,207,99858,207,99458,207,99902,207,99254,207,99914,207,99205,207,100073,100,99199,100,100074,100,99193,100,100144,100,99007,100,100392,100,98954,100,100492,100,,,100506,100,,
2019-06-28 09:58:12.771212313,99806,107,99596,100,99858,207,99552,207,99902,207,99458,207,99914,207,99254,207,100073,100,99205,207,100074,100,99199,100,100144,100,99193,100,100392,100,99007,100,100492,100,98954,100,100506,100,,
2019-06-28 09:58:20.000000000,99858,207,99596,207,99902,207,99552,207,99914,207,99458,207,100073,207,99254,207,100074,100,99205,100,100144,100,99199,100,100392,100,99193,100,100492,100,99007,100,100506,100,98954,100,100607,100,,
2019-06-28 09:58:30.000000000,99858,528,99596,528,99902,100,99552,100,99914,100,99458,100,100073,100,99254,100,100074,100,99205,100,100144,100,99199,100,100392,100,99193,100,100492,100,99007,100,100506,100,98954,100,100607,100,,
2019-06-28 09:58:31.594388562,99710,100,99596,528,99858,528,99552,100,99902,100,99458,100,99914,100,99254,100,100073,100,99205,100,100074,100,99199,100,100144,100,99193,100,100392,100,99007,100,100492,100,98954,100,100506,100,,
2019-06-28 09:58:40.000000000,99710,186,99596,186,99858,186,99552,186,99902,186,99458,186,99914,186,99254,186,100073,186,99205,186,100074,100,99199,100,100144,100,99193,100,100392,100,99007,100,100492,100,98954,100,100506,100,,
2019-06-28 09:58:41.273430650,99710,186,99596,186,99858,186,99552,186,99902,186,99458,186,99914,186,99383,100,100073,186,99254,186,100074,100,99205,186,100144,100,99199,100,100392,100,99193,100,100492,100,99007,100,100506,100,98954,100
2019-06-28 09:58:50.000000000,99710,186,99596,186,99858,186,99552,186,99902,186,99458,186,99914,186,99383,186,100073,186,99254,186,100074,100,99205,100,100144,100,99199,100,100392,100,99193,100,100492,100,99007,100,100506,100,98954,100
2019-06-28 09:58:53.621892516,99670,100,99596,186,99710,186,99552,186,99858,186,99458,186,99902,186,99383,186,99914,186,99254,186,100073,186,99205,100,100074,100,99199,100,100144,100,99193,100,100392,100,99007,100,100492,100,98954,100
2019-06-28 09:59:00.000000000,99670,207,99596,207,99710,207,99552,207,99858,207,99458,207,99902,207,99383,207,99914,100,99254,100,100073,100,99205,100,100074,100,99199,100,100144,100,99193,100,100392,100,99007,100,100492,100,98954,100
2019-06-28 09:59:10.000000000,99670,314,99596,314,99710,314,99552,314,99858,100,99458,100,99902,100,99383,100,99914,100,99254,100,100073,100,99205,100,100074,100,99199,100,100144,100,99193,100,100392,100,99007,100,100492,100,98954,100
2019-06-28 09:59:11.364483996,99670,214,99596,314,99710,314,99552,314,99858,100,99458,100,99902,100,99383,100,99914,100,99254,100,100073,100,99205,100,100074,100,99199,100,100144,100,99193,100,100392,100,99007,100,100492,100,98954,100
2019-06-28 09:59:20.000000000,99710,186,99596,186,99858,186,99552,186,99902,186,99458,186,99914,186,99383,186,100073,186,99254,186,100074,100,99205,100,100144,100,99199,100,100392,100,99193,100,100492,100,99007,100,100506,100,98954,100
2019-06-28 09:59:30.000000000,99710,528,99596,528,99858,100,99552,100,99902,100,99458,100,99914,100,99383,100,100073,100,99254,100,100074,100,99205,100,100144,100,99199,100,100392,100,99193,100,100492,100,99007,100,100506,100,98954,100
2019-06-28 09:59:31.524405595,99710,528,99670,100,99858,100,99596,528,99902,100,99552,100,99914,100,99458,100,100073,100,99383,100,100074,100,99254,100,100144,100,99205,100,100392,100,99199,100,100492,100,99193,100,100506,100,99007,100
2019-06-28 09:59:40.000000000,99710,207,99670,207,99858,207,99596,207,99902,207,99552,207,99914,207,99458,207,100073,100,99383,100,100074,100,99254,100,100144,100,99205,100,100392,100,99199,100,100492,100,99193,100,100506,100,99007,100
2019-06-28 09:59:46.031329451,99710,207,99670,207,99858,207,99596,207,99902,207,99552,207,99914,207,99458,207,99934,100,99383,100,100074,100,99254,100,100144,100,99205,100,100392,100,99199,100,100492,100,99193,100,100506,100,99007,100
2019-06-28 09:59:50.000000000,99710,528,99670,528,99858,100,99596,100,99902,100,99552,100,99914,100,99458,100,99934,100,99383,100,100074,100,99254,100,100144,100,99205,100,100392,100,99199,100,100492,100,99193,100,100506,100,99007,100
2019-06-28 10:00:00.000000000,99710,314,99670,314,99858,314,99596,314,99902,100,99552,100,99914,100,99458,100,99934,100,99383,100,100074,100,99254,100,100144,100,99205,100,100392,100,99199,100,100492,100,99193,100,100506,100,99007,100
2019-06-28 10:00:06.437969518,99710,314,99670,314,99858,314,99596,314,99902,100,99552,100,99914,100,99458,100,99934,100,99383,100,100074,100,99254,100,100144,100,99205,100,100178,100,99199,100,100392,100,99193,100,100492,100,99007,100
2019-06-28 10:00:10.000000000,99710,314,99670,314,99858,314,99596,314,99902,100,99552,100,99914,100,99458,100,99934,100,99383,100,100074,100,99254,100,100144,100,99205,100,100178,100,99199,100,100392,100,99193,100,100492,100,99007,100
2019-06-28 10:00:20.000000000,99710,186,99670,186,99858,186,99596,186,99902,186,99552,186,99914,186,99458,186,99934,186,99383,186,100074,100,99254,100,100144,100,99205,100,100178,100,99199,100,100392,100,99193,100,100492,100,99007,100
2019-06-28 10:00:30.000000000,99710,186,99670,186,99858,186,99596,186,99902,186,99552,186,99914,186,99458,186,99934,186,99383,186,100074,100,99254,100,100144,100,99205,100,100178,100,99199,100,100392,100,99193,100,100492,100,99007,100
2019-06-28 10:00:40.000000000,99710,246,99670,246,99858,241,99596,241,99902,241,99552,241,99914,100,99458,100,99934,100,99383,100,100074,100,99254,100,100144,100,99205,100,100178,100,99199,100,100392,100,99193,100,100492,100,99007,100
2019-06-28 10:00:49.253296423,99710,246,99670,346,99858,241,99596,241,99902,241,99552,241,99914,100,99458,100,99934,100,99383,100,100074,100,99254,100,100144,100,99205,100,100178,100,99199,100,100392,100,99193,100,100492,100,99007,100
2019-06-28 10:00:50.000000000,99710,207,99670,307,99858,207,99596,207,99902,207,99552,207,99914,207,99458,207,99934,100,99383,100,100074,100,99254,100,100144,100,99205,100,100178,100,99199,100,100392,100,99193,100,100492,100,99007,100
2019-06-28 10:01:00.000000000,99710,207,99670,307,99858,207,99596,207,99902,207,99552,207,99914,207,99458,207,99934,100,99383,100,100074,100,99254,100,100144,100,99205,100,100178,100,99199,100,100392,100,99193,100,100492,100,99007,100
2019-06-28 10:01:10.000000000,99710,528,99670,628,99858,100,99596,100,99902,100,99552,100,99914,100,99458,100,99934,100,99383,100,100074,100,99254,100,100144,100,99205,100,100178,100,99199,100,100392,100,99193,100,100492,100,99007,100
2019-06-28 10:01:16.338874572,99710,428,99670,628,99858,100,99596,100,99902,100,99552,100,99914,100,99458,100,99934,100,99383,100,100074,100,99254,100,100144,100,99205,100,100178,100,99199,100,100392,100,99193,100,100492,100,99007,100
2019-06-28 10:01:20.000000000,99858,246,99670,346,99902,241,99596,241,99914,241,99552,241,99934,100,99458,100,100074,100,99383,100,100144,100,99254,100,100178,100,99205,100,100392,100,99199,100,100492,100,99193,100,100506,100,99007,100
2019-06-28 10:01:30.000000000,99858,186,99670,286,99902,186,99596,186,99914,186,99552,186,99934,186,99458,186,100074,186,99383,186,100144,100,99254,100,100178,100,99205,100,100392,100,99199,100,100492,100,99193,100,100506,100,99007,100
2019-06-28 10:01:39.869073914,99858,186,99671,100,99902,186,99670,286,99914,186,99596,186,99934,186,99552,186,100074,186,99458,186,100144,100,99383,186,100178,100,99254,100,100392,100,99205,100,100492,100,99199,100,100506,100,99193,100
2019-06-28 10:01:40.000000000,99858,186,99671,186,99902,186,99670,286,99914,186,99596,186,99934,186,99552,186,100074,186,99458,186,100144,100,99383,100,100178,100,99254,100,100392,100,99205,100,100492,100,99199,100,100506,100,99193,100
2019-06-28 10:01:44.540524088,99858,186,99671,186,99902,186,99670,286,99914,186,99596,186,99934,186,99552,186,100074,186,99458,186,100144,100,99383,100,100178,100,99254,100,100392,100,99205,100,100492,100,99199,100,100506,100,99193,100
2019-06-28 10:01:50.000000000,99858,528,99671,528,99902,100,99670,200,99914,100,99596,100,99934,100,99552,100,100074,100,99458,100,100144,100,99383,100,100178,100,99254,100,100392,100,99205,100,100492,100,99199,100,100506,100,99193,100
2019-06-28 10:01:54.066330633,99858,428,99671,528,99902,100,99670,200,99914,100,99596,100,99934,100,99552,100,100074,100,99458,100,100144,100,99383,100,100178,100,99254,100,100392,100,99205,100,100492,100,99199,100,100506,100,99193,100
2019-06-28 10:02:00.000000000,99902,528,99671,528,99914,100,99670,200,99934,100,99596,100,100074,100,99552,100,100144,100,99458,100,100178,100,99383,100,100392,100,99254,100,100492,100,99205,100,100506,100,99199,100,100607,100,99193,100
2019-06-28 10:02:09.905183879,99902,428,99671,528,99914,100,99670,200,99934,100,99596,100,100074,100,99552,100,100144,100,99458,100,100178,100,99383,100,100392,100,99254,100,100492,100,99205,100,100506,100,99199,100,100607,100,99193,100
2019-06-28 10:02:10.000000000,99914,186,99671,186,99934,186,99670,286,100074,186,99596,186,100144,186,99552,186,100178,186,99458,186,100392,100,99383,100,100492,100,99254,100,100506,100,99205,100,100607,100,99199,100,100617,100,99193,100
2019-06-28 10:02:10.544073789,99914,86,99671,186,99934,186,99670,286,100074,186,99596,186,100144,186,99552,86,100178,186,99458,186,100392,100,99383,100,100492,100,99254,100,100506,100,99205,100,100607,100,99199,100,100617,100,99193,100
2019-06-28 10:02:11.694870381,99934,186,99914,14,100074,186,99671,186,100144,186,99670,286,100178,186,99596,186,100392,100,99552,86,100492,100,99458,186,100506,100,99254,100,100607,100,99205,100,100617,100,99199,100,100803,100,99193,100
2019-06-28 10:02:20.000000000,99934,186,99914,100,100074,186,99671,186,100144,186,99670,286,100178,186,99596,186,100392,186,99458,186,100492,100,99254,100,100506,100,99205,100,100607,100,99199,100,100617,100,99193,100,100803,100,99007,100
2019-06-28 10:02:23.569326070,99934,186,99914,200,100074,186,99671,186,100144,186,99670,186,100178,186,99596,186,100392,186,99458,186,100492,100,99254,100,100506,100,99205,100,100607,100,99199,100,100617,100,99193,100,100803,100,99007,100
2019-06-28 10:02:30.000000000,99934,246,99914,260,100074,241,99671,241,100144,241,99670,241,100178,100,99596,100,100392,100,99458,100,100492,100,99254,100,100506,100,99205,100,100607,100,99199,100,100617,100,99193,100,100803,100,99007,100
2019-06-28 10:02:40.000000000,99934,528,99914,542,100074,100,99671,100,100144,100,99670,100,100178,100,99596,100,100392,100,99458,100,100492,100,99254,100,100506,100,99205,100,100607,100,99199,100,100617,100,99193,100,100803,100,99007,100
2019-06-28 10:02:40.573087018,99934,428,99914,542,100074,100,99671,100,100144,100,99670,100,100178,100,99596,100,100392,100,99458,100,100492,100,99254,100,100506,100,99205,100,100607,100,99199,100,100617,100,99193,100,100803,100,99007,100
2019-06-28 10:02:50.000000000,100074,246,99914,260,100144,241,99671,241,100178,241,99670,241,100392,100,99596,100,100492,100,99458,100,100506,100,99254,100,100607,100,99205,100,100617,100,99199,100,100803,100,99193,100,100845,100,99007,100
2019-06-28 10:02:53.056231382,100074,146,99914,260,100144,241,99671,241,100178,241,99670,241,100392,100,99596,100,100492,100,99458,100,100506,100,99254,100,100607,100,99205,100,100617,100,99199,100,100803,100,99193,100,100845,100,99007,100
2019-06-28 10:03:00.000000000,100144,186,99914,200,100178,186,99671,186,100392,186,99670,186,100492,186,99596,186,100506,186,99458,186,100607,100,99254,100,100617,100,99205,100,100803,100,99199,100,100845,100,99193,100,100850,100,99007,100
2019-06-28 10:03:01.778309779,100144,186,99914,200,100178,186,99671,186,100233,100,99670,186,100392,186,99596,186,100492,186,99458,186,100506,186,99254,100,100607,100,99205,100,100803,100,99199,100,100845,100,99193,100,100850,100,99007,100
2019-06-28 10:03:10.000000000,100144,314,99914,328,100178,314,99671,314,100233,100,99670,100,100392,100,99596,100,100492,100,99458,100,100506,100,99254,100,100607,100,99205,100,100803,100,99199,100,100845,100,99193,100,100850,100,99007,100
2019-06-28 10:03:20.000000000,100144,528,99914,542,100178,100,99671,100,100233,100,99670,100,100392,100,99596,100,100492,100,99458,100,100506,100,99254,100,100607,100,99205,100,100803,100,99199,100,100845,100,99193,100,100850,100,99007,100
2019-06-28 10:03:30.000000000,100144,528,99914,542,100178,100,99671,100,100233,100,99670,100,100392,100,99596,100,100492,100,99458,100,100506,100,99254,100,100607,100,99205,100,100803,100,99199,100,100845,100,99193,100,100850,100,99007,100
2019-06-28 10:03:40.000000000,100144,314,99914,328,100178,314,99671,314,100233,100,99670,100,100392,100,99596,100,100492,100,99458,100,100506,100,99254,100,100607,100,99205,100,100803,100,99199,100,100845,100,99193,100,100850,100,99007,100
2019-06-28 10:03:46.649869796,100144,314,99914,328,100178,314,99673,100,100233,100,99671,314,100392,100,99670,100,100492,100,99596,100,100506,100,99458,100,100607,100,99254,100,100803,100,99205,100,100845,100,99199,100,100850,100,99193,100
2019-06-28 10:03:50.000000000,100144,207,99914,221,100178,207,99673,207,100233,207,99671,207,100392,207,99670,207,100492,100,99596,100,100506,100,99458,100,100607,100,99254,100,100803,100,99205,100,100845,100,99199,100,100850,100,99193,100
2019-06-28 10:04:00.000000000,100144,186,99914,200,100178,186,99673,186,100233,186,99671,186,100392,186,99670,186,100492,186,99596,186,100506,100,99458,100,100607,100,99254,100,100803,100,99205,100,100845,100,99199,100,100850,100,99193,100
2019-06-28 10:04:10.000000000,100144,246,99914,260,100178,241,99673,241,100233,241,99671,241,100392,100,99670,100,100492,100,99596,100,100506,100,99458,100,100607,100,99254,100,100803,100,99205,100,100845,100,99199,100,100850,100,99193,100
2019-06-28 10:04:20.000000000,100144,528,99914,542,100178,100,99673,100,100233,100,99671,100,100392,100,99670,100,100492,100,99596,100,100506,100,99458,100,100607,100,99254,100,100803,100,99205,100,100845,100,99199,100,100850,100,99193,100
2019-06-28 10:04:26.828173126,100144,528,99914,442,100233,100,99673,100,100392,100,99671,100,100492,100,99670,100,100506,100,99596,100,100607,100,99458,100,100803,100,99254,100,100845,100,99205,100,100850,100,99199,100,100990,100,99193,100
2019-06-28 10:04:30.000000000,100144,186,99914,100,100233,186,99673,186,100392,186,99671,186,100492,186,99670,186,100506,186,99596,186,100607,100,99458,100,100803,100,99254,100,100845,100,99205,100,100850,100,99199,100,100990,100,99193,100
2019-06-28 10:04:40.000000000,100144,314,99914,228,100233,314,99673,314,100392,100,99671,100,100492,100,99670,100,100506,100,99596,100,100607,100,99458,100,100803,100,99254,100,100845,100,99205,100,100850,100,99199,100,100990,100,99193,100
2019-06-28 10:04:47.137747646,100144,314,99914,228,100233,314,99673,314,100392,100,99671,100,100492,100,99670,100,100506,100,99596,100,100607,100,99458,100,100803,100,99205,100,100845,100,99199,200,100850,100,99193,100,100990,100,99007,100
2019-06-28 10:04:50.000000000,100144,246,99914,160,100233,241,99673,241,100392,241,99671,241,100492,100,99670,100,100506,100,99596,100,100607,100,99458,100,100803,100,99205,100,100845,100,99199,200,100850,100,99193,100,100990,100,99007,100
2019-06-28 10:04:51.475602983,100144,246,99914,160,100233,241,99673,241,100392,241,99671,241,100492,100,99670,100,100506,100,99596,100,100607,100,99355,100,100803,100,99205,100,100845,100,99199,200,100850,100,99193,100,100990,100,99007,100
2019-06-28 10:05:00.000000000,100144,314,99914,228,100233,314,99673,314,100392,100,99671,100,100492,100,99670,100,100506,100,99596,100,100607,100,99355,100,100803,100,99205,100,100845,100,99199,200,100850,100,99193,100,100990,100,99007,100
2019-06-28 10:05:00.183645604,100144,314,99914,128,100233,314,99673,314,100392,100,99671,100,100492,100,99670,100,100506,100,99596,100,100607,100,99355,100,100803,100,99205,100,100845,100,99199,200,100850,100,99193,100,100990,100,99007,100
2019-06-28 10:05:10.000000000,100144,186,99673,186,100233,186,99671,186,100392,186,99670,186,100492,186,99596,186,100506,186,99355,186,100607,100,99205,100,100803,100,99199,200,100845,100,99193,100,100850,100,99007,100,100990,100,98954,100
2019-06-28 10:05:20.000000000,100144,186,99673,186,100233,186,99671,186,100392,186,99670,186,100492,186,99596,186,100506,186,99355,186,100607,100,99205,100,100803,100,99199,200,100845,100,99193,100,100850,100,99007,100,100990,100,98954,100
2019-06-28 10:05:30.000000000,100144,186,99673,186,100233,186,99671,186,100392,186,99670,186,100492,186,99596,186,100506,186,99355,186,100607,100,99205,100,100803,100,99199,200,100845,100,99193,100,100850,100,99007,100,100990,100,98954,100
2019-06-28 10:05:40.000000000,100144,186,99673,186,100233,186,99671,186,100392,186,99670,186,100492,186,99596,186,100506,186,99355,186,100607,100,99205,100,100803,100,99199,200,100845,100,99193,100,100850,100,99007,100,100990,100,98954,100
2019-06-28 10:05:49.203283492,100144,186,99673,86,100233,186,99671,186,100392,186,99670,186,100492,186,99596,186,100506,186,99355,186,100607,100,99205,100,100803,100,99199,200,100845,100,99193,100,100850,100,99007,100,100990,100,98954,100
2019-06-28 10:05:50.000000000,100144,314,99671,314,100233,314,99670,314,100392,100,99596,100,100492,100,99355,100,100506,100,99205,100,100607,100,99199,200,100803,100,99193,100,100845,100,99007,100,100850,100,98954,100,100990,100,,
2019-06-28 10:06:00.000000000,100144,246,99671,246,100233,241,99670,241,100392,241,99596,241,100492,100,99355,100,100506,100,99205,100,100607,100,99199,200,100803,100,99193,100,100845,100,99007,100,100850,100,98954,100,100990,100,,
2019-06-28 10:06:10.000000000,100144,207,99671,207,100233,207,99670,207,100392,207,99596,207,100492,207,99355,207,100506,100,99205,100,100607,100,99199,200,100803,100,99193,100,100845,100,99007,100,100850,100,98954,100,100990,100,,
2019-06-28 10:06:20.000000000,100144,246,99671,246,100233,241,99670,241,100392,241,99596,241,100492,100,99355,100,100506,100,99205,100,100607,100,99199,200,100803,100,99193,100,100845,100,99007,100,100850,100,98954,100,100990,100,,
2019-06-28 10:06:30.000000000,100144,528,99671,528,100233,100,99670,100,100392,100,99596,100,100492,100,99355,100,100506,100,99205,100,100607,100,99199,200,100803,100,99193,100,100845,100,99007,100,100850,100,98954,100,100990,100,,
2019-06-28 10:06:40.000000000,100144,246,99671,246,100233,241,99670,241,100392,241,99596,241,100492,100,99355,100,100506,100,99205,100,100607,100,99199,200,100803,100,99193,100,100845,100,99007,100,100850,100,98954,100,100990,100,,
2019-06-28 10:06:50.000000000,100144,528,99671,528,100233,100,99670,100,100392,100,99596,100,100492,100,99355,100,100506,100,99205,100,100607,100,99199,200,100803,100,99193,100,100845,100,99007,100,100850,100,98954,100,100990,100,,
2019-06-28 10:07:00.000000000,100144,314,99671,314,100233,314,99670,314,100392,100,99596,100,100492,100,99355,100,100506,100,99205,100,100607,100,99199,200,100803,100,99193,100,100845,100,99007,100,100850,100,98954,100,100990,100,,
2019-06-28 10:07:00.671232716,100144,314,99671,314,100233,314,99670,314,100392,100,99596,100,100492,100,99355,100,100506,100,99225,100,100607,100,99205,100,100803,100,99199,200,100845,100,99193,100,100850,100,99007,100,100990,100,98954,100
2019-06-28 10:07:02.977360698,99914,100,99671,314,100144,314,99670,314,100233,314,99596,100,100392,100,99355,100,100492,100,99225,100,100506,100,99205,100,100607,100,99199,200,100803,100,99193,100,100845,100,99007,100,100850,100,98954,100
2019-06-28 10:07:10.000000000,99914,528,99671,528,100144,100,99670,100,100233,100,99596,100,100392,100,99355,100,100492,100,99225,100,100506,100,99205,100,100607,100,99199,200,100803,100,99193,100,100845,100,99007,100,100850,100,98954,100
2019-06-28 10:07:20.000000000,99914,314,99671,314,100144,314,99670,314,100233,100,99596,100,100392,100,99355,100,100492,100,99225,100,100506,100,99205,100,100607,100,99199,200,100803,100,99193,100,100845,100,99007,100,100850,100,98954,100
2019-06-28 10:07:30.000000000,99914,186,99671,186,100144,186,99670,186,100233,186,99596,186,100392,186,99355,186,100492,186,99225,186,100506,100,99205,100,100607,100,99199,200,100803,100,99193,100,100845,100,99007,100,100850,100,98954,100
2019-06-28 10:07:40.000000000,99914,207,99671,207,100144,207,99670,207,100233,207,99596,207,100392,207,99355,207,100492,100,99225,100,100506,100,99205,100,100607,100,99199,200,100803,100,99193,100,100845,100,99007,100,100850,100,98954,100
2019-06-28 10:07:49.353800921,99914,207,99671,107,100144,207,99670,207,100233,207,99596,207,100392,207,99355,207,100492,100,99225,100,100506,100,99205,100,100607,100,99199,200,100803,100,99193,100,100845,100,99007,100,100850,100,98954,100
2019-06-28 10:07:50.000000000,99914,186,99670,186,100144,186,99596,186,100233,186,99355,186,100392,186,99225,186,100492,186,99205,186,100506,100,99199,200,100607,100,99193,100,100803,100,99007,100,100845,100,98954,100,100850,100,,
2019-06-28 10:07:51.022148346,99914,186,99670,86,100144,186,99596,186,100233,186,99355,186,100392,186,99225,186,100492,186,99205,186,100506,100,99199,200,100607,100,99193,100,100803,100,98954,100,100845,100,,,100850,100,,
2019-06-28 10:08:00.000000000,99914,528,99596,528,100144,100,99355,100,100233,100,99225,100,100392,100,99205,100,100492,100,99199,200,100506,100,99193,100,100607,100,98954,100,100803,100,,,100845,100,,,100850,100,,
2019-06-28 10:08:07.329931776,99914,528,99672,100,100144,100,99596,528,100233,100,99355,100,100392,100,99225,100,100492,100,99205,100,100506,100,99199,200,100607,100,99193,100,100803,100,98954,100,100845,100,,,100850,100,,
2019-06-28 10:08:10.000000000,99914,207,99672,207,100144,207,99596,207,100233,207,99355,207,100392,207,99225,207,100492,100,99205,100,100506,100,99199,200,100607,100,99193,100,100803,100,98954,100,100845,100,,,100850,100,,
2019-06-28 10:08:12.443004923,99914,207,99672,207,100144,207,99603,100,100233,207,99596,207,100392,207,99355,207,100492,100,99225,207,100506,100,99205,100,100607,100,99199,100,100803,100,99193,100,100845,100,98954,100,100850,100,,
2019-06-28 10:08:20.000000000,99914,528,99672,528,100144,100,99603,100,100233,100,99596,100,100392,100,99355,100,100492,100,99225,100,100506,100,99205,100,100607,100,99199,100,100803,100,99193,100,100845,100,98954,100,100850,100,,
