,ask_price_1,ask_size_1,bid_price_1,bid_size_1,ask_price_2,ask_size_2,bid_price_2,bid_size_2,ask_price_3,ask_size_3,bid_price_3,bid_size_3,ask_price_4,ask_size_4,bid_price_4,bid_size_4,ask_price_5,ask_size_5,bid_price_5,bid_size_5,ask_price_6,ask_size_6,bid_price_6,bid_size_6,ask_price_7,ask_size_7,bid_price_7,bid_size_7,ask_price_8,ask_size_8,bid_price_8,bid_size_8,ask_price_9,ask_size_9,bid_price_9,bid_size_9,ask_price_10,ask_size_10,bid_price_10,bid_size_10
2019-06-28 09:30:00.000000002,100023,100,,,,,,,,,,,,,,,,,,,,,,,,,,,,,,,,,,,,,,
2019-06-28 09:30:00.000000004,99884,100,,,99959,100,,,100023,100,,,100045,100,,,,,,,,,,,,,,,,,,,,,,,,,,
2019-06-28 09:30:00.000000005,99884,100,,,99959,100,,,100023,100,,,100029,100,,,100045,100,,,,,,,,,,,,,,,,,,,,,,
2019-06-28 09:30:00.000000007,99959,100,,,99981,100,,,100023,100,,,100029,100,,,100045,100,,,100052,100,,,100157,100,,,,,,,,,,,,,,
2019-06-28 09:30:00.000000009,99959,100,99923,100,99981,100,,,100023,100,,,100029,100,,,100045,100,,,100052,100,,,100157,100,,,,,,,,,,,,,,
2019-06-28 09:30:00.000000010,99959,100,99923,100,99981,100,99861,100,100023,100,,,100029,100,,,100045,100,,,100052,100,,,100157,100,,,,,,,,,,,,,,
2019-06-28 09:30:00.000000012,99981,100,99923,100,100022,100,99861,100,100023,100,,,100029,100,,,100045,100,,,100052,100,,,100157,100,,,,,,,,,,,,,,
2019-06-28 09:30:00.000000013,99981,100,99923,100,100022,100,99884,100,100023,100,99861,100,100029,100,,,100045,100,,,100052,200,,,100157,100,,,,,,,,,,,,,,
2019-06-28 09:30:00.000000014,99981,100,99924,100,100022,100,99923,100,100023,100,99884,100,100029,100,99861,100,100045,100,,,100052,200,,,100119,100,,,100157,100,,,,,,,,,,
2019-06-28 09:30:00.000000017,100022,100,99959,100,100023,100,99924,100,100029,100,99923,100,100045,100,99884,100,100052,200,99861,100,100119,100,,,100157,100,,,,,,,,,,,,,,
2019-06-28 09:30:00.000000018,100022,100,99924,100,100023,100,99923,100,100029,100,99884,100,100045,100,99861,100,100052,200,,,100119,100,,,100157,100,,,,,,,,,,,,,,
2019-06-28 09:30:00.000000019,100022,100,99946,100,100023,100,99924,100,100029,100,99923,100,100045,100,99884,100,100052,200,99861,100,100119,100,,,100157,100,,,,,,,,,,,,,,
2019-06-28 09:30:00.000000020,100023,100,99946,100,100029,100,99924,100,100045,100,99923,100,100052,200,99884,100,100119,100,99861,100,100157,100,,,,,,,,,,,,,,,,,,
2019-06-28 09:30:00.000000021,100022,200,99946,100,100023,100,99924,100,100029,100,99923,100,100045,100,99884,100,100052,200,99861,100,100119,100,,,100157,100,,,,,,,,,,,,,,
2019-06-28 09:30:00.000000023,100022,300,99946,100,100023,100,99924,100,100029,100,99923,100,100045,100,99884,100,100052,200,99861,100,100119,100,,,100157,100,,,,,,,,,,,,,,
2019-06-28 09:30:00.000000025,100022,300,99946,100,100023,100,99938,100,100029,100,99924,100,100045,100,99923,100,100052,200,99884,100,100119,100,99861,100,100157,100,,,,,,,,,,,,,,
2019-06-28 09:30:00.000000029,100022,300,99946,100,100023,100,99938,100,100029,100,99936,100,100045,100,99924,100,100052,200,99923,100,100119,100,99884,100,100157,100,99861,100,,,,,,,,,,,,
2019-06-28 09:30:00.000000034,100022,300,99959,100,100023,100,99946,100,100029,100,99938,100,100045,100,99936,100,100052,200,99924,100,100100,100,99923,100,100119,100,99884,100,100157,100,99861,100,,,,,,,,
2019-06-28 09:30:00.000000037,100022,300,99959,200,100023,100,99946,100,100029,100,99938,100,100045,100,99936,100,100052,200,99924,100,100100,100,99923,100,100119,100,99884,100,100157,100,99861,100,,,,,,,,
2019-06-28 09:30:00.000000040,100022,300,99959,200,100023,100,99946,100,100027,100,99938,100,100029,100,99936,100,100045,100,99924,100,100052,200,99923,100,100100,100,99884,100,100119,100,99861,100,100157,100,,,,,,
2019-06-28 09:30:00.000000043,100022,300,99959,200,100023,100,99946,100,100027,100,99938,100,100029,100,99936,100,100045,100,99924,100,100052,200,99923,100,100100,100,99906,100,100119,100,99884,100,100157,100,99861,100,,,,
2019-06-28 09:30:00.000000044,100022,300,99989,100,100023,100,99959,200,100027,100,99946,100,100029,100,99938,100,100045,100,99936,100,100052,200,99924,100,100100,100,99923,100,100119,100,99906,100,100157,100,99884,100,,,99861,100
2019-06-28 09:30:00.000000047,100022,300,99989,100,100023,100,99959,200,100027,100,99946,100,100029,100,99938,100,100045,100,99936,100,100052,200,99924,100,100100,100,99923,100,100119,100,99906,100,100157,100,99884,100,,,99861,100
2019-06-28 09:30:00.000000048,100022,300,99989,100,100023,100,99959,300,100027,100,99946,100,100029,100,99938,100,100045,100,99936,100,100052,200,99924,100,100100,100,99923,100,100119,100,99906,100,100146,100,99884,100,100157,100,99861,100
2019-06-28 09:30:00.000000049,100022,300,99989,100,100023,100,99963,100,100027,100,99959,300,100029,100,99946,100,100045,100,99938,100,100052,200,99936,100,100100,100,99924,100,100119,100,99923,100,100146,100,99906,100,100157,100,99884,100
2019-06-28 09:30:00.000000052,99989,100,99959,300,100022,300,99946,100,100023,100,99938,100,100027,100,99936,100,100029,100,99924,100,100045,100,99923,100,100052,200,99906,100,100100,200,99884,100,100119,100,99861,100,100146,100,99802,100
2019-06-28 09:30:00.000000053,99989,100,99963,100,100022,300,99961,100,100023,100,99959,300,100027,100,99946,100,100029,100,99938,100,100045,100,99936,100,100052,200,99924,100,100100,200,99923,100,100119,100,99906,100,100146,100,99884,100
2019-06-28 09:30:00.000000055,99989,100,99963,100,100022,300,99961,100,100023,100,99959,300,100027,100,99946,100,100029,100,99938,100,100039,100,99936,100,100045,100,99924,100,100052,200,99923,100,100100,200,99906,100,100119,100,99884,100
2019-06-28 09:30:00.000000057,99989,100,99963,100,100022,300,99961,100,100023,100,99959,300,100027,100,99946,100,100029,100,99938,100,100039,100,99936,100,100045,100,99924,100,100052,200,99923,100,100100,200,99906,100,100119,100,99884,100
2019-06-28 09:30:00.000000062,99989,100,99963,100,100022,300,99961,100,100023,100,99959,300,100027,100,99946,100,100029,100,99938,100,100039,100,99936,100,100045,100,99924,100,100052,200,99923,100,100084,100,99906,100,100100,200,99884,100
2019-06-28 09:30:00.000000063,99989,100,99976,100,100022,300,99963,100,100023,100,99961,100,100027,100,99959,300,100029,100,99946,100,100039,100,99938,100,100045,100,99936,100,100052,200,99924,100,100084,100,99923,100,100100,200,99906,100
2019-06-28 09:30:00.000000064,99989,100,99976,100,100022,300,99963,100,100023,100,99961,100,100027,100,99959,300,100029,100,99946,100,100039,100,99943,100,100045,100,99938,100,100052,200,99936,100,100084,100,99924,100,100100,200,99923,100
2019-06-28 09:30:00.000000066,99989,100,99963,100,100022,300,99961,100,100023,100,99959,300,100027,100,99946,100,100029,100,99943,100,100039,100,99938,100,100045,100,99936,100,100052,200,99924,100,100084,100,99923,100,100100,200,99906,100
2019-06-28 09:30:00.000000067,99989,100,99963,100,100022,300,99961,100,100023,100,99959,300,100027,100,99946,100,100029,100,99943,100,100039,100,99938,100,100045,100,99936,100,100052,200,99924,100,100084,100,99923,100,100100,200,99906,100
2019-06-28 09:30:00.000000073,99989,100,99963,100,100022,300,99961,100,100023,100,99959,300,100027,100,99953,100,100029,100,99946,200,100039,100,99943,100,100045,100,99938,100,100052,200,99936,100,100056,100,99924,100,100084,100,99923,100
2019-06-28 09:30:00.000000074,99989,100,99963,100,100022,300,99961,100,100023,100,99959,300,100027,100,99953,100,100029,100,99946,200,100036,100,99943,100,100039,100,99938,100,100045,100,99936,100,100052,200,99924,100,100056,100,99923,100
2019-06-28 09:30:00.000000075,100022,300,99963,100,100023,100,99961,100,100027,100,99959,300,100029,100,99953,100,100036,100,99946,200,100039,100,99943,100,100045,100,99938,100,100052,200,99936,100,100056,100,99924,100,100084,100,99923,100
2019-06-28 09:30:00.000000080,100022,300,99961,100,100023,100,99959,300,100027,100,99953,100,100029,100,99946,200,100036,100,99943,100,100039,100,99938,100,100045,100,99936,100,100052,200,99924,100,100056,100,99923,100,100084,100,99906,100
2019-06-28 09:30:00.000000084,100022,300,99961,100,100023,100,99959,300,100027,100,99953,100,100029,100,99946,200,100036,100,99943,100,100039,100,99938,100,100045,100,99936,100,100052,200,99924,100,100056,100,99923,100,100084,100,99906,200
2019-06-28 09:30:00.000000097,100022,300,99961,100,100023,100,99959,300,100027,100,99953,100,100029,100,99946,200,100036,100,99943,100,100039,100,99938,100,100045,100,99936,100,100052,200,99924,100,100056,100,99923,100,100078,100,99906,200
2019-06-28 09:30:00.000000098,100022,300,99961,100,100023,100,99959,300,100027,100,99953,100,100029,100,99946,200,100036,100,99943,100,100039,100,99938,100,100045,100,99936,100,100052,200,99924,100,100056,100,99923,100,100078,100,99906,200
2019-06-28 09:30:10.000000000,100022,361,99961,161,100023,161,99959,361,100027,161,99953,161,100029,161,99946,261,100036,161,99943,161,100039,100,99938,100,100045,100,99936,100,100052,200,99924,100,100056,100,99923,100,100078,100,99906,200
2019-06-28 09:30:13.666177938,100022,361,99961,61,100023,161,99959,361,100027,161,99953,161,100029,161,99946,261,100036,161,99943,161,100039,100,99938,100,100045,100,99936,100,100052,200,99924,100,100056,100,99923,100,100078,100,99906,200
2019-06-28 09:30:18.589367447,100022,361,99961,61,100023,161,99959,361,100027,161,99953,161,100029,161,99946,261,100036,161,99943,161,100039,100,99938,100,100045,100,99936,100,100052,200,99924,100,100078,100,99923,100,100079,100,99906,200
2019-06-28 09:30:20.000000000,100022,376,99959,376,100023,176,99953,176,100027,176,99946,276,100029,176,99943,176,100036,100,99938,100,100039,100,99936,100,100045,100,99924,100,100052,200,99923,100,100078,100,99906,200,100079,100,99884,100
2019-06-28 09:30:26.877081882,99963,100,99959,376,100022,376,99953,176,100023,176,99946,276,100027,176,99943,176,100029,176,99938,100,100036,100,99936,100,100039,100,99924,100,100045,100,99923,100,100052,200,99906,200,100078,100,99884,100
2019-06-28 09:30:30.000000000,99963,203,99959,403,100022,400,99953,200,100023,200,99946,300,100027,100,99943,100,100029,100,99938,100,100036,100,99936,100,100039,100,99924,100,100045,100,99923,100,100052,200,99906,200,100078,100,99884,100
2019-06-28 09:30:33.136955657,99963,203,99959,403,100022,400,99953,200,100023,200,99946,300,100027,100,99943,100,100029,100,99938,100,100036,100,99936,100,100039,100,99924,100,100045,100,99923,100,100052,200,99906,200,100078,100,99884,100
2019-06-28 09:30:40.000000000,99963,404,99959,604,100022,300,99953,100,100023,100,99946,200,100027,100,99943,100,100029,100,99938,100,100036,100,99936,100,100039,100,99924,100,100045,100,99923,100,100052,200,99906,200,100078,100,99884,100
2019-06-28 09:30:45.454175672,99963,404,99959,604,99979,100,99953,100,100022,300,99946,200,100023,100,99943,100,100027,100,99938,100,100029,100,99936,100,100036,100,99924,100,100039,100,99923,100,100045,100,99906,200,100052,200,99884,100
2019-06-28 09:30:50.000000000,99963,161,99959,361,99979,161,99953,161,100022,361,99946,261,100023,161,99943,161,100027,161,99938,161,100029,100,99936,100,100036,100,99924,100,100039,100,99923,100,100045,100,99906,200,100052,200,99884,100
2019-06-28 09:30:50.602657839,99963,161,99959,261,99979,161,99953,161,100022,361,99946,261,100023,161,99943,161,100027,161,99938,161,100029,100,99936,100,100036,100,99924,100,100039,100,99923,100,100045,100,99906,200,100052,200,99884,100
2019-06-28 09:31:00.000000000,99963,203,99959,303,99979,200,99953,200,100022,400,99946,300,100023,100,99943,100,100027,100,99938,100,100029,100,99936,100,100036,100,99924,100,100039,100,99923,100,100045,100,99906,200,100052,200,99884,100
2019-06-28 09:31:02.178379589,99963,203,99959,203,99979,200,99953,200,100022,400,99946,300,100023,100,99943,100,100027,100,99938,100,100029,100,99936,100,100036,100,99924,100,100039,100,99923,100,100045,100,99906,200,100052,200,99884,100
2019-06-28 09:31:05.123889504,99963,203,99959,203,99979,200,99953,200,100022,400,99946,300,100023,100,99943,100,100027,100,99938,100,100029,100,99936,100,100030,100,99924,100,100036,100,99923,100,100039,100,99906,200,100045,100,99884,100
2019-06-28 09:31:10.000000000,99963,176,99959,176,99979,176,99953,176,100022,376,99946,276,100023,176,99943,176,100027,100,99938,100,100029,100,99936,100,100030,100,99924,100,100036,100,99923,100,100039,100,99906,200,100045,100,99884,100
2019-06-28 09:31:19.736000445,99963,176,99959,176,99979,176,99953,176,100022,376,99946,276,100023,176,99943,176,100027,100,99938,100,100029,100,99936,100,100030,100,99924,100,100036,100,99923,100,100039,100,99906,200,100045,100,99884,100
2019-06-28 09:31:20.000000000,99963,161,99959,161,99979,161,99953,161,100022,361,99946,261,100023,161,99943,161,100027,161,99938,161,100029,100,99936,100,100030,100,99924,100,100036,100,99923,100,100039,100,99906,200,100045,100,99884,100
2019-06-28 09:31:28.652470732,99963,161,99959,161,99979,161,99953,161,100022,361,99946,261,100023,161,99943,161,100027,61,99938,161,100029,100,99936,100,100030,100,99924,100,100036,100,99923,100,100039,100,99906,200,100045,100,99884,100
2019-06-28 09:31:30.000000000,99963,203,99959,203,99979,200,99953,200,100022,400,99946,300,100023,100,99943,100,100029,100,99938,100,100030,100,99936,100,100036,100,99924,100,100039,100,99923,100,100045,100,99906,200,100052,200,99884,100
2019-06-28 09:31:40.000000000,99963,203,99959,203,99979,200,99953,200,100022,400,99946,300,100023,100,99943,100,100029,100,99938,100,100030,100,99936,100,100036,100,99924,100,100039,100,99923,100,100045,100,99906,200,100052,200,99884,100
2019-06-28 09:31:50.000000000,99963,404,99959,404,99979,100,99953,100,100022,300,99946,200,100023,100,99943,100,100029,100,99938,100,100030,100,99936,100,100036,100,99924,100,100039,100,99923,100,100045,100,99906,200,100052,200,99884,100
2019-06-28 09:32:00.000000000,99963,252,99959,252,99979,252,99953,252,100022,300,99946,200,100023,100,99943,100,100029,100,99938,100,100030,100,99936,100,100036,100,99924,100,100039,100,99923,100,100045,100,99906,200,100052,200,99884,100
2019-06-28 09:32:04.265490415,99963,252,99959,252,99979,252,99953,252,100022,300,99946,200,100023,100,99943,100,100029,100,99938,100,100030,100,99936,100,100036,100,99924,100,100039,100,99923,100,100045,100,99906,200,100052,200,99884,100
2019-06-28 09:32:10.000000000,99963,252,99959,252,99979,252,99953,252,100022,300,99946,200,100023,100,99943,100,100029,100,99938,100,100030,100,99936,100,100036,100,99924,100,100039,100,99923,100,100045,100,99906,200,100052,200,99884,100
2019-06-28 09:32:19.388785981,99963,152,99959,252,99979,252,99953,252,100022,300,99946,200,100023,100,99943,100,100029,100,99938,100,100030,100,99936,100,100036,100,99924,100,100039,100,99923,100,100045,100,99906,200,100052,200,99884,100
2019-06-28 09:32:20.000000000,99979,252,99959,252,100022,452,99953,252,100023,100,99946,200,100029,100,99943,100,100030,100,99938,100,100036,100,99936,100,100039,100,99924,100,100045,100,99923,100,100052,200,99906,200,100078,100,99884,100
2019-06-28 09:32:21.387636480,99979,252,99959,252,100022,452,99953,252,100023,100,99946,200,100029,100,99943,100,100030,100,99938,100,100036,100,99936,100,100039,100,99924,100,100045,100,99923,100,100052,200,99906,200,100078,100,99884,100
2019-06-28 09:32:21.956530832,99979,252,99959,252,100022,452,99953,252,100023,100,99946,200,100029,100,99943,100,100030,100,99938,100,100036,100,99936,100,100045,100,99924,100,100052,200,99923,100,100078,100,99906,200,100079,100,99884,100
2019-06-28 09:32:30.000000000,99979,404,99959,404,100022,300,99953,100,100023,100,99946,200,100029,100,99943,100,100030,100,99938,100,100036,100,99936,100,100045,100,99924,100,100052,200,99923,100,100078,100,99906,200,100079,100,99884,100
2019-06-28 09:32:32.840423067,99979,304,99959,404,100022,300,99953,100,100023,100,99946,200,100029,100,99943,100,100030,100,99938,100,100036,100,99936,100,100052,200,99924,100,100078,100,99923,100,100079,100,99906,200,100084,100,99884,100
2019-06-28 09:32:35.201497507,99979,304,99959,404,100022,300,99953,100,100023,100,99946,200,100029,100,99943,100,100030,100,99938,100,100036,100,99924,100,100052,200,99923,100,100078,100,99906,200,100079,100,99884,100,100084,100,99861,100
2019-06-28 09:32:40.000000000,100022,376,99959,176,100023,176,99953,176,100029,176,99946,276,100030,176,99943,176,100036,100,99938,100,100052,200,99924,100,100078,100,99923,100,100079,100,99906,200,100084,100,99884,100,100100,100,99861,100
2019-06-28 09:32:45.785561187,100022,376,99959,176,100023,176,99953,176,100029,176,99946,276,100030,176,99943,176,100036,100,99938,100,100052,200,99924,100,100079,100,99923,100,100084,100,99906,200,100100,100,99884,100,100108,100,99861,100
2019-06-28 09:32:50.000000000,100022,403,99959,203,100023,200,99953,200,100029,200,99946,300,100030,100,99943,100,100036,100,99938,100,100052,200,99924,100,100079,100,99923,100,100084,100,99906,200,100100,100,99884,100,100108,100,99861,100
2019-06-28 09:32:53.739305916,100022,303,99959,203,100023,200,99953,200,100029,200,99946,300,100030,100,99943,100,100036,100,99938,100,100052,200,99924,100,100079,100,99923,100,100084,100,99906,200,100100,100,99884,100,100108,100,99854,100
2019-06-28 09:33:00.000000000,100022,352,99959,252,100023,252,99953,252,100029,100,99946,200,100030,100,99943,100,100036,100,99938,100,100052,200,99924,100,100079,100,99923,100,100084,100,99906,200,100100,100,99884,100,100108,100,99854,100
2019-06-28 09:33:09.167958037,100022,352,99979,100,100023,252,99959,252,100029,100,99953,252,100030,100,99946,200,100036,100,99943,100,100052,100,99938,100,100079,100,99924,100,100084,100,99923,100,100100,100,99906,200,100108,100,99884,100
2019-06-28 09:33:10.000000000,100022,261,99979,161,100023,161,99959,161,100029,161,99953,161,100030,161,99946,261,100036,161,99943,161,100052,100,99938,100,100079,100,99924,100,100084,100,99923,100,100100,100,99906,200,100108,100,99884,100
2019-06-28 09:33:12.183777659,100022,261,99979,161,100023,161,99959,161,100029,161,99953,161,100030,161,99946,261,100036,161,99943,161,100052,100,99938,100,100079,100,99924,100,100084,100,99923,100,100100,100,99906,200,100108,100,99884,100
2019-06-28 09:33:20.000000000,100022,276,99979,176,100023,176,99959,176,100029,176,99953,176,100030,176,99946,276,100036,100,99943,100,100052,100,99938,100,100079,100,99924,100,100084,100,99923,100,100100,100,99906,200,100108,100,99884,100
2019-06-28 09:33:23.742241965,100022,276,99979,276,100023,176,99959,176,100029,176,99953,176,100030,176,99946,276,100036,100,99943,100,100052,100,99938,100,100079,100,99924,100,100084,100,99923,100,100100,100,99906,200,100108,100,99884,100
2019-06-28 09:33:25.700197629,100022,176,99979,276,100023,176,99959,176,100029,176,99953,176,100030,176,99946,276,100036,100,99943,100,100052,100,99938,100,100079,100,99924,100,100084,100,99923,100,100100,100,99906,200,100108,100,99884,100
2019-06-28 09:33:30.000000000,100022,404,99979,504,100023,100,99959,100,100029,100,99953,100,100030,100,99946,200,100036,100,99943,100,100052,100,99938,100,100079,100,99924,100,100084,100,99923,100,100100,100,99906,200,100108,100,99884,100
2019-06-28 09:33:40.000000000,100022,252,99979,352,100023,252,99959,252,100029,100,99953,100,100030,100,99946,200,100036,100,99943,100,100052,100,99938,100,100079,100,99924,100,100084,100,99923,100,100100,100,99906,200,100108,100,99884,100
2019-06-28 09:33:50.000000000,100022,404,99979,504,100023,100,99959,100,100029,100,99953,100,100030,100,99946,200,100036,100,99943,100,100052,100,99938,100,100079,100,99924,100,100084,100,99923,100,100100,100,99906,200,100108,100,99884,100
2019-06-28 09:33:50.998948671,100022,404,99979,504,100023,100,99959,100,100029,100,99953,100,100030,100,99946,200,100036,100,99943,100,100052,100,99938,100,100079,100,99924,100,100084,100,99923,100,100100,100,99906,200,100108,100,99890,100
2019-06-28 09:33:54.694027607,100022,404,99979,504,100023,100,99959,100,100030,100,99953,100,100036,100,99946,200,100052,100,99943,100,100079,100,99938,100,100084,100,99924,100,100100,100,99923,100,100108,100,99906,200,100118,100,99890,100
2019-06-28 09:34:00.000000000,100022,404,99979,504,100023,100,99959,100,100030,100,99953,100,100036,100,99946,200,100052,100,99943,100,100079,100,99938,100,100084,100,99924,100,100100,100,99923,100,100108,100,99906,200,100118,100,99890,100
2019-06-28 09:34:09.468118210,100022,304,99979,504,100023,100,99959,100,100030,100,99953,100,100036,100,99946,200,100052,100,99943,100,100079,100,99938,100,100084,100,99924,100,100100,100,99923,100,100108,100,99906,200,100118,100,99890,100
2019-06-28 09:34:10.000000000,100023,203,99979,303,100030,200,99959,200,100036,200,99953,200,100052,100,99946,200,100079,100,99943,100,100084,100,99938,100,100100,100,99924,100,100108,100,99923,100,100118,100,99906,200,100141,100,99890,100
2019-06-28 09:34:20.000000000,100023,176,99979,276,100030,176,99959,176,100036,176,99953,176,100052,176,99946,276,100079,100,99943,100,100084,100,99938,100,100100,100,99924,100,100108,100,99923,100,100118,100,99906,200,100141,100,99890,100
2019-06-28 09:34:30.000000000,100023,161,99979,261,100030,161,99959,161,100036,161,99953,161,100052,161,99946,261,100079,161,99943,161,100084,100,99938,100,100100,100,99924,100,100108,100,99923,100,100118,100,99906,200,100141,100,99890,100
2019-06-28 09:34:40.000000000,100023,252,99979,352,100030,252,99959,252,100036,100,99953,100,100052,100,99946,200,100079,100,99943,100,100084,100,99938,100,100100,100,99924,100,100108,100,99923,100,100118,100,99906,200,100141,100,99890,100
2019-06-28 09:34:47.308939939,100021,100,99979,352,100023,252,99959,252,100030,252,99953,100,100036,100,99946,200,100052,100,99943,100,100079,100,99938,100,100084,100,99924,100,100100,100,99923,100,100108,100,99906,200,100118,100,99890,100
2019-06-28 09:34:49.842234256,100021,100,99979,352,100023,252,99959,252,100030,252,99953,100,100036,100,99946,200,100052,100,99943,100,100079,100,99938,100,100084,100,99924,100,100100,100,99923,100,100108,100,99906,200,100118,100,99890,100
2019-06-28 09:34:50.000000000,100021,252,99979,352,100023,252,99959,252,100030,100,99953,100,100036,100,99946,200,100052,100,99943,100,100079,100,99938,100,100084,100,99924,100,100100,100,99923,100,100108,100,99906,200,100118,100,99890,100
2019-06-28 09:34:54.149850597,100021,252,99979,252,100023,252,99959,252,100030,100,99953,100,100036,100,99946,200,100052,100,99943,100,100079,100,99938,100,100084,100,99924,100,100100,100,99923,100,100108,100,99906,200,100118,100,99890,100
2019-06-28 09:35:00.000000000,100021,252,99979,252,100023,252,99959,252,100030,100,99953,100,100036,100,99946,200,100052,100,99943,100,100079,100,99938,100,100084,100,99924,100,100100,100,99923,100,100108,100,99906,200,100118,100,99890,100
2019-06-28 09:35:10.000000000,100021,404,99979,404,100023,100,99959,100,100030,100,99953,100,100036,100,99946,200,100052,100,99943,100,100079,100,99938,100,100084,100,99924,100,100100,100,99923,100,100108,100,99906,200,100118,100,99890,100
2019-06-28 09:35:12.312695399,100021,404,99979,404,100023,100,99959,100,100036,100,99953,100,100052,100,99946,200,100079,100,99943,100,100084,100,99938,100,100100,100,99924,100,100108,100,99923,100,100118,100,99906,200,100141,100,99890,100
2019-06-28 09:35:20.000000000,100021,203,99979,203,100023,200,99959,200,100036,200,99953,200,100052,100,99946,200,100079,100,99943,100,100084,100,99938,100,100100,100,99924,100,100108,100,99923,100,100118,100,99906,200,100141,100,99890,100
2019-06-28 09:35:26.949053123,100020,100,99979,203,100021,203,99959,200,100023,200,99953,200,100036,200,99946,200,100052,100,99943,100,100079,100,99938,100,100084,100,99924,100,100100,100,99923,100,100108,100,99906,200,100118,100,99890,100
2019-06-28 09:35:30.000000000,100020,252,99979,252,100021,252,99959,252,100023,100,99953,100,100036,100,99946,200,100052,100,99943,100,100079,100,99938,100,100084,100,99924,100,100100,100,99923,100,100108,100,99906,200,100118,100,99890,100
2019-06-28 09:35:39.160396702,100020,352,99979,252,100021,252,99959,252,100023,100,99953,100,100036,100,99946,200,100052,100,99943,100,100079,100,99938,100,100084,100,99924,100,100100,100,99923,100,100108,100,99906,200,100118,100,99890,100
2019-06-28 09:35:40.000000000,100020,352,99979,252,100021,252,99959,252,100023,100,99953,100,100036,100,99946,200,100052,100,99943,100,100079,100,99938,100,100084,100,99924,100,100100,100,99923,100,100108,100,99906,200,100118,100,99890,100
2019-06-28 09:35:50.000000000,100020,261,99979,161,100021,161,99959,161,100023,161,99953,161,100036,161,99946,261,100052,161,99943,161,100079,100,99938,100,100084,100,99924,100,100100,100,99923,100,100108,100,99906,200,100118,100,99890,100
2019-06-28 09:35:51.535767835,100020,261,99979,161,100021,161,99959,161,100023,161,99953,161,100036,161,99946,261,100052,161,99943,161,100079,100,99938,100,100084,100,99924,100,100100,100,99923,100,100108,100,99906,200,100118,100,99890,100
2019-06-28 09:35:54.729692486,100020,361,99979,161,100021,161,99959,161,100023,161,99953,161,100036,161,99946,261,100052,161,99943,161,100079,100,99938,100,100084,100,99924,100,100100,100,99923,100,100108,100,99906,200,100118,100,99890,100
2019-06-28 09:35:58.333583039,100020,361,99979,61,100021,161,99959,161,100023,161,99953,161,100036,161,99946,261,100052,161,99943,161,100079,100,99938,100,100084,100,99924,100,100100,100,99923,100,100108,100,99906,100,100118,100,99890,100
2019-06-28 09:36:00.000000000,100020,452,99959,252,100021,252,99953,252,100023,100,99946,200,100036,100,99943,100,100052,100,99938,100,100079,100,99924,100,100084,100,99923,100,100100,100,99906,100,100108,100,99890,100,100118,100,99884,100
2019-06-28 09:36:01.047780459,100020,452,99959,252,100021,252,99953,252,100023,100,99946,200,100036,100,99943,100,100052,100,99938,100,100079,100,99924,100,100084,100,99923,100,100100,100,99906,100,100108,100,99890,100,100118,100,99884,100
2019-06-28 09:36:10.000000000,100020,361,99959,161,100021,161,99953,161,100023,161,99946,261,100036,161,99943,161,100052,161,99938,161,100079,100,99924,100,100084,100,99923,100,100100,100,99906,100,100108,100,99890,100,100118,100,99884,100
2019-06-28 09:36:19.944749364,100020,361,99959,61,100021,161,99953,161,100023,161,99946,261,100036,161,99943,161,100052,161,99938,161,100079,100,99924,100,100084,100,99923,100,100100,100,99906,100,100108,100,99890,100,100118,100,99884,100
2019-06-28 09:36:20.000000000,100020,403,99953,203,100021,200,99946,300,100023,200,99943,200,100036,100,99938,100,100052,100,99924,100,100079,100,99923,100,100084,100,99906,100,100100,100,99890,100,100108,100,99884,100,100118,100,99854,100
2019-06-28 09:36:30.000000000,100020,452,99953,252,100021,252,99946,352,100023,100,99943,100,100036,100,99938,100,100052,100,99924,100,100079,100,99923,100,100084,100,99906,100,100100,100,99890,100,100108,100,99884,100,100118,100,99854,100
2019-06-28 09:36:32.433553057,100020,452,99953,252,100021,252,99946,352,100023,100,99943,100,100036,100,99938,100,100052,100,99924,100,100079,100,99923,100,100084,100,99906,100,100100,100,99890,100,100108,100,99884,100,100118,100,99873,100
2019-06-28 09:36:40.000000000,100020,452,99953,252,100021,252,99946,352,100023,100,99943,100,100036,100,99938,100,100052,100,99924,100,100079,100,99923,100,100084,100,99906,100,100100,100,99890,100,100108,100,99884,100,100118,100,99873,100
2019-06-28 09:36:50.000000000,100020,604,99953,404,100021,100,99946,200,100023,100,99943,100,100036,100,99938,100,100052,100,99924,100,100079,100,99923,100,100084,100,99906,100,100100,100,99890,100,100108,100,99884,100,100118,100,99873,100
2019-06-28 09:37:00.000000000,100020,376,99953,176,100021,176,99946,276,100023,176,99943,176,100036,176,99938,176,100052,100,99924,100,100079,100,99923,100,100084,100,99906,100,100100,100,99890,100,100108,100,99884,100,100118,100,99873,100
2019-06-28 09:37:10.000000000,100020,361,99953,161,100021,161,99946,261,100023,161,99943,161,100036,161,99938,161,100052,161,99924,161,100079,100,99923,100,100084,100,99906,100,100100,100,99890,100,100108,100,99884,100,100118,100,99873,100
2019-06-28 09:37:20.000000000,100020,604,99953,404,100021,100,99946,200,100023,100,99943,100,100036,100,99938,100,100052,100,99924,100,100079,100,99923,100,100084,100,99906,100,100100,100,99890,100,100108,100,99884,100,100118,100,99873,100
2019-06-28 09:37:22.412406511,100020,604,99953,404,100021,100,99946,200,100023,100,99943,100,100036,100,99938,100,100052,100,99924,100,100079,100,99923,100,100084,100,99906,100,100100,100,99890,100,100108,100,99884,100,100118,100,99873,100
2019-06-28 09:37:30.000000000,100020,452,99953,252,100021,252,99946,352,100023,100,99943,100,100036,100,99938,100,100052,100,99924,100,100079,100,99923,100,100084,100,99906,100,100100,100,99890,100,100108,100,99884,100,100118,100,99873,100
2019-06-28 09:37:40.000000000,100020,376,99953,176,100021,176,99946,276,100023,176,99943,176,100036,176,99938,176,100052,100,99924,100,100079,100,99923,100,100084,100,99906,100,100100,100,99890,100,100108,100,99884,100,100118,100,99873,100
2019-06-28 09:37:42.726741139,100020,376,99953,176,100021,176,99946,276,100023,176,99943,176,100029,100,99938,176,100036,176,99924,100,100052,100,99923,100,100079,100,99906,100,100084,100,99890,100,100100,100,99884,100,100108,100,99854,100
2019-06-28 09:37:50.000000000,100020,604,99953,404,100021,100,99946,200,100023,100,99943,100,100029,100,99938,100,100036,100,99924,100,100052,100,99923,100,100079,100,99906,100,100084,100,99890,100,100100,100,99884,100,100108,100,99854,100
2019-06-28 09:38:00.000000000,100020,361,99953,161,100021,161,99946,261,100023,161,99943,161,100029,161,99938,161,100036,161,99924,161,100052,100,99923,100,100079,100,99906,100,100084,100,99890,100,100100,100,99884,100,100108,100,99854,100
2019-06-28 09:38:01.099669364,99979,100,99953,161,100020,361,99946,261,100021,161,99943,161,100023,161,99938,161,100029,161,99924,161,100036,161,99923,100,100052,100,99906,100,100079,100,99890,100,100084,100,99884,100,100100,100,99854,100
2019-06-28 09:38:10.000000000,99979,176,99953,176,100020,376,99946,276,100021,176,99943,176,100023,176,99938,176,100029,100,99924,100,100036,100,99923,100,100052,100,99906,100,100079,100,99890,100,100084,100,99884,100,100100,100,99854,100
2019-06-28 09:38:20.000000000,99979,252,99953,252,100020,452,99946,352,100021,100,99943,100,100023,100,99938,100,100029,100,99924,100,100036,100,99923,100,100052,100,99906,100,100079,100,99890,100,100084,100,99884,100,100100,100,99854,100
2019-06-28 09:38:26.063142912,99979,252,99953,152,100020,452,99946,352,100021,100,99943,100,100023,100,99938,100,100029,100,99924,100,100036,100,99923,100,100052,100,99906,100,100079,100,99890,100,100084,100,99884,100,100100,100,99854,100
2019-06-28 09:38:30.000000000,99979,203,99946,303,100020,400,99943,200,100021,200,99938,200,100023,100,99924,100,100029,100,99923,100,100036,100,99906,100,100052,100,99890,100,100079,100,99884,100,100084,100,99854,100,100100,100,99802,100
2019-06-28 09:38:40.000000000,99979,161,99946,261,100020,361,99943,161,100021,161,99938,161,100023,161,99924,161,100029,161,99923,161,100036,100,99906,100,100052,100,99890,100,100079,100,99884,100,100084,100,99854,100,100100,100,99802,100
2019-06-28 09:38:49.592415790,99979,161,99946,261,100020,361,99943,61,100021,161,99938,161,100023,161,99924,161,100029,161,99923,161,100036,100,99906,100,100052,100,99890,100,100079,100,99884,100,100084,100,99854,100,100100,100,99802,100
2019-06-28 09:38:50.000000000,99979,203,99946,303,100020,400,99938,200,100021,200,99924,200,100023,100,99923,100,100029,100,99906,100,100036,100,99890,100,100052,100,99884,100,100079,100,99854,100,100084,100,99802,100,100100,100,99793,100
2019-06-28 09:39:00.000000000,99979,161,99946,261,100020,361,99938,161,100021,161,99924,161,100023,161,99923,161,100029,161,99906,161,100036,100,99890,100,100052,100,99884,100,100079,100,99854,100,100084,100,99802,100,100100,100,99793,100
2019-06-28 09:39:08.303316117,99979,61,99960,100,100020,361,99946,261,100021,161,99938,161,100023,161,99924,161,100029,161,99923,161,100036,100,99906,161,100052,100,99890,100,100079,100,99884,100,100084,100,99854,100,100100,100,99802,100
2019-06-28 09:39:10.000000000,100020,361,99960,161,100021,161,99946,261,100023,161,99938,161,100029,161,99924,161,100036,161,99923,161,100052,100,99906,100,100079,100,99890,100,100084,100,99884,100,100100,100,99854,100,100108,100,99802,100
2019-06-28 09:39:20.000000000,100020,376,99960,176,100021,176,99946,276,100023,176,99938,176,100029,176,99924,176,100036,100,99923,100,100052,100,99906,100,100079,100,99890,100,100084,100,99884,100,100100,100,99854,100,100108,100,99802,100
2019-06-28 09:39:30.000000000,100020,403,99960,203,100021,200,99946,300,100023,200,99938,200,100029,100,99924,100,100036,100,99923,100,100052,100,99906,100,100079,100,99890,100,100084,100,99884,100,100100,100,99854,100,100108,100,99802,100
2019-06-28 09:39:38.963533257,100020,403,99960,203,100021,200,99946,300,100023,200,99938,200,100029,100,99923,100,100036,100,99906,100,100052,100,99890,100,100079,100,99884,100,100084,100,99854,100,100100,100,99802,100,100108,100,99793,100
2019-06-28 09:39:40.000000000,100020,452,99960,252,100021,252,99946,352,100023,100,99938,100,100029,100,99923,100,100036,100,99906,100,100052,100,99890,100,100079,100,99884,100,100084,100,99854,100,100100,100,99802,100,100108,100,99793,100
2019-06-28 09:39:42.104687691,100020,452,99960,252,100021,252,99946,352,100023,100,99938,100,100029,100,99923,100,100036,100,99906,100,100052,100,99904,100,100079,100,99890,100,100084,100,99884,100,100100,100,99854,100,100108,100,99802,100
2019-06-28 09:39:50.000000000,100020,361,99960,161,100021,161,99946,261,100023,161,99938,161,100029,161,99923,161,100036,161,99906,161,100052,100,99904,100,100079,100,99890,100,100084,100,99884,100,100100,100,99854,100,100108,100,99802,100
2019-06-28 09:39:54.312268249,100020,361,99960,61,100021,161,99946,261,100023,161,99938,161,100029,161,99923,161,100036,61,99906,161,100052,100,99904,100,100079,100,99890,100,100084,100,99884,100,100100,100,99854,100,100108,100,99802,100
2019-06-28 09:40:00.000000000,100020,361,99946,261,100021,161,99938,161,100023,161,99923,161,100029,161,99906,161,100052,161,99904,161,100079,100,99890,100,100084,100,99884,100,100100,100,99854,100,100108,100,99802,100,100118,100,99769,100
2019-06-28 09:40:10.000000000,100020,376,99946,276,100021,176,99938,176,100023,176,99923,176,100029,176,99906,176,100052,100,99904,100,100079,100,99890,100,100084,100,99884,100,100100,100,99854,100,100108,100,99802,100,100118,100,99769,100
2019-06-28 09:40:20.000000000,100020,361,99946,261,100021,161,99938,161,100023,161,99923,161,100029,161,99906,161,100052,161,99904,161,100079,100,99890,100,100084,100,99884,100,100100,100,99854,100,100108,100,99802,100,100118,100,99769,100
2019-06-28 09:40:30.000000000,100020,604,99946,504,100021,100,99938,100,100023,100,99923,100,100029,100,99906,100,100052,100,99904,100,100079,100,99890,100,100084,100,99884,100,100100,100,99854,100,100108,100,99802,100,100118,100,99769,100
2019-06-28 09:40:40.000000000,100020,604,99946,504,100021,100,99938,100,100023,100,99923,100,100029,100,99906,100,100052,100,99904,100,100079,100,99890,100,100084,100,99884,100,100100,100,99854,100,100108,100,99802,100,100118,100,99769,100
2019-06-28 09:40:50.000000000,100020,452,99946,352,100021,252,99938,252,100023,100,99923,100,100029,100,99906,100,100052,100,99904,100,100079,100,99890,100,100084,100,99884,100,100100,100,99854,100,100108,100,99802,100,100118,100,99769,100
2019-06-28 09:41:00.000000000,100020,403,99946,303,100021,200,99938,200,100023,200,99923,200,100029,100,99906,100,100052,100,99904,100,100079,100,99890,100,100084,100,99884,100,100100,100,99854,100,100108,100,99802,100,100118,100,99769,100
2019-06-28 09:41:01.628781133,100020,403,99946,203,100021,200,99938,200,100023,200,99923,200,100052,100,99906,100,100079,100,99904,100,100084,100,99890,100,100100,100,99884,100,100108,100,99854,100,100118,100,99802,100,100141,100,99769,100
2019-06-28 09:41:10.000000000,100020,452,99946,252,100021,252,99938,252,100023,100,99923,100,100052,100,99906,100,100079,100,99904,100,100084,100,99890,100,100100,100,99884,100,100108,100,99854,100,100118,100,99802,100,100141,100,99769,100
2019-06-28 09:41:20.000000000,100020,452,99946,252,100021,252,99938,252,100023,100,99923,100,100052,100,99906,100,100079,100,99904,100,100084,100,99890,100,100100,100,99884,100,100108,100,99854,100,100118,100,99802,100,100141,100,99769,100
2019-06-28 09:41:26.887147686,100020,452,99946,252,100021,252,99938,252,100023,100,99923,100,100052,100,99906,100,100079,100,99904,100,100100,100,99890,100,100108,100,99884,100,100118,100,99854,100,100141,100,99802,100,100157,100,99769,100
2019-06-28 09:41:30.000000000,100020,376,99946,176,100021,176,99938,176,100023,176,99923,176,100052,176,99906,176,100079,100,99904,100,100100,100,99890,100,100108,100,99884,100,100118,100,99854,100,100141,100,99802,100,100157,100,99769,100
2019-06-28 09:41:40.000000000,100020,604,99946,404,100021,100,99938,100,100023,100,99923,100,100052,100,99906,100,100079,100,99904,100,100100,100,99890,100,100108,100,99884,100,100118,100,99854,100,100141,100,99802,100,100157,100,99769,100
2019-06-28 09:41:42.210934398,100020,604,99946,304,100021,100,99938,100,100023,100,99923,100,100052,100,99906,100,100079,100,99904,100,100100,100,99890,100,100108,100,99884,100,100118,100,99854,100,100141,100,99802,100,100233,100,99769,100
2019-06-28 09:41:46.010379136,100020,604,99946,304,100021,100,99938,100,100023,100,99923,100,100052,100,99906,100,100079,100,99904,100,100100,100,99890,100,100108,100,99884,100,100118,100,99854,100,100141,100,99802,100,100233,100,99769,100
2019-06-28 09:41:46.229018327,100020,604,99946,304,100021,100,99938,100,100023,100,99923,100,100052,100,99906,100,100079,100,99904,100,100100,100,99890,100,100108,100,99884,100,100118,100,99802,100,100141,100,99769,100,100233,100,99708,100
2019-06-28 09:41:50.000000000,100020,452,99938,252,100021,252,99923,252,100023,100,99906,100,100052,100,99904,100,100079,100,99890,100,100100,100,99884,100,100108,100,99802,100,100118,100,99769,100,100141,100,99708,100,100233,100,99671,100
2019-06-28 09:42:00.000000000,100020,376,99938,176,100021,176,99923,176,100023,176,99906,176,100052,176,99904,176,100079,100,99890,100,100100,100,99884,100,100108,100,99802,100,100118,100,99769,100,100141,100,99708,100,100233,100,99671,100
2019-06-28 09:42:10.000000000,100020,376,99938,176,100021,176,99923,176,100023,176,99906,176,100052,176,99904,176,100079,100,99890,100,100100,100,99884,100,100108,100,99802,100,100118,100,99769,100,100141,100,99708,100,100233,100,99671,100
2019-06-28 09:42:15.292719628,100020,376,99938,76,100021,176,99923,176,100023,176,99906,176,100052,176,99904,176,100079,100,99890,100,100100,100,99884,100,100108,100,99802,100,100118,100,99769,100,100141,100,99708,100,100233,100,99671,100
2019-06-28 09:42:20.000000000,100020,376,99923,176,100021,176,99906,176,100023,176,99904,176,100052,176,99890,176,100079,100,99884,100,100100,100,99802,100,100108,100,99769,100,100118,100,99708,100,100141,100,99671,100,100233,100,99655,100
2019-06-28 09:42:30.000000000,100020,604,99923,404,100021,100,99906,100,100023,100,99904,100,100052,100,99890,100,100079,100,99884,100,100100,100,99802,100,100108,100,99769,100,100118,100,99708,100,100141,100,99671,100,100233,100,99655,100
2019-06-28 09:42:40.000000000,100020,604,99923,404,100021,100,99906,100,100023,100,99904,100,100052,100,99890,100,100079,100,99884,100,100100,100,99802,100,100108,100,99769,100,100118,100,99708,100,100141,100,99671,100,100233,100,99655,100
2019-06-28 09:42:47.872243292,99946,100,99923,404,100020,604,99906,100,100021,100,99904,100,100023,100,99890,100,100052,100,99884,100,100079,100,99802,100,100100,100,99769,100,100108,100,99708,100,100118,100,99671,100,100141,100,99655,100
2019-06-28 09:42:48.891087213,99946,100,99923,404,100020,604,99906,100,100021,100,99904,100,100023,100,99890,100,100052,100,99884,100,100079,100,99802,100,100100,100,99769,100,100108,100,99708,100,100118,100,99671,100,100124,100,99655,100
2019-06-28 09:42:50.000000000,99946,404,99923,404,100020,300,99906,100,100021,100,99904,100,100023,100,99890,100,100052,100,99884,100,100079,100,99802,100,100100,100,99769,100,100108,100,99708,100,100118,100,99671,100,100124,100,99655,100
2019-06-28 09:43:00.000000000,99946,203,99923,203,100020,400,99906,200,100021,200,99904,200,100023,100,99890,100,100052,100,99884,100,100079,100,99802,100,100100,100,99769,100,100108,100,99708,100,100118,100,99671,100,100124,100,99655,100
2019-06-28 09:43:10.000000000,99946,176,99923,176,100020,376,99906,176,100021,176,99904,176,100023,176,99890,176,100052,100,99884,100,100079,100,99802,100,100100,100,99769,100,100108,100,99708,100,100118,100,99671,100,100124,100,99655,100
2019-06-28 09:43:20.000000000,99946,252,99923,252,100020,452,99906,252,100021,100,99904,100,100023,100,99890,100,100052,100,99884,100,100079,100,99802,100,100100,100,99769,100,100108,100,99708,100,100118,100,99671,100,100124,100,99655,100
2019-06-28 09:43:30.000000000,99946,203,99923,203,100020,400,99906,200,100021,200,99904,200,100023,100,99890,100,100052,100,99884,100,100079,100,99802,100,100100,100,99769,100,100108,100,99708,100,100118,100,99671,100,100124,100,99655,100
2019-06-28 09:43:30.717224314,99946,303,99923,203,100020,400,99906,200,100021,200,99904,200,100023,100,99890,100,100052,100,99884,100,100079,100,99802,100,100100,100,99769,100,100108,100,99708,100,100118,100,99671,100,100124,100,99655,100
2019-06-28 09:43:32.401509736,99946,303,99923,103,100020,400,99906,200,100021,200,99904,200,100023,100,99890,100,100052,100,99884,100,100079,100,99802,100,100100,100,99769,100,100108,100,99708,100,100118,100,99671,100,100124,100,99655,100
2019-06-28 09:43:40.000000000,99946,504,99906,404,100020,300,99904,100,100021,100,99890,100,100023,100,99884,100,100052,100,99802,100,100079,100,99769,100,100100,100,99708,100,100108,100,99671,100,100118,100,99655,100,100124,100,99537,100
2019-06-28 09:43:50.000000000,99946,261,99906,161,100020,361,99904,161,100021,161,99890,161,100023,161,99884,161,100052,161,99802,161,100079,100,99769,100,100100,100,99708,100,100108,100,99671,100,100118,100,99655,100,100124,100,99537,100
2019-06-28 09:43:53.223511522,99938,100,99906,161,99946,261,99904,161,100020,361,99890,161,100021,161,99884,161,100023,161,99802,161,100052,161,99769,100,100079,100,99708,100,100100,100,99671,100,100108,100,99655,100,100118,100,99537,100
2019-06-28 09:44:00.000000000,99938,203,99906,203,99946,300,99904,200,100020,400,99890,200,100021,100,99884,100,100023,100,99802,100,100052,100,99769,100,100079,100,99708,100,100100,100,99671,100,100108,100,99655,100,100118,100,99537,100
2019-06-28 09:44:10.000000000,99938,252,99906,252,99946,352,99904,252,100020,300,99890,100,100021,100,99884,100,100023,100,99802,100,100052,100,99769,100,100079,100,99708,100,100100,100,99671,100,100108,100,99655,100,100118,100,99537,100
2019-06-28 09:44:13.509440321,99938,352,99906,252,99946,352,99904,252,100020,300,99890,100,100021,100,99884,100,100023,100,99802,100,100052,100,99769,100,100079,100,99708,100,100100,100,99671,100,100108,100,99655,100,100118,100,99537,100
2019-06-28 09:44:20.000000000,99938,261,99906,161,99946,261,99904,161,100020,361,99890,161,100021,161,99884,161,100023,161,99802,161,100052,100,99769,100,100079,100,99708,100,100100,100,99671,100,100108,100,99655,100,100118,100,99537,100
2019-06-28 09:44:21.986240416,99938,161,99906,161,99946,261,99904,161,100020,361,99890,161,100021,161,99884,161,100023,161,99802,161,100052,100,99769,100,100079,100,99708,100,100100,100,99671,100,100108,100,99655,100,100118,100,99537,100
2019-06-28 09:44:23.902873220,99938,161,99924,100,99946,261,99906,161,100020,361,99904,161,100021,161,99890,161,100023,161,99884,161,100052,100,99802,161,100079,100,99769,100,100100,100,99708,100,100108,100,99671,100,100118,100,99655,100
2019-06-28 09:44:30.000000000,99938,203,99924,203,99946,300,99906,200,100020,400,99904,200,100021,100,99890,100,100023,100,99884,100,100052,100,99802,100,100079,100,99769,100,100100,100,99708,100,100108,100,99671,100,100118,100,99655,100
2019-06-28 09:44:40.000000000,99938,176,99924,176,99946,276,99906,176,100020,376,99904,176,100021,176,99890,176,100023,100,99884,100,100052,100,99802,100,100079,100,99769,100,100100,100,99708,100,100108,100,99671,100,100118,100,99655,100
2019-06-28 09:44:47.605742493,99938,176,99924,176,99946,276,99906,176,100020,376,99904,176,100021,176,99890,176,100023,100,99884,100,100052,100,99802,100,100079,100,99769,100,100100,100,99708,100,100108,100,99671,100,100118,100,99655,100
2019-06-28 09:44:50.000000000,99938,176,99924,176,99946,276,99906,176,100020,376,99904,176,100021,176,99890,176,100023,100,99884,100,100052,100,99802,100,100079,100,99769,100,100100,100,99708,100,100108,100,99671,100,100118,100,99655,100
2019-06-28 09:45:00.000000000,99938,161,99924,161,99946,261,99906,161,100020,361,99904,161,100021,161,99890,161,100023,161,99884,161,100052,100,99802,100,100079,100,99769,100,100100,100,99708,100,100108,100,99671,100,100118,100,99655,100
2019-06-28 09:45:10.000000000,99938,203,99924,203,99946,300,99906,200,100020,400,99904,200,100021,100,99890,100,100023,100,99884,100,100052,100,99802,100,100079,100,99769,100,100100,100,99708,100,100108,100,99671,100,100118,100,99655,100
2019-06-28 09:45:10.505571387,99938,203,99924,303,99946,300,99906,200,100020,400,99904,200,100021,100,99890,100,100023,100,99884,100,100052,100,99802,100,100079,100,99769,100,100100,100,99708,100,100108,100,99671,100,100118,100,99655,100
2019-06-28 09:45:17.439295083,99938,103,99924,303,99946,300,99906,200,100020,400,99904,200,100021,100,99890,100,100023,100,99884,100,100052,100,99802,100,100079,100,99769,100,100100,100,99708,100,100108,100,99671,100,100118,100,99655,100
2019-06-28 09:45:20.000000000,99946,261,99924,261,100020,361,99906,161,100021,161,99904,161,100023,161,99890,161,100052,161,99884,161,100079,100,99802,100,100100,100,99769,100,100108,100,99708,100,100118,100,99671,100,100124,100,99655,100
2019-06-28 09:45:29.585476206,99946,161,99924,261,100020,361,99906,161,100021,161,99904,161,100023,161,99890,161,100052,161,99884,161,100079,100,99802,100,100100,100,99769,100,100108,100,99708,100,100118,100,99655,100,100124,100,99537,100
2019-06-28 09:45:30.000000000,99946,203,99924,303,100020,400,99906,200,100021,200,99904,200,100023,100,99890,100,100052,100,99884,100,100079,100,99802,100,100100,100,99769,100,100108,100,99708,100,100118,100,99655,100,100124,100,99537,100
2019-06-28 09:45:40.000000000,99946,176,99924,276,100020,376,99906,176,100021,176,99904,176,100023,176,99890,176,100052,100,99884,100,100079,100,99802,100,100100,100,99769,100,100108,100,99708,100,100118,100,99655,100,100124,100,99537,100
2019-06-28 09:45:50.000000000,99946,161,99924,261,100020,361,99906,161,100021,161,99904,161,100023,161,99890,161,100052,161,99884,161,100079,100,99802,100,100100,100,99769,100,100108,100,99708,100,100118,100,99655,100,100124,100,99537,100
2019-06-28 09:45:57.666472524,99946,61,99924,261,100020,361,99906,161,100021,161,99904,161,100023,161,99890,161,100052,161,99884,161,100079,100,99802,100,100100,100,99769,100,100108,100,99708,100,100118,100,99655,100,100124,100,99537,100
2019-06-28 09:46:00.000000000,100020,403,99924,303,100021,200,99906,200,100023,200,99904,200,100052,100,99890,100,100079,100,99884,100,100100,100,99802,100,100108,100,99769,100,100118,100,99708,100,100124,100,99655,100,100141,100,99537,100
2019-06-28 09:46:10.000000000,100020,361,99924,261,100021,161,99906,161,100023,161,99904,161,100052,161,99890,161,100079,161,99884,161,100100,100,99802,100,100108,100,99769,100,100118,100,99708,100,100124,100,99655,100,100141,100,99537,100
2019-06-28 09:46:20.000000000,100020,403,99924,303,100021,200,99906,200,100023,200,99904,200,100052,100,99890,100,100079,100,99884,100,100100,100,99802,100,100108,100,99769,100,100118,100,99708,100,100124,100,99655,100,100141,100,99537,100
2019-06-28 09:46:30.000000000,100020,361,99924,261,100021,161,99906,161,100023,161,99904,161,100052,161,99890,161,100079,161,99884,161,100100,100,99802,100,100108,100,99769,100,100118,100,99708,100,100124,100,99655,100,100141,100,99537,100
2019-06-28 09:46:33.798703289,100020,361,99924,261,100021,161,99906,161,100023,161,99904,161,100052,161,99890,161,100079,161,99884,161,100100,100,99802,100,100108,100,99769,100,100118,100,99708,100,100141,100,99655,100,100233,100,99537,100
2019-06-28 09:46:40.000000000,100020,376,99924,276,100021,176,99906,176,100023,176,99904,176,100052,176,99890,176,100079,100,99884,100,100100,100,99802,100,100108,100,99769,100,100118,100,99708,100,100141,100,99655,100,100233,100,99537,100
2019-06-28 09:46:45.381962881,100020,376,99924,276,100021,176,99906,176,100023,176,99904,176,100052,176,99890,176,100079,100,99884,100,100100,100,99802,100,100108,100,99769,100,100118,100,99708,100,100141,100,99655,100,100233,100,99537,100
2019-06-28 09:46:50.000000000,100020,376,99924,276,100021,176,99906,176,100023,176,99904,176,100052,176,99890,176,100079,100,99884,100,100100,100,99802,100,100108,100,99769,100,100118,100,99708,100,100141,100,99655,100,100233,100,99537,100
2019-06-28 09:46:57.210328617,100020,276,99924,276,100021,176,99906,176,100023,176,99904,176,100052,176,99890,176,100079,100,99884,100,100100,100,99802,100,100108,100,99769,100,100118,100,99708,100,100141,100,99655,100,100233,100,99537,100
2019-06-28 09:47:00.000000000,100020,504,99924,504,100021,100,99906,100,100023,100,99904,100,100052,100,99890,100,100079,100,99884,100,100100,100,99802,100,100108,100,99769,100,100118,100,99708,100,100141,100,99655,100,100233,100,99537,100
2019-06-28 09:47:03.727067341,100020,504,99924,504,100021,100,99906,100,100023,100,99904,100,100052,100,99890,100,100079,100,99884,100,100100,100,99802,100,100108,100,99769,100,100118,100,99708,100,100141,100,99655,100,100233,100,99537,100
2019-06-28 09:47:10.000000000,100020,303,99924,303,100021,200,99906,200,100023,200,99904,200,100052,100,99890,100,100079,100,99884,100,100100,100,99802,100,100108,100,99769,100,100118,100,99708,100,100141,100,99655,100,100233,100,99537,100
2019-06-28 09:47:20.000000000,100020,504,99924,504,100021,100,99906,100,100023,100,99904,100,100052,100,99890,100,100079,100,99884,100,100100,100,99802,100,100108,100,99769,100,100118,100,99708,100,100141,100,99655,100,100233,100,99537,100
2019-06-28 09:47:30.000000000,100020,352,99924,352,100021,252,99906,252,100023,100,99904,100,100052,100,99890,100,100079,100,99884,100,100100,100,99802,100,100108,100,99769,100,100118,100,99708,100,100141,100,99655,100,100233,100,99537,100
2019-06-28 09:47:35.244887364,100020,352,99924,352,100021,252,99906,252,100023,100,99904,100,100052,100,99890,100,100079,100,99884,100,100100,100,99769,100,100108,100,99708,100,100118,100,99655,100,100141,100,99537,100,100233,100,99282,100
2019-06-28 09:47:40.000000000,100020,303,99924,303,100021,200,99906,200,100023,200,99904,200,100052,100,99890,100,100079,100,99884,100,100100,100,99769,100,100108,100,99708,100,100118,100,99655,100,100141,100,99537,100,100233,100,99282,100
2019-06-28 09:47:50.000000000,100020,504,99924,504,100021,100,99906,100,100023,100,99904,100,100052,100,99890,100,100079,100,99884,100,100100,100,99769,100,100108,100,99708,100,100118,100,99655,100,100141,100,99537,100,100233,100,99282,100
2019-06-28 09:47:56.330913950,100020,504,99946,100,100021,100,99924,404,100023,100,99906,100,100052,100,99904,100,100079,100,99890,100,100100,100,99884,100,100108,100,99769,100,100118,100,99708,100,100141,100,99655,100,100233,100,99537,100
2019-06-28 09:48:00.000000000,100020,504,99946,404,100021,100,99924,100,100023,100,99906,100,100052,100,99904,100,100079,100,99890,100,100100,100,99884,100,100108,100,99769,100,100118,100,99708,100,100141,100,99655,100,100233,100,99537,100
2019-06-28 09:48:10.000000000,100020,276,99946,176,100021,176,99924,176,100023,176,99906,176,100052,176,99904,176,100079,100,99890,100,100100,100,99884,100,100108,100,99769,100,100118,100,99708,100,100141,100,99655,100,100233,100,99537,100
2019-06-28 09:48:11.165589358,100020,276,99946,176,100021,176,99924,176,100023,176,99906,176,100052,176,99904,176,100079,100,99890,100,100100,100,99884,100,100108,100,99769,100,100118,100,99708,100,100141,100,99655,100,100233,100,99537,100
2019-06-28 09:48:20.000000000,100020,352,99946,252,100021,252,99924,252,100023,100,99906,100,100052,100,99904,100,100079,100,99890,100,100100,100,99884,100,100108,100,99769,100,100118,100,99708,100,100141,100,99655,100,100233,100,99537,100
2019-06-28 09:48:30.000000000,100020,504,99946,404,100021,100,99924,100,100023,100,99906,100,100052,100,99904,100,100079,100,99890,100,100100,100,99884,100,100108,100,99769,100,100118,100,99708,100,100141,100,99655,100,100233,100,99537,100
2019-06-28 09:48:36.510867149,100020,404,99946,404,100021,100,99924,100,100023,100,99906,100,100052,100,99904,100,100079,100,99890,100,100100,100,99884,100,100108,100,99769,100,100118,100,99708,100,100141,100,99655,100,100233,100,99282,100
2019-06-28 09:48:37.643346214,100020,404,99946,404,100021,100,99924,100,100023,100,99906,100,100052,100,99904,100,100079,100,99890,100,100100,100,99884,100,100108,100,99769,100,100118,100,99708,100,100141,100,99655,100,100233,100,99282,100
2019-06-28 09:48:40.000000000,100020,252,99946,252,100021,252,99924,252,100023,100,99906,100,100052,100,99904,100,100079,100,99890,100,100100,100,99884,100,100108,100,99769,100,100118,100,99708,100,100141,100,99655,100,100233,100,99282,100
2019-06-28 09:48:50.000000000,100020,176,99946,176,100021,176,99924,176,100023,176,99906,176,100052,176,99904,176,100079,100,99890,100,100100,100,99884,100,100108,100,99769,100,100118,100,99708,100,100141,100,99655,100,100233,100,99282,100
2019-06-28 09:48:50.381687842,100020,176,99946,176,100021,176,99924,176,100023,176,99906,176,100052,176,99904,176,100079,100,99890,100,100100,100,99884,100,100108,100,99769,100,100118,100,99708,100,100141,100,99655,100,100233,100,99282,100
2019-06-28 09:49:00.000000000,100020,161,99946,161,100021,161,99924,161,100023,161,99906,161,100052,161,99904,161,100079,161,99890,161,100100,100,99884,100,100108,100,99769,100,100118,100,99708,100,100141,100,99655,100,100233,100,99282,100
2019-06-28 09:49:01.732895274,100020,161,99946,161,100021,161,99924,161,100023,161,99906,161,100052,161,99904,161,100079,161,99890,161,100100,100,99884,100,100108,100,99769,100,100118,100,99708,100,100233,100,99655,100,100379,100,99282,100
2019-06-28 09:49:10.000000000,100020,161,99946,161,100021,161,99924,161,100023,161,99906,161,100052,161,99904,161,100079,161,99890,161,100100,100,99884,100,100108,100,99769,100,100118,100,99708,100,100233,100,99655,100,100379,100,99282,100
2019-06-28 09:49:18.528284978,100020,161,99946,161,100021,61,99924,161,100023,161,99906,161,100052,161,99904,161,100079,161,99890,161,100100,100,99884,100,100108,100,99769,100,100118,100,99708,100,100233,100,99655,100,100379,100,99282,100
2019-06-28 09:49:20.000000000,100020,404,99946,404,100023,100,99924,100,100052,100,99906,100,100079,100,99904,100,100100,100,99890,100,100108,100,99884,100,100118,100,99769,100,100233,100,99708,100,100379,100,99655,100,100431,100,99282,100
2019-06-28 09:49:30.000000000,100020,203,99946,203,100023,200,99924,200,100052,200,99906,200,100079,100,99904,100,100100,100,99890,100,100108,100,99884,100,100118,100,99769,100,100233,100,99708,100,100379,100,99655,100,100431,100,99282,100
2019-06-28 09:49:40.000000000,100020,404,99946,404,100023,100,99924,100,100052,100,99906,100,100079,100,99904,100,100100,100,99890,100,100108,100,99884,100,100118,100,99769,100,100233,100,99708,100,100379,100,99655,100,100431,100,99282,100
2019-06-28 09:49:41.680684351,100020,404,99946,404,100023,100,99924,100,100052,100,99906,100,100079,100,99904,100,100100,100,99890,100,100108,100,99884,100,100118,100,99769,100,100379,100,99708,100,100431,100,99655,100,100445,100,99282,100
2019-06-28 09:49:50.000000000,100020,404,99946,404,100023,100,99924,100,100052,100,99906,100,100079,100,99904,100,100100,100,99890,100,100108,100,99884,100,100118,100,99769,100,100379,100,99708,100,100431,100,99655,100,100445,100,99282,100
2019-06-28 09:49:55.193266206,100020,304,99946,404,100023,100,99924,100,100052,100,99906,100,100079,100,99904,100,100100,100,99890,100,100108,100,99884,100,100118,100,99769,100,100379,100,99708,100,100431,100,99655,100,100445,100,99282,100
2019-06-28 09:49:58.174810070,100020,204,99946,404,100023,100,99924,100,100052,100,99906,100,100079,100,99904,100,100100,100,99890,100,100108,100,99884,100,100118,100,99769,100,100379,100,99708,100,100431,100,99655,100,100445,100,99282,100
2019-06-28 09:50:00.000000000,100023,161,99946,161,100052,161,99924,161,100079,161,99906,161,100100,161,99904,161,100108,161,99890,161,100118,100,99884,100,100379,100,99769,100,100431,100,99708,100,100445,100,99655,100,100503,100,99282,100
2019-06-28 09:50:02.333578392,100023,61,99946,161,100052,161,99924,161,100079,161,99906,161,100100,161,99904,161,100108,61,99890,161,100118,100,99884,100,100379,100,99769,100,100431,100,99708,100,100445,100,99655,100,100503,100,99282,100
2019-06-28 09:50:02.559626786,100023,61,99946,161,100052,161,99924,161,100079,161,99906,161,100100,161,99904,161,100108,61,99890,161,100118,100,99884,100,100379,100,99769,100,100431,100,99708,100,100445,100,99655,100,100503,100,99282,100
2019-06-28 09:50:09.766249745,100023,61,99946,161,100052,161,99924,161,100079,161,99906,161,100100,161,99904,61,100108,61,99890,161,100118,100,99884,100,100379,100,99769,100,100431,100,99708,100,100445,100,99655,100,100503,100,99282,100
2019-06-28 09:50:10.000000000,100052,252,99946,252,100079,252,99924,252,100100,100,99906,100,100118,100,99890,100,100379,100,99884,100,100431,100,99769,100,100445,100,99708,100,100503,100,99655,100,100530,100,99282,100,100688,100,99251,100
2019-06-28 09:50:20.000000000,100052,404,99946,404,100079,100,99924,100,100100,100,99906,100,100118,100,99890,100,100379,100,99884,100,100431,100,99769,100,100445,100,99708,100,100503,100,99655,100,100530,100,99282,100,100688,100,99251,100
2019-06-28 09:50:30.000000000,100052,203,99946,203,100079,200,99924,200,100100,200,99906,200,100118,100,99890,100,100379,100,99884,100,100431,100,99769,100,100445,100,99708,100,100503,100,99655,100,100530,100,99282,100,100688,100,99251,100
2019-06-28 09:50:40.000000000,100052,161,99946,161,100079,161,99924,161,100100,161,99906,161,100118,161,99890,161,100379,161,99884,161,100431,100,99769,100,100445,100,99708,100,100503,100,99655,100,100530,100,99282,100,100688,100,99251,100
2019-06-28 09:50:45.599847208,100052,161,99946,161,100079,161,99924,61,100100,161,99906,161,100118,161,99890,161,100379,161,99884,161,100431,100,99769,100,100445,100,99708,100,100503,100,99655,100,100530,100,99282,100,100688,100,99251,100
2019-06-28 09:50:50.000000000,100052,252,99946,252,100079,252,99906,252,100100,100,99890,100,100118,100,99884,100,100379,100,99769,100,100431,100,99708,100,100445,100,99655,100,100503,100,99282,100,100530,100,99251,100,100688,100,,
2019-06-28 09:51:00.000000000,100052,203,99946,203,100079,200,99906,200,100100,200,99890,200,100118,100,99884,100,100379,100,99769,100,100431,100,99708,100,100445,100,99655,100,100503,100,99282,100,100530,100,99251,100,100688,100,,
2019-06-28 09:51:00.087774733,100052,203,99946,203,100079,200,99906,200,100100,200,99890,200,100118,100,99884,100,100379,100,99769,100,100431,100,99708,100,100445,100,99655,100,100503,100,99282,100,100530,100,99251,100,100688,100,,
2019-06-28 09:51:08.567410269,100052,203,99946,203,100079,200,99906,200,100100,200,99890,200,100118,100,99884,100,100379,100,99769,100,100431,100,99708,100,100503,100,99655,100,100530,100,99282,100,100688,100,99251,100,100744,100,,
2019-06-28 09:51:10.000000000,100052,252,99946,252,100079,252,99906,252,100100,100,99890,100,100118,100,99884,100,100379,100,99769,100,100431,100,99708,100,100503,100,99655,100,100530,100,99282,100,100688,100,99251,100,100744,100,,
2019-06-28 09:51:18.924541690,100052,252,100020,100,100079,252,99946,252,100100,100,99906,252,100118,100,99890,100,100379,100,99884,100,100431,100,99769,100,100503,100,99708,100,100530,100,99655,100,100688,100,99282,100,100744,100,99251,100
2019-06-28 09:51:20.000000000,100052,252,100020,252,100079,252,99946,252,100100,100,99906,100,100118,100,99890,100,100379,100,99884,100,100431,100,99769,100,100503,100,99708,100,100530,100,99655,100,100688,100,99282,100,100744,100,99251,100
2019-06-28 09:51:20.482714350,100052,252,100020,252,100079,252,99946,252,100100,100,99906,100,100118,100,99890,100,100379,100,99884,100,100431,100,99769,100,100503,100,99708,100,100530,100,99655,100,100688,100,99282,100,100744,100,99251,100
2019-06-28 09:51:26.067153705,100052,152,100020,252,100079,252,99946,252,100100,100,99906,100,100118,100,99890,100,100379,100,99884,100,100431,100,99769,100,100503,100,99708,100,100530,100,99655,100,100688,100,99282,100,100744,100,99251,100
2019-06-28 09:51:30.000000000,100079,203,100020,203,100100,200,99946,200,100118,200,99906,200,100379,100,99890,100,100431,100,99884,100,100503,100,99769,100,100530,100,99708,100,100688,100,99655,100,100744,100,99282,100,100778,100,99251,100
2019-06-28 09:51:40.000000000,100079,404,100020,404,100100,100,99946,100,100118,100,99906,100,100379,100,99890,100,100431,100,99884,100,100503,100,99769,100,100530,100,99708,100,100688,100,99655,100,100744,100,99282,100,100778,100,99251,100
2019-06-28 09:51:47.145497163,100079,404,100020,404,100100,100,99946,100,100118,100,99906,100,100379,100,99890,100,100431,100,99884,100,100503,100,99708,100,100530,100,99655,100,100688,100,99282,100,100744,100,99251,100,100778,100,,
2019-06-28 09:51:50.000000000,100079,161,100020,161,100100,161,99946,161,100118,161,99906,161,100379,161,99890,161,100431,161,99884,161,100503,100,99708,100,100530,100,99655,100,100688,100,99282,100,100744,100,99251,100,100778,100,,
2019-06-28 09:52:00.000000000,100079,161,100020,161,100100,161,99946,161,100118,161,99906,161,100379,161,99890,161,100431,161,99884,161,100503,100,99708,100,100530,100,99655,100,100688,100,99282,100,100744,100,99251,100,100778,100,,
2019-06-28 09:52:10.000000000,100079,161,100020,161,100100,161,99946,161,100118,161,99906,161,100379,161,99890,161,100431,161,99884,161,100503,100,99708,100,100530,100,99655,100,100688,100,99282,100,100744,100,99251,100,100778,100,,
2019-06-28 09:52:14.282726645,100079,61,100020,161,100100,161,99946,161,100118,161,99906,161,100379,161,99890,161,100431,161,99884,161,100503,100,99708,100,100530,100,99655,100,100688,100,99282,100,100744,100,99251,100,100778,100,,
2019-06-28 09:52:20.000000000,100100,203,100020,203,100118,200,99946,200,100379,200,99906,200,100431,100,99890,100,100503,100,99884,100,100530,100,99708,100,100688,100,99655,100,100744,100,99282,100,100778,100,99251,100,100934,100,,
2019-06-28 09:52:23.719646823,100100,103,100020,203,100118,200,99946,200,100379,200,99906,200,100431,100,99890,100,100503,100,99884,100,100530,100,99708,100,100688,100,99655,100,100744,100,99282,100,100778,100,99251,100,100934,100,,
2019-06-28 09:52:30.000000000,100118,161,100020,161,100379,161,99946,161,100431,161,99906,161,100503,161,99890,161,100530,161,99884,161,100688,100,99708,100,100744,100,99655,100,100778,100,99282,100,100934,100,99251,100,100946,100,,
2019-06-28 09:52:40.000000000,100118,176,100020,176,100379,176,99946,176,100431,176,99906,176,100503,176,99890,176,100530,100,99884,100,100688,100,99708,100,100744,100,99655,100,100778,100,99282,100,100934,100,99251,100,100946,100,,
2019-06-28 09:52:44.409159898,100118,176,100079,100,100379,176,100020,176,100431,176,99946,176,100503,176,99906,176,100530,100,99890,176,100688,100,99708,100,100744,100,99655,100,100778,100,99282,100,100934,100,99251,100,100946,100,,
2019-06-28 09:52:50.000000000,100118,176,100079,176,100379,176,100020,176,100431,176,99946,176,100503,176,99906,176,100530,100,99890,100,100688,100,99708,100,100744,100,99655,100,100778,100,99282,100,100934,100,99251,100,100946,100,,
2019-06-28 09:53:00.000000000,100118,252,100079,252,100379,252,100020,252,100431,100,99946,100,100503,100,99906,100,100530,100,99890,100,100688,100,99708,100,100744,100,99655,100,100778,100,99282,100,100934,100,99251,100,100946,100,,
2019-06-28 09:53:09.767758383,100118,252,100079,352,100379,252,100020,252,100431,100,99946,100,100503,100,99906,100,100530,100,99890,100,100688,100,99708,100,100744,100,99655,100,100778,100,99282,100,100934,100,99251,100,100946,100,,
2019-06-28 09:53:10.000000000,100118,404,100079,504,100379,100,100020,100,100431,100,99946,100,100503,100,99906,100,100530,100,99890,100,100688,100,99708,100,100744,100,99655,100,100778,100,99282,100,100934,100,99251,100,100946,100,,
2019-06-28 09:53:20.000000000,100118,203,100079,303,100379,200,100020,200,100431,200,99946,200,100503,100,99906,100,100530,100,99890,100,100688,100,99708,100,100744,100,99655,100,100778,100,99282,100,100934,100,99251,100,100946,100,,
2019-06-28 09:53:20.833487267,100118,203,100079,303,100379,200,100020,200,100431,200,99946,100,100503,100,99906,100,100530,100,99890,100,100688,100,99708,100,100744,100,99655,100,100778,100,99282,100,100934,100,99251,100,100946,100,,
2019-06-28 09:53:30.000000000,100118,404,100079,504,100379,100,100020,100,100431,100,99906,100,100503,100,99890,100,100530,100,99708,100,100688,100,99655,100,100744,100,99282,100,100778,100,99251,100,100934,100,,,100946,100,,
2019-06-28 09:53:40.000000000,100118,176,100079,276,100379,176,100020,176,100431,176,99906,176,100503,176,99890,176,100530,100,99708,100,100688,100,99655,100,100744,100,99282,100,100778,100,99251,100,100934,100,,,100946,100,,
2019-06-28 09:53:42.402829622,100118,76,100079,276,100379,176,100020,176,100431,176,99906,176,100503,176,99890,176,100530,100,99708,100,100688,100,99655,100,100744,100,99282,100,100934,100,99251,100,100946,100,,,101013,100,,
2019-06-28 09:53:50.000000000,100379,252,100079,352,100431,252,100020,252,100503,100,99906,100,100530,100,99890,100,100688,100,99708,100,100744,100,99655,100,100934,100,99282,100,100946,100,99251,100,101013,100,,,101118,100,,
2019-06-28 09:53:58.379630787,100379,152,100079,352,100431,252,100020,252,100503,100,99906,100,100530,100,99890,100,100688,100,99708,100,100744,100,99655,100,100934,100,99282,100,100946,100,99251,100,101013,100,,,101118,100,,
2019-06-28 09:53:59.726657571,100379,152,100118,100,100431,252,100079,352,100503,100,100020,252,100530,100,99906,100,100688,100,99890,100,100744,100,99708,100,100934,100,99655,100,100946,100,99282,100,101013,100,99251,100,101118,100,,
2019-06-28 09:54:00.000000000,100431,252,100118,252,100503,252,100079,352,100530,100,100020,100,100688,100,99906,100,100744,100,99890,100,100934,100,99708,100,100946,100,99655,100,101013,100,99282,100,101118,100,99251,100,101135,100,,
2019-06-28 09:54:05.137840259,100431,252,100118,152,100503,252,100079,352,100530,100,100020,100,100688,100,99906,100,100744,100,99890,100,100934,100,99708,100,100946,100,99655,100,101013,100,99282,100,101118,100,99251,100,101135,100,,
2019-06-28 09:54:10.000000000,100431,252,100079,352,100503,252,100020,252,100530,100,99906,100,100688,100,99890,100,100744,100,99708,100,100934,100,99655,100,100946,100,99282,100,101013,100,99251,100,101118,100,,,101135,100,,
2019-06-28 09:54:20.000000000,100431,252,100079,352,100503,252,100020,252,100530,100,99906,100,100688,100,99890,100,100744,100,99708,100,100934,100,99655,100,100946,100,99282,100,101013,100,99251,100,101118,100,,,101135,100,,
2019-06-28 09:54:24.235743889,100431,252,100118,100,100503,252,100079,352,100530,100,100020,252,100688,100,99906,100,100744,100,99890,100,100934,100,99708,100,100946,100,99655,100,101013,100,99282,100,101118,100,99251,100,101135,100,,
2019-06-28 09:54:30.000000000,100431,203,100118,203,100503,200,100079,300,100530,200,100020,200,100688,100,99906,100,100744,100,99890,100,100934,100,99708,100,100946,100,99655,100,101013,100,99282,100,101118,100,99251,100,101135,100,,
2019-06-28 09:54:32.019802385,100431,203,100118,203,100503,200,100079,300,100530,200,100020,200,100688,100,99906,100,100744,100,99890,100,100899,100,99708,100,100934,100,99655,100,100946,100,99282,100,101013,100,99251,100,101118,100,,
2019-06-28 09:54:40.000000000,100431,404,100118,404,100503,100,100079,200,100530,100,100020,100,100688,100,99906,100,100744,100,99890,100,100899,100,99708,100,100934,100,99655,100,100946,100,99282,100,101013,100,99251,100,101118,100,,
2019-06-28 09:54:45.827443784,100431,404,100118,404,100503,100,100079,200,100530,100,100020,100,100688,100,99906,100,100744,100,99890,100,100887,100,99708,100,100899,100,99655,100,100934,100,99282,100,100946,100,99251,100,101013,100,,
2019-06-28 09:54:50.000000000,100431,176,100118,176,100503,176,100079,276,100530,176,100020,176,100688,176,99906,176,100744,100,99890,100,100887,100,99708,100,100899,100,99655,100,100934,100,99282,100,100946,100,99251,100,101013,100,,
2019-06-28 09:55:00.000000000,100431,176,100118,176,100503,176,100079,276,100530,176,100020,176,100688,176,99906,176,100744,100,99890,100,100887,100,99708,100,100899,100,99655,100,100934,100,99282,100,100946,100,99251,100,101013,100,,
2019-06-28 09:55:10.000000000,100431,404,100118,404,100503,100,100079,200,100530,100,100020,100,100688,100,99906,100,100744,100,99890,100,100887,100,99708,100,100899,100,99655,100,100934,100,99282,100,100946,100,99251,100,101013,100,,
2019-06-28 09:55:20.000000000,100431,203,100118,203,100503,200,100079,300,100530,200,100020,200,100688,100,99906,100,100744,100,99890,100,100887,100,99708,100,100899,100,99655,100,100934,100,99282,100,100946,100,99251,100,101013,100,,
2019-06-28 09:55:24.501916829,100431,203,100118,203,100503,200,100079,300,100530,100,100020,200,100688,100,99906,100,100744,100,99890,100,100780,100,99708,100,100887,100,99655,100,100899,100,99282,100,100934,100,99251,100,100946,100,,
2019-06-28 09:55:30.000000000,100431,176,100118,176,100503,176,100079,276,100688,176,100020,176,100744,176,99906,176,100780,100,99890,100,100887,100,99708,100,100899,100,99655,100,100934,100,99282,100,100946,100,99251,100,101013,100,,
2019-06-28 09:55:40.000000000,100431,252,100118,252,100503,252,100079,352,100688,100,100020,100,100744,100,99906,100,100780,100,99890,100,100887,100,99708,100,100899,100,99655,100,100934,100,99282,100,100946,100,99251,100,101013,100,,
2019-06-28 09:55:48.235978355,100431,252,100118,252,100503,252,100079,352,100688,100,100020,100,100722,100,99906,100,100744,100,99890,100,100780,100,99708,100,100887,100,99655,100,100899,100,99282,100,100934,100,99251,100,100946,100,,
2019-06-28 09:55:49.349948281,100431,252,100118,252,100503,252,100079,352,100688,100,100020,100,100720,100,99906,100,100722,100,99890,100,100744,100,99708,100,100780,100,99655,100,100887,100,99282,100,100899,100,99251,100,100934,100,,
2019-06-28 09:55:49.953788331,100431,152,100118,252,100503,252,100079,352,100688,100,100020,100,100720,100,99906,100,100722,100,99890,100,100744,100,99708,100,100780,100,99655,100,100887,100,99282,100,100899,100,99251,100,100934,100,,
2019-06-28 09:55:50.000000000,100503,404,100118,404,100688,100,100079,200,100720,100,100020,100,100722,100,99906,100,100744,100,99890,100,100780,100,99708,100,100887,100,99655,100,100899,100,99282,100,100934,100,99251,100,100946,100,,
2019-06-28 09:55:58.988919516,100503,404,100118,404,100688,100,100079,200,100720,100,100020,100,100722,100,99906,100,100744,100,99890,100,100780,100,99708,100,100874,100,99655,100,100887,100,99282,100,100899,100,99251,100,100934,100,,
2019-06-28 09:56:00.000000000,100503,203,100118,203,100688,200,100079,300,100720,200,100020,200,100722,100,99906,100,100744,100,99890,100,100780,100,99708,100,100874,100,99655,100,100887,100,99282,100,100899,100,99251,100,100934,100,,
2019-06-28 09:56:10.000000000,100503,404,100118,404,100688,100,100079,200,100720,100,100020,100,100722,100,99906,100,100744,100,99890,100,100780,100,99708,100,100874,100,99655,100,100887,100,99282,100,100899,100,99251,100,100934,100,,
2019-06-28 09:56:20.000000000,100503,252,100118,252,100688,252,100079,352,100720,100,100020,100,100722,100,99906,100,100744,100,99890,100,100780,100,99708,100,100874,100,99655,100,100887,100,99282,100,100899,100,99251,100,100934,100,,
2019-06-28 09:56:30.000000000,100503,176,100118,176,100688,176,100079,276,100720,176,100020,176,100722,176,99906,176,100744,100,99890,100,100780,100,99708,100,100874,100,99655,100,100887,100,99282,100,100899,100,99251,100,100934,100,,
2019-06-28 09:56:40.000000000,100503,252,100118,252,100688,252,100079,352,100720,100,100020,100,100722,100,99906,100,100744,100,99890,100,100780,100,99708,100,100874,100,99655,100,100887,100,99282,100,100899,100,99251,100,100934,100,,
2019-06-28 09:56:50.000000000,100503,176,100118,176,100688,176,100079,276,100720,176,100020,176,100722,176,99906,176,100744,100,99890,100,100780,100,99708,100,100874,100,99655,100,100887,100,99282,100,100899,100,99251,100,100934,100,,
2019-06-28 09:57:00.000000000,100503,203,100118,203,100688,200,100079,300,100720,200,100020,200,100722,100,99906,100,100744,100,99890,100,100780,100,99708,100,100874,100,99655,100,100887,100,99282,100,100899,100,99251,100,100934,100,,
2019-06-28 09:57:10.000000000,100503,176,100118,176,100688,176,100079,276,100720,176,100020,176,100722,176,99906,176,100744,100,99890,100,100780,100,99708,100,100874,100,99655,100,100887,100,99282,100,100899,100,99251,100,100934,100,,
2019-06-28 09:57:16.712282006,100503,176,100379,100,100688,176,100118,176,100720,176,100079,276,100722,176,100020,176,100744,100,99906,176,100780,100,99890,100,100874,100,99708,100,100887,100,99655,100,100899,100,99282,100,100934,100,99251,100
2019-06-28 09:57:20.000000000,100503,161,100379,161,100688,161,100118,161,100720,161,100079,261,100722,161,100020,161,100744,161,99906,161,100780,100,99890,100,100874,100,99708,100,100887,100,99655,100,100899,100,99282,100,100934,100,99251,100
2019-06-28 09:57:25.090786159,100503,61,100379,161,100688,161,100118,161,100720,161,100079,261,100722,161,100020,161,100744,161,99906,161,100780,100,99890,100,100874,100,99708,100,100887,100,99655,100,100899,100,99282,100,100934,100,99251,100
2019-06-28 09:57:30.000000000,100688,404,100379,404,100720,100,100118,100,100722,100,100079,200,100744,100,100020,100,100780,100,99906,100,100874,100,99890,100,100887,100,99708,100,100899,100,99655,100,100934,100,99282,100,100946,100,99251,100
2019-06-28 09:57:37.729921501,100688,304,100379,404,100720,100,100118,100,100722,100,100079,200,100744,100,100020,100,100780,100,99906,100,100874,100,99890,100,100887,100,99708,100,100899,100,99655,100,100934,100,99282,100,100946,100,99251,100
2019-06-28 09:57:38.458832022,100688,204,100379,404,100720,100,100118,100,100722,100,100079,200,100744,100,100020,100,100780,100,99906,100,100874,100,99890,100,100887,100,99708,100,100899,100,99655,100,100934,100,99282,100,100946,100,99251,100
2019-06-28 09:57:40.000000000,100720,176,100379,176,100722,176,100118,176,100744,176,100079,276,100780,176,100020,176,100874,100,99906,100,100887,100,99890,100,100899,100,99708,100,100934,100,99655,100,100946,100,99282,100,101013,100,99251,100
2019-06-28 09:57:50.000000000,100720,176,100379,176,100722,176,100118,176,100744,176,100079,276,100780,176,100020,176,100874,100,99906,100,100887,100,99890,100,100899,100,99708,100,100934,100,99655,100,100946,100,99282,100,101013,100,99251,100
2019-06-28 09:58:00.000000000,100720,203,100379,203,100722,200,100118,200,100744,200,100079,300,100780,100,100020,100,100874,100,99906,100,100887,100,99890,100,100899,100,99708,100,100934,100,99655,100,100946,100,99282,100,101013,100,99251,100
2019-06-28 09:58:05.460587824,100720,103,100379,203,100722,200,100118,200,100744,200,100079,300,100780,100,100020,100,100874,100,99906,100,100887,100,99890,100,100899,100,99708,100,100934,100,99655,100,100946,100,99282,100,101013,100,99251,100
2019-06-28 09:58:10.000000000,100722,252,100379,252,100744,252,100118,252,100780,100,100079,200,100874,100,100020,100,100887,100,99906,100,100899,100,99890,100,100934,100,99708,100,100946,100,99655,100,101013,100,99282,100,101118,100,99251,100
2019-06-28 09:58:20.000000000,100722,252,100379,252,100744,252,100118,252,100780,100,100079,200,100874,100,100020,100,100887,100,99906,100,100899,100,99890,100,100934,100,99708,100,100946,100,99655,100,101013,100,99282,100,101118,100,99251,100
2019-06-28 09:58:22.519608279,100626,100,100379,252,100722,252,100118,252,100744,252,100079,200,100780,100,100020,100,100874,100,99906,100,100887,100,99890,100,100899,100,99708,100,100934,100,99655,100,100946,100,99282,100,101013,100,99251,100
2019-06-28 09:58:30.000000000,100626,404,100379,404,100722,100,100118,100,100744,100,100079,200,100780,100,100020,100,100874,100,99906,100,100887,100,99890,100,100899,100,99708,100,100934,100,99655,100,100946,100,99282,100,101013,100,99251,100
2019-06-28 09:58:40.000000000,100626,252,100379,252,100722,252,100118,252,100744,100,100079,200,100780,100,100020,100,100874,100,99906,100,100887,100,99890,100,100899,100,99708,100,100934,100,99655,100,100946,100,99282,100,101013,100,99251,100
2019-06-28 09:58:46.379771305,100626,252,100379,252,100722,252,100118,252,100744,100,100079,200,100780,100,100020,100,100887,100,99906,100,100899,100,99890,100,100934,100,99708,100,100946,100,99655,100,101013,100,99282,100,101118,100,99251,100
2019-06-28 09:58:50.000000000,100626,404,100379,404,100722,100,100118,100,100744,100,100079,200,100780,100,100020,100,100887,100,99906,100,100899,100,99890,100,100934,100,99708,100,100946,100,99655,100,101013,100,99282,100,101118,100,99251,100
2019-06-28 09:58:54.208352848,100626,404,100379,404,100722,100,100118,100,100744,100,100079,200,100780,100,100020,100,100887,100,99906,100,100899,100,99708,100,100934,100,99655,100,100946,100,99282,100,101013,100,99251,100,101118,100,,
2019-06-28 09:59:00.000000000,100626,252,100379,252,100722,252,100118,252,100744,100,100079,200,100780,100,100020,100,100887,100,99906,100,100899,100,99708,100,100934,100,99655,100,100946,100,99282,100,101013,100,99251,100,101118,100,,
2019-06-28 09:59:06.178503030,100626,152,100379,252,100722,252,100118,252,100744,100,100079,200,100780,100,100020,100,100887,100,99906,100,100899,100,99708,100,100934,100,99655,100,100946,100,99282,100,101013,100,99251,100,101118,100,,
2019-06-28 09:59:10.000000000,100722,404,100379,404,100744,100,100118,100,100780,100,100079,200,100887,100,100020,100,100899,100,99906,100,100934,100,99708,100,100946,100,99655,100,101013,100,99282,100,101118,100,99251,100,101171,100,,
2019-06-28 09:59:10.468511377,100722,304,100379,404,100744,100,100118,100,100780,100,100079,200,100887,100,100020,100,100899,100,99906,100,100934,100,99708,100,100946,100,99655,100,101013,100,99282,100,101118,100,99251,100,101171,100,,
2019-06-28 09:59:20.000000000,100744,404,100379,404,100780,100,100118,100,100887,100,100079,200,100899,100,100020,100,100934,100,99906,100,100946,100,99708,100,101013,100,99655,100,101118,100,99282,100,101171,100,99251,100,101212,100,,
2019-06-28 09:59:30.000000000,100744,252,100379,252,100780,252,100118,252,100887,100,100079,200,100899,100,100020,100,100934,100,99906,100,100946,100,99708,100,101013,100,99655,100,101118,100,99282,100,101171,100,99251,100,101212,100,,
2019-06-28 09:59:40.000000000,100744,176,100379,176,100780,176,100118,176,100887,176,100079,276,100899,176,100020,176,100934,100,99906,100,100946,100,99708,100,101013,100,99655,100,101118,100,99282,100,101171,100,99251,100,101212,100,,
2019-06-28 09:59:40.526077757,100744,176,100626,100,100780,176,100379,176,100887,176,100118,176,100899,176,100079,276,100934,100,100020,176,100946,100,99906,100,101013,100,99708,100,101118,100,99655,100,101171,100,99282,100,101212,100,99251,100
2019-06-28 09:59:50.000000000,100744,203,100626,203,100780,200,100379,200,100887,200,100118,200,100899,100,100079,200,100934,100,100020,100,100946,100,99906,100,101013,100,99708,100,101118,100,99655,100,101171,100,99282,100,101212,100,99251,100
2019-06-28 10:00:00.000000000,100744,252,100626,252,100780,252,100379,252,100887,100,100118,100,100899,100,100079,200,100934,100,100020,100,100946,100,99906,100,101013,100,99708,100,101118,100,99655,100,101171,100,99282,100,101212,100,99251,100
2019-06-28 10:00:05.809522154,100744,152,100626,252,100780,252,100379,252,100887,100,100118,100,100899,100,100079,200,100934,100,100020,100,100946,100,99906,100,101013,100,99708,100,101118,100,99655,100,101171,100,99282,100,101217,100,99251,100
2019-06-28 10:00:10.000000000,100780,203,100626,203,100887,200,100379,200,100899,200,100118,200,100934,100,100079,200,100946,100,100020,100,101013,100,99906,100,101118,100,99708,100,101171,100,99655,100,101217,100,99282,100,101243,100,99251,100
2019-06-28 10:00:20.000000000,100780,161,100626,161,100887,161,100379,161,100899,161,100118,161,100934,161,100079,261,100946,161,100020,161,101013,100,99906,100,101118,100,99708,100,101171,100,99655,100,101217,100,99282,100,101243,100,99251,100
2019-06-28 10:00:30.000000000,100780,404,100626,404,100887,100,100379,100,100899,100,100118,100,100934,100,100079,200,100946,100,100020,100,101013,100,99906,100,101118,100,99708,100,101171,100,99655,100,101217,100,99282,100,101243,100,99251,100
2019-06-28 10:00:39.737111566,100780,404,100722,100,100887,100,100626,404,100899,100,100379,100,100934,100,100118,100,100946,100,100079,200,101013,100,100020,100,101118,100,99906,100,101171,100,99708,100,101217,100,99655,100,101243,100,99282,100
2019-06-28 10:00:40.000000000,100780,252,100722,252,100887,252,100626,252,100899,100,100379,100,100934,100,100118,100,100946,100,100079,200,101013,100,100020,100,101118,100,99906,100,101171,100,99708,100,101217,100,99655,100,101243,100,99282,100
2019-06-28 10:00:50.000000000,100780,252,100722,252,100887,252,100626,252,100899,100,100379,100,100934,100,100118,100,100946,100,100079,200,101013,100,100020,100,101118,100,99906,100,101171,100,99708,100,101217,100,99655,100,101243,100,99282,100
2019-06-28 10:01:00.000000000,100780,252,100722,252,100887,252,100626,252,100899,100,100379,100,100934,100,100118,100,100946,100,100079,200,101013,100,100020,100,101118,100,99906,100,101171,100,99708,100,101217,100,99655,100,101243,100,99282,100
2019-06-28 10:01:10.000000000,100780,203,100722,203,100887,200,100626,200,100899,200,100379,200,100934,100,100118,100,100946,100,100079,200,101013,100,100020,100,101118,100,99906,100,101171,100,99708,100,101217,100,99655,100,101243,100,99282,100
2019-06-28 10:01:18.290236935,100780,203,100722,103,100887,200,100626,200,100899,200,100379,200,100934,100,100118,100,100946,100,100079,200,101013,100,100020,100,101118,100,99906,100,101171,100,99708,100,101217,100,99655,100,101243,100,99282,100
2019-06-28 10:01:20.000000000,100780,161,100626,161,100887,161,100379,161,100899,161,100118,161,100934,161,100079,261,100946,161,100020,161,101013,100,99906,100,101118,100,99708,100,101171,100,99655,100,101217,100,99282,100,101243,100,99251,100
2019-06-28 10:01:22.252420536,100780,161,100626,161,100887,161,100568,100,100899,161,100379,161,100934,161,100118,161,100946,161,100079,261,101013,100,100020,161,101118,100,99906,100,101171,100,99708,100,101217,100,99282,100,101243,100,99251,100
2019-06-28 10:01:26.466822119,100780,161,100741,100,100887,161,100626,161,100899,161,100568,100,100934,161,100379,161,100946,161,100118,161,101118,100,100079,261,101171,100,100020,161,101217,100,99906,100,101243,100,99708,100,101361,100,99282,100
2019-06-28 10:01:28.452763789,100780,161,100741,100,100887,161,100723,100,100899,161,100626,61,100934,161,100568,100,100946,161,100379,161,101118,100,100118,161,101171,100,100079,261,101217,100,100020,161,101243,100,99906,100,101361,100,99708,100
2019-06-28 10:01:28.832951815,100780,161,100741,100,100887,161,100723,100,100899,161,100626,61,100934,161,100570,100,100946,161,100568,100,101118,100,100379,161,101171,100,100118,161,101217,100,100079,261,101243,100,100020,161,101361,100,99906,100
2019-06-28 10:01:30.000000000,100780,161,100741,161,100887,161,100723,161,100899,161,100570,161,100934,161,100568,161,100946,161,100379,161,101118,100,100118,100,101171,100,100079,200,101217,100,100020,100,101243,100,99906,100,101361,100,99708,100
2019-06-28 10:01:40.000000000,100780,176,100741,176,100887,176,100723,176,100899,176,100570,176,100934,176,100568,176,100946,100,100379,100,101118,100,100118,100,101171,100,100079,200,101217,100,100020,100,101243,100,99906,100,101361,100,99708,100
2019-06-28 10:01:44.607952109,100780,176,100741,176,100887,176,100723,176,100899,176,100656,100,100934,176,100570,176,100946,100,100568,176,101118,100,100379,100,101171,100,100118,100,101217,100,100079,200,101243,100,100020,100,101361,100,99906,100
2019-06-28 10:01:50.000000000,100780,161,100741,161,100887,161,100723,161,100899,161,100656,161,100934,161,100570,161,100946,161,100568,161,101118,100,100379,100,101171,100,100118,100,101217,100,100079,200,101243,100,100020,100,101361,100,99906,100
2019-06-28 10:01:53.089447562,100780,161,100741,161,100887,161,100723,161,100899,161,100656,161,100934,161,100570,161,100946,161,100568,161,101118,100,100379,100,101171,100,100378,100,101217,100,100118,100,101243,100,100079,200,101361,100,100020,100
2019-06-28 10:02:00.000000000,100780,252,100741,252,100887,252,100723,252,100899,100,100656,100,100934,100,100570,100,100946,100,100568,100,101118,100,100379,100,101171,100,100378,100,101217,100,100118,100,101243,100,100079,200,101361,100,100020,100
2019-06-28 10:02:10.000000000,100780,404,100741,404,100887,100,100723,100,100899,100,100656,100,100934,100,100570,100,100946,100,100568,100,101118,100,100379,100,101171,100,100378,100,101217,100,100118,100,101243,100,100079,200,101361,100,100020,100
2019-06-28 10:02:11.386102114,100743,100,100741,404,100780,404,100723,100,100887,100,100656,100,100899,100,100570,100,100934,100,100568,100,100946,100,100379,100,101118,100,100378,100,101171,100,100118,100,101217,100,100079,200,101243,100,100020,100
2019-06-28 10:02:20.000000000,100743,176,100741,176,100780,176,100723,176,100887,176,100656,176,100899,176,100570,176,100934,100,100568,100,100946,100,100379,100,101118,100,100378,100,101171,100,100118,100,101217,100,100079,200,101243,100,100020,100
2019-06-28 10:02:25.250200013,100743,176,100741,76,100780,176,100723,176,100887,176,100656,76,100899,176,100570,176,100934,100,100568,100,100946,100,100379,100,101118,100,100378,100,101171,100,100118,100,101217,100,100079,200,101243,100,100020,100
2019-06-28 10:02:30.000000000,100743,252,100723,252,100780,252,100570,252,100887,100,100568,100,100899,100,100379,100,100934,100,100378,100,100946,100,100118,100,101118,100,100079,200,101171,100,100020,100,101217,100,99906,100,101243,100,99708,100
2019-06-28 10:02:37.152864069,100743,252,100723,152,100780,252,100570,252,100887,100,100568,100,100899,100,100379,100,100934,100,100378,100,100946,100,100118,100,101118,100,100079,200,101171,100,100020,100,101217,100,99906,100,101243,100,99708,100
2019-06-28 10:02:40.000000000,100743,176,100570,176,100780,176,100568,176,100887,176,100379,176,100899,176,100378,176,100934,100,100118,100,100946,100,100079,200,101118,100,100020,100,101171,100,99906,100,101217,100,99708,100,101243,100,99282,100
2019-06-28 10:02:50.000000000,100743,176,100570,176,100780,176,100568,176,100887,176,100379,176,100899,176,100378,176,100934,100,100118,100,100946,100,100079,200,101118,100,100020,100,101171,100,99906,100,101217,100,99708,100,101243,100,99282,100
2019-06-28 10:02:59.560765491,100741,100,100570,176,100743,176,100568,176,100780,176,100379,176,100887,176,100378,176,100899,176,100118,100,100934,100,100079,100,100946,100,100020,100,101118,100,99906,100,101171,100,99708,100,101217,100,99282,100
2019-06-28 10:03:00.000000000,100741,161,100570,161,100743,161,100568,161,100780,161,100379,161,100887,161,100378,161,100899,161,100118,161,100934,100,100079,100,100946,100,100020,100,101118,100,99906,100,101171,100,99708,100,101217,100,99282,100
2019-06-28 10:03:05.203292681,100741,161,100570,161,100743,161,100568,161,100780,161,100379,161,100887,161,100378,161,100899,161,100228,100,100934,100,100118,161,100946,100,100079,100,101118,100,100020,100,101171,100,99906,100,101217,100,99708,100
2019-06-28 10:03:10.000000000,100741,252,100570,252,100743,252,100568,252,100780,100,100379,100,100887,100,100378,100,100899,100,100228,100,100934,100,100118,100,100946,100,100079,100,101118,100,100020,100,101171,100,99906,100,101217,100,99708,100
2019-06-28 10:03:11.751378357,100741,252,100570,152,100743,252,100568,252,100780,100,100379,100,100887,100,100378,100,100899,100,100228,100,100934,100,100118,100,100946,100,100079,100,101118,100,100020,100,101171,100,99906,100,101217,100,99708,100
2019-06-28 10:03:20.000000000,100741,176,100568,176,100743,176,100379,176,100780,176,100378,176,100887,176,100228,176,100899,100,100118,100,100934,100,100079,100,100946,100,100020,100,101118,100,99906,100,101171,100,99708,100,101217,100,99282,100
2019-06-28 10:03:28.758919267,100741,76,100571,100,100743,176,100568,176,100780,176,100379,176,100887,176,100378,176,100899,100,100228,176,100934,100,100118,100,100946,100,100079,100,101118,100,100020,100,101171,100,99906,100,101217,100,99708,100
2019-06-28 10:03:30.000000000,100743,252,100571,252,100780,252,100568,252,100887,100,100379,100,100899,100,100378,100,100934,100,100228,100,100946,100,100118,100,101118,100,100079,100,101171,100,100020,100,101217,100,99906,100,101243,100,99708,100
2019-06-28 10:03:30.026825411,100723,100,100571,252,100743,252,100568,252,100780,252,100379,100,100887,100,100378,100,100899,100,100228,100,100934,100,100118,100,100946,100,100079,100,101118,100,100020,100,101171,100,99906,100,101217,100,99708,100
2019-06-28 10:03:33.237462404,100723,100,100571,252,100743,252,100568,252,100780,252,100411,100,100887,100,100379,100,100899,100,100378,100,100934,100,100228,100,100946,100,100118,100,101118,100,100079,100,101171,100,100020,100,101217,100,99906,100
2019-06-28 10:03:40.000000000,100723,203,100571,203,100743,200,100568,200,100780,200,100411,200,100887,100,100379,100,100899,100,100378,100,100934,100,100228,100,100946,100,100118,100,101118,100,100079,100,101171,100,100020,100,101217,100,99906,100
2019-06-28 10:03:50.000000000,100723,203,100571,203,100743,200,100568,200,100780,200,100411,200,100887,100,100379,100,100899,100,100378,100,100934,100,100228,100,100946,100,100118,100,101118,100,100079,100,101171,100,100020,100,101217,100,99906,100
2019-06-28 10:03:51.074102959,100723,303,100571,203,100743,200,100568,200,100780,200,100411,200,100887,100,100379,100,100899,100,100378,100,100934,100,100228,100,100946,100,100118,100,101118,100,100079,100,101171,100,100020,100,101217,100,99906,100
2019-06-28 10:04:00.000000000,100723,276,100571,176,100743,176,100568,176,100780,176,100411,176,100887,176,100379,176,100899,100,100378,100,100934,100,100228,100,100946,100,100118,100,101118,100,100079,100,101171,100,100020,100,101217,100,99906,100
2019-06-28 10:04:05.971474729,100723,276,100571,176,100743,176,100568,176,100780,176,100411,176,100887,176,100379,176,100899,100,100378,100,100934,100,100228,100,100946,100,100079,100,101118,100,100020,100,101171,100,99906,100,101217,100,99708,100
2019-06-28 10:04:10.000000000,100723,352,100571,252,100743,252,100568,252,100780,100,100411,100,100887,100,100379,100,100899,100,100378,100,100934,100,100228,100,100946,100,100079,100,101118,100,100020,100,101171,100,99906,100,101217,100,99708,100
2019-06-28 10:04:20.000000000,100723,303,100571,203,100743,200,100568,200,100780,200,100411,200,100887,100,100379,100,100899,100,100378,100,100934,100,100228,100,100946,100,100079,100,101118,100,100020,100,101171,100,99906,100,101217,100,99708,100
2019-06-28 10:04:24.113306490,100723,303,100571,303,100743,200,100568,200,100780,200,100411,200,100887,100,100379,100,100899,100,100378,100,100934,100,100228,100,100946,100,100079,100,101118,100,100020,100,101171,100,99906,100,101217,100,99708,100
2019-06-28 10:04:30.000000000,100723,504,100571,504,100743,100,100568,100,100780,100,100411,100,100887,100,100379,100,100899,100,100378,100,100934,100,100228,100,100946,100,100079,100,101118,100,100020,100,101171,100,99906,100,101217,100,99708,100
2019-06-28 10:04:33.551943256,100723,504,100571,504,100743,100,100568,100,100780,100,100520,100,100887,100,100411,100,100899,100,100379,100,100934,100,100378,100,100946,100,100228,100,101118,100,100079,100,101171,100,100020,100,101243,100,99906,100
2019-06-28 10:04:40.000000000,100723,276,100571,276,100743,176,100568,176,100780,176,100520,176,100887,176,100411,176,100899,100,100379,100,100934,100,100378,100,100946,100,100228,100,101118,100,100079,100,101171,100,100020,100,101243,100,99906,100
2019-06-28 10:04:50.000000000,100723,303,100571,303,100743,200,100568,200,100780,200,100520,200,100887,100,100411,100,100899,100,100379,100,100934,100,100378,100,100946,100,100228,100,101118,100,100079,100,101171,100,100020,100,101243,100,99906,100
2019-06-28 10:05:00.000000000,100723,303,100571,303,100743,200,100568,200,100780,200,100520,200,100887,100,100411,100,100899,100,100379,100,100934,100,100378,100,100946,100,100228,100,101118,100,100079,100,101171,100,100020,100,101243,100,99906,100
2019-06-28 10:05:08.544940995,100723,303,100571,303,100743,200,100568,200,100780,200,100520,200,100887,100,100411,100,100899,100,100379,100,100934,100,100378,100,100946,100,100228,100,101118,100,100079,100,101171,100,99906,100,101243,100,99708,100
2019-06-28 10:05:10.000000000,100723,352,100571,352,100743,252,100568,252,100780,100,100520,100,100887,100,100411,100,100899,100,100379,100,100934,100,100378,100,100946,100,100228,100,101118,100,100079,100,101171,100,99906,100,101243,100,99708,100
2019-06-28 10:05:18.888069320,100723,352,100571,252,100743,252,100568,252,100780,100,100520,100,100887,100,100411,100,100899,100,100379,100,100934,100,100378,100,100946,100,100228,100,101118,100,100079,100,101171,100,99906,100,101243,100,99708,100
2019-06-28 10:05:20.000000000,100723,261,100571,161,100743,161,100568,161,100780,161,100520,161,100887,161,100411,161,100899,161,100379,161,100934,100,100378,100,100946,100,100228,100,101118,100,100079,100,101171,100,99906,100,101243,100,99708,100
2019-06-28 10:05:27.536932459,100723,261,100571,161,100743,161,100568,161,100780,161,100520,161,100887,161,100411,161,100899,161,100379,161,100934,100,100378,100,100946,100,100228,100,101118,100,99906,100,101171,100,99708,100,101243,100,99282,100
2019-06-28 10:05:30.000000000,100723,261,100571,161,100743,161,100568,161,100780,161,100520,161,100887,161,100411,161,100899,161,100379,161,100934,100,100378,100,100946,100,100228,100,101118,100,99906,100,101171,100,99708,100,101243,100,99282,100
2019-06-28 10:05:40.000000000,100723,276,100571,176,100743,176,100568,176,100780,176,100520,176,100887,176,100411,176,100899,100,100379,100,100934,100,100378,100,100946,100,100228,100,101118,100,99906,100,101171,100,99708,100,101243,100,99282,100
2019-06-28 10:05:50.000000000,100723,276,100571,176,100743,176,100568,176,100780,176,100520,176,100887,176,100411,176,100899,100,100379,100,100934,100,100378,100,100946,100,100228,100,101118,100,99906,100,101171,100,99708,100,101243,100,99282,100
2019-06-28 10:06:00.000000000,100723,352,100571,252,100743,252,100568,252,100780,100,100520,100,100887,100,100411,100,100899,100,100379,100,100934,100,100378,100,100946,100,100228,100,101118,100,99906,100,101171,100,99708,100,101243,100,99282,100
2019-06-28 10:06:01.372196630,100723,352,100571,252,100743,252,100568,252,100780,100,100520,100,100887,100,100411,100,100899,100,100379,100,100934,100,100378,100,100946,100,100228,100,101118,100,99906,100,101171,100,99708,100,101243,100,99568,100
2019-06-28 10:06:10.000000000,100723,261,100571,161,100743,161,100568,161,100780,161,100520,161,100887,161,100411,161,100899,161,100379,161,100934,100,100378,100,100946,100,100228,100,101118,100,99906,100,101171,100,99708,100,101243,100,99568,100
2019-06-28 10:06:20.000000000,100723,352,100571,252,100743,252,100568,252,100780,100,100520,100,100887,100,100411,100,100899,100,100379,100,100934,100,100378,100,100946,100,100228,100,101118,100,99906,100,101171,100,99708,100,101243,100,99568,100
2019-06-28 10:06:30.000000000,100723,303,100571,203,100743,200,100568,200,100780,200,100520,200,100887,100,100411,100,100899,100,100379,100,100934,100,100378,100,100946,100,100228,100,101118,100,99906,100,101171,100,99708,100,101243,100,99568,100
2019-06-28 10:06:40.000000000,100723,276,100571,176,100743,176,100568,176,100780,176,100520,176,100887,176,100411,176,100899,100,100379,100,100934,100,100378,100,100946,100,100228,100,101118,100,99906,100,101171,100,99708,100,101243,100,99568,100
2019-06-28 10:06:46.202227035,100723,276,100571,76,100743,176,100568,176,100780,176,100520,176,100887,176,100411,176,100899,100,100379,100,100934,100,100378,100,100946,100,100228,100,101118,100,99906,100,101171,100,99708,100,101243,100,99568,100
2019-06-28 10:06:50.000000000,100723,504,100568,404,100743,100,100520,100,100780,100,100411,100,100887,100,100379,100,100899,100,100378,100,100934,100,100228,100,100946,100,99906,100,101118,100,99708,100,101171,100,99568,100,101243,100,99282,100
2019-06-28 10:06:50.720459224,100723,504,100568,404,100743,100,100520,100,100780,100,100411,100,100887,100,100379,100,100899,100,100378,100,100934,100,100228,100,100946,100,99906,100,101118,100,99708,100,101171,100,99568,100,101243,100,99282,100
2019-06-28 10:07:00.000000000,100723,504,100568,404,100743,100,100520,100,100780,100,100411,100,100887,100,100379,100,100899,100,100378,100,100934,100,100228,100,100946,100,99906,100,101118,100,99708,100,101171,100,99568,100,101243,100,99282,100
2019-06-28 10:07:05.916909675,100571,100,100568,404,100723,504,100520,100,100743,100,100411,100,100780,100,100378,100,100887,100,100228,100,100899,100,99906,100,100934,100,99708,100,100946,100,99568,100,101118,100,99282,100,101171,100,99251,100
2019-06-28 10:07:10.000000000,100571,161,100568,161,100723,261,100520,161,100743,161,100411,161,100780,161,100378,161,100887,161,100228,161,100899,100,99906,100,100934,100,99708,100,100946,100,99568,100,101118,100,99282,100,101171,100,99251,100
2019-06-28 10:07:12.456485190,100571,161,100568,161,100723,161,100520,161,100743,161,100411,161,100780,161,100378,161,100887,161,100228,161,100899,100,99906,100,100934,100,99708,100,100946,100,99568,100,101118,100,99282,100,101171,100,99251,100
2019-06-28 10:07:20.000000000,100571,161,100568,161,100723,161,100520,161,100743,161,100411,161,100780,161,100378,161,100887,161,100228,161,100899,100,99906,100,100934,100,99708,100,100946,100,99568,100,101118,100,99282,100,101171,100,99251,100
2019-06-28 10:07:30.000000000,100571,203,100568,203,100723,200,100520,200,100743,200,100411,200,100780,100,100378,100,100887,100,100228,100,100899,100,99906,100,100934,100,99708,100,100946,100,99568,100,101118,100,99282,100,101171,100,99251,100
2019-06-28 10:07:33.600529889,100571,203,100568,103,100723,200,100520,200,100743,200,100411,200,100780,100,100378,100,100887,100,100228,100,100899,100,99906,100,100934,100,99708,100,100946,100,99568,100,101118,100,99282,100,101171,100,99251,100
2019-06-28 10:07:40.000000000,100571,161,100520,161,100723,161,100411,161,100743,161,100378,161,100780,161,100228,161,100887,161,99906,161,100899,100,99708,100,100934,100,99568,100,100946,100,99282,100,101118,100,99251,100,101171,100,98913,100
2019-06-28 10:07:47.557419926,100571,161,100520,61,100723,161,100411,161,100743,161,100378,161,100780,161,100228,161,100887,161,99906,161,100899,100,99708,100,100934,100,99568,100,100946,100,99282,100,101118,100,99251,100,101171,100,98913,100
2019-06-28 10:07:50.000000000,100571,176,100411,176,100723,176,100378,176,100743,176,100228,176,100780,176,99906,176,100887,100,99708,100,100899,100,99568,100,100934,100,99282,100,100946,100,99251,100,101118,100,98913,100,101171,100,,
2019-06-28 10:08:00.000000000,100571,404,100411,404,100723,100,100378,100,100743,100,100228,100,100780,100,99906,100,100887,100,99708,100,100899,100,99568,100,100934,100,99282,100,100946,100,99251,100,101118,100,98913,100,101171,100,,
2019-06-28 10:08:05.821391181,100571,404,100411,404,100723,100,100378,100,100743,100,100228,100,100780,100,99906,100,100887,100,99708,100,100899,100,99568,100,100934,100,99282,100,100946,100,99251,100,101118,100,99093,100,101171,100,98913,100
2019-06-28 10:08:09.129707877,100568,100,100411,404,100571,404,100378,100,100723,100,100228,100,100743,100,99906,100,100780,100,99708,100,100887,100,99568,100,100899,100,99282,100,100934,100,99251,100,100946,100,99093,100,101118,100,98913,100
