,ask_price_1,ask_size_1,bid_price_1,bid_size_1,ask_price_2,ask_size_2,bid_price_2,bid_size_2,ask_price_3,ask_size_3,bid_price_3,bid_size_3,ask_price_4,ask_size_4,bid_price_4,bid_size_4,ask_price_5,ask_size_5,bid_price_5,bid_size_5,ask_price_6,ask_size_6,bid_price_6,bid_size_6,ask_price_7,ask_size_7,bid_price_7,bid_size_7,ask_price_8,ask_size_8,bid_price_8,bid_size_8,ask_price_9,ask_size_9,bid_price_9,bid_size_9,ask_price_10,ask_size_10,bid_price_10,bid_size_10
2019-06-28 09:30:00.000000001,100128,100,,,100151,100,,,,,,,,,,,,,,,,,,,,,,,,,,,,,,,,,,
2019-06-28 09:30:00.000000002,100081,100,,,100128,100,,,100151,100,,,,,,,,,,,,,,,,,,,,,,,,,,,,,,
2019-06-28 09:30:00.000000003,100081,100,99902,100,100128,100,,,100151,100,,,,,,,,,,,,,,,,,,,,,,,,,,,,,,
2019-06-28 09:30:00.000000005,100081,100,99902,100,100128,100,99871,100,100151,100,,,,,,,,,,,,,,,,,,,,,,,,,,,,,,
2019-06-28 09:30:00.000000007,100128,100,99902,100,100151,100,99871,100,,,,,,,,,,,,,,,,,,,,,,,,,,,,,,,,
2019-06-28 09:30:00.000000008,100128,100,99902,100,100151,100,99871,100,100205,100,,,,,,,,,,,,,,,,,,,,,,,,,,,,,,
2019-06-28 09:30:00.000000009,100128,100,99908,100,100151,100,99902,100,100205,100,99871,100,,,,,,,,,,,,,,,,,,,,,,,,,,,,
2019-06-28 09:30:00.000000011,100128,100,99937,100,100151,100,99908,100,100205,100,99902,100,,,99871,100,,,,,,,,,,,,,,,,,,,,,,,,
2019-06-28 09:30:00.000000012,100128,100,99937,100,100151,100,99908,100,100205,100,99902,100,,,99871,100,,,99825,100,,,,,,,,,,,,,,,,,,,,
2019-06-28 09:30:00.000000013,100113,100,99937,100,100128,100,99908,100,100151,100,99902,100,100205,100,99871,100,,,99825,100,,,99824,100,,,,,,,,,,,,,,,,
2019-06-28 09:30:00.000000017,100113,100,99937,100,100128,100,99908,100,100151,100,99902,100,100205,100,99871,100,,,99825,100,,,99824,100,,,99793,100,,,,,,,,,,,,
2019-06-28 09:30:00.000000018,100113,100,99937,100,100128,100,99928,100,100151,100,99908,100,100205,100,99902,100,,,99871,100,,,99856,100,,,99825,100,,,99824,100,,,99793,100,,,,
2019-06-28 09:30:00.000000019,100113,100,99952,100,100128,100,99937,100,100151,100,99928,100,100205,100,99908,100,,,99902,100,,,99871,100,,,99856,100,,,99825,100,,,99824,100,,,99793,100
2019-06-28 09:30:00.000000020,100113,100,99952,100,100123,100,99937,100,100128,100,99928,100,100151,100,99908,100,100205,100,99902,100,,,99871,100,,,99856,100,,,99855,100,,,99825,100,,,99824,100
2019-06-28 09:30:00.000000021,100042,100,99952,100,100113,100,99937,100,100123,100,99928,100,100128,100,99908,100,100151,100,99902,100,100205,100,99871,100,,,99856,100,,,99855,100,,,99825,100,,,99824,100
2019-06-28 09:30:00.000000023,100035,100,99953,100,100042,100,99952,100,100113,100,99937,100,100123,100,99928,100,100128,100,99908,100,100151,100,99902,100,100205,100,99871,100,,,99856,100,,,99855,100,,,99825,100
2019-06-28 09:30:00.000000024,100035,100,99953,100,100042,100,99952,100,100113,100,99937,100,100123,100,99928,100,100128,100,99910,100,100151,100,99908,100,100205,100,99902,100,,,99871,100,,,99856,100,,,99855,100
2019-06-28 09:30:00.000000030,100035,100,99953,100,100042,100,99952,100,100047,100,99937,100,100113,100,99931,100,100123,100,99928,100,100128,100,99910,100,100151,100,99908,100,100205,100,99902,100,,,99871,100,,,99856,100
2019-06-28 09:30:00.000000032,100035,100,99953,100,100042,100,99952,100,100047,100,99937,100,100104,100,99931,100,100113,100,99928,100,100123,100,99910,100,100128,100,99908,100,100151,100,99902,100,100205,100,99871,100,,,99856,100
2019-06-28 09:30:00.000000035,100035,100,99953,100,100042,100,99952,100,100047,100,99937,100,100104,100,99931,100,100113,100,99928,100,100123,100,99910,100,100128,100,99908,100,100151,100,99902,100,100205,100,99881,100,,,99871,100
2019-06-28 09:30:00.000000037,100035,100,99953,100,100042,100,99952,100,100047,100,99937,100,100104,100,99931,100,100113,100,99928,100,100123,100,99910,100,100128,100,99908,100,100151,100,99902,100,100205,100,99881,100,,,99871,100
2019-06-28 09:30:00.000000038,100042,100,99953,100,100047,100,99952,100,100104,100,99949,100,100111,100,99937,100,100113,100,99931,100,100123,100,99928,100,100128,100,99910,100,100151,100,99908,100,100205,100,99902,100,,,99881,100
2019-06-28 09:30:00.000000042,100042,100,100031,100,100047,100,99953,100,100104,100,99952,100,100111,100,99949,100,100113,100,99937,100,100123,100,99931,100,100128,100,99930,100,100151,100,99928,100,100205,100,99910,100,,,99908,100
2019-06-28 09:30:00.000000043,100042,100,100031,100,100047,100,99953,100,100104,100,99952,100,100111,100,99949,100,100113,100,99937,100,100123,100,99931,100,100128,100,99930,100,100151,100,99928,100,100205,100,99921,100,,,99910,100
2019-06-28 09:30:00.000000045,100041,100,100031,100,100042,100,99953,100,100047,100,99952,100,100104,100,99949,100,100111,100,99937,100,100113,100,99931,100,100123,100,99930,100,100128,100,99928,100,100151,100,99921,100,100205,100,99910,100
2019-06-28 09:30:00.000000046,100041,100,100031,100,100042,100,100009,100,100047,100,99953,100,100104,100,99952,100,100111,100,99949,100,100113,100,99937,100,100123,100,99931,100,100128,100,99930,100,100151,100,99928,100,100205,100,99921,100
2019-06-28 09:30:00.000000047,100041,200,100031,100,100042,100,100009,100,100047,100,99953,100,100104,100,99952,100,100111,100,99949,100,100113,100,99937,100,100123,100,99931,100,100128,100,99930,100,100151,100,99928,100,100205,100,99921,100
2019-06-28 09:30:00.000000048,100041,200,100009,100,100042,100,99953,100,100047,100,99952,100,100104,100,99949,100,100111,100,99937,100,100113,100,99931,100,100123,100,99930,100,100128,100,99928,100,100151,100,99921,100,100205,100,99910,200
2019-06-28 09:30:00.000000049,100035,100,100009,100,100041,200,99953,100,100042,100,99952,100,100047,100,99949,100,100104,100,99937,100,100111,100,99931,100,100113,100,99930,100,100123,100,99928,100,100128,100,99921,100,100151,100,99910,200
2019-06-28 09:30:00.000000050,99998,100,99953,100,100035,100,99952,100,100041,200,99949,100,100042,100,99937,100,100047,100,99931,100,100104,100,99930,100,100111,100,99928,100,100113,100,99921,100,100123,100,99910,200,100128,100,99908,100
2019-06-28 09:30:00.000000052,99998,100,99953,100,100031,100,99952,100,100035,100,99949,100,100041,200,99937,100,100042,100,99931,100,100047,100,99930,100,100104,100,99928,100,100111,100,99921,100,100113,100,99910,200,100123,100,99908,100
2019-06-28 09:30:00.000000053,99998,100,99953,100,100031,200,99952,100,100035,100,99949,100,100041,200,99937,100,100042,100,99931,100,100047,100,99930,100,100104,100,99928,100,100111,100,99921,100,100113,100,99910,200,100123,100,99908,100
2019-06-28 09:30:00.000000059,100031,200,99953,100,100035,100,99952,100,100041,200,99949,100,100042,100,99937,100,100047,100,99931,100,100104,100,99930,100,100111,100,99928,100,100113,100,99921,100,100123,100,99910,200,100128,100,99908,100
2019-06-28 09:30:00.000000060,100031,200,99998,100,100035,100,99994,100,100041,200,99953,100,100042,100,99952,100,100047,100,99949,100,100060,100,99937,100,100104,100,99931,100,100111,100,99930,100,100113,100,99928,100,100123,100,99921,100
2019-06-28 09:30:00.000000062,100031,200,99998,200,100035,100,99994,100,100041,200,99953,100,100042,100,99952,100,100047,100,99949,100,100060,100,99937,100,100104,100,99931,100,100111,100,99930,100,100113,100,99928,100,100123,100,99921,100
2019-06-28 09:30:00.000000063,100031,200,99998,300,100035,100,99994,100,100041,200,99953,100,100042,100,99952,100,100047,100,99949,100,100060,100,99937,100,100104,100,99931,100,100111,100,99930,100,100113,100,99928,100,100123,100,99921,100
2019-06-28 09:30:00.000000069,100031,200,99998,300,100035,100,99994,100,100041,200,99953,100,100042,100,99952,100,100047,100,99949,100,100060,100,99937,100,100104,100,99931,100,100111,100,99930,100,100113,100,99928,100,100123,100,99921,100
2019-06-28 09:30:00.000000070,100031,200,99998,300,100035,100,99994,100,100041,200,99953,100,100042,100,99952,100,100047,100,99949,100,100060,100,99937,100,100104,100,99931,100,100111,100,99930,100,100113,100,99928,100,100123,100,99921,100
2019-06-28 09:30:00.000000073,100031,200,99998,300,100035,100,99994,100,100041,200,99953,100,100042,100,99952,100,100047,100,99949,100,100060,100,99937,100,100067,100,99931,100,100104,100,99930,100,100111,100,99928,100,100113,100,99921,100
2019-06-28 09:30:00.000000074,100031,200,99998,300,100035,100,99994,100,100041,200,99953,100,100042,100,99952,100,100047,100,99949,100,100060,100,99937,100,100067,100,99931,100,100069,100,99930,100,100104,100,99928,100,100111,100,99921,100
2019-06-28 09:30:00.000000077,100031,200,99998,300,100035,100,99994,100,100041,200,99953,100,100042,100,99952,100,100047,100,99949,100,100060,100,99937,100,100067,100,99931,100,100069,100,99930,100,100104,100,99928,100,100111,100,99921,100
2019-06-28 09:30:00.000000078,100031,200,99998,300,100035,100,99994,100,100041,200,99953,100,100042,100,99952,100,100047,100,99951,100,100060,100,99949,100,100067,100,99937,100,100069,100,99931,100,100104,100,99930,100,100111,100,99928,100
2019-06-28 09:30:00.000000080,100031,200,99998,300,100035,100,99994,100,100041,200,99953,100,100042,100,99952,100,100047,100,99951,100,100060,100,99949,100,100067,100,99937,100,100069,100,99931,100,100104,100,99930,100,100111,100,99928,100
2019-06-28 09:30:00.000000081,100009,100,99998,300,100031,200,99994,100,100035,100,99953,100,100041,200,99952,100,100042,100,99951,100,100047,100,99949,100,100060,100,99937,100,100067,100,99931,100,100069,100,99930,100,100104,100,99928,100
2019-06-28 09:30:00.000000083,100009,100,99998,300,100031,200,99994,100,100035,100,99953,100,100041,200,99952,100,100042,100,99951,100,100047,100,99949,100,100060,100,99943,100,100067,100,99937,100,100069,100,99931,100,100104,100,99930,100
2019-06-28 09:30:00.000000084,100009,100,99998,300,100031,200,99994,100,100035,100,99953,100,100036,100,99952,100,100041,200,99951,100,100042,100,99949,100,100047,100,99943,100,100060,100,99937,100,100067,100,99931,100,100069,100,99930,100
2019-06-28 09:30:00.000000085,100009,100,99998,200,100031,200,99994,100,100035,100,99953,100,100036,100,99952,100,100041,200,99951,100,100042,100,99949,100,100047,100,99943,100,100060,100,99937,100,100067,100,99931,100,100069,100,99930,100
2019-06-28 09:30:00.000000088,100009,100,99998,200,100031,200,99994,100,100035,100,99986,100,100036,100,99953,100,100041,200,99952,100,100042,100,99951,100,100047,100,99949,100,100060,100,99943,100,100067,100,99937,100,100069,100,99931,100
2019-06-28 09:30:00.000000089,100009,100,99998,100,100031,200,99994,100,100035,100,99986,100,100036,100,99953,100,100041,200,99952,100,100042,100,99951,100,100047,100,99949,100,100060,100,99943,100,100067,100,99937,100,100069,100,99931,100
2019-06-28 09:30:00.000000095,100009,100,99998,100,100031,200,99994,100,100035,100,99988,100,100036,100,99986,100,100041,200,99953,100,100042,100,99952,100,100047,100,99951,100,100060,100,99949,100,100067,100,99943,100,100069,100,99937,100
2019-06-28 09:30:00.000000096,100009,100,99998,100,100031,200,99994,100,100035,100,99988,100,100036,100,99986,100,100041,200,99953,100,100042,100,99952,100,100044,100,99951,100,100047,100,99949,100,100060,100,99943,100,100067,100,99937,100
2019-06-28 09:30:02.206839133,100009,100,99998,100,100031,200,99988,100,100035,100,99986,100,100036,100,99953,100,100041,200,99952,100,100042,100,99951,100,100044,100,99949,100,100047,100,99943,100,100060,100,99937,100,100067,100,99931,100
2019-06-28 09:30:10.000000000,100009,169,99998,169,100031,269,99988,169,100035,169,99986,169,100036,169,99953,169,100041,200,99952,100,100042,100,99951,100,100044,100,99949,100,100047,100,99943,100,100060,100,99937,100,100067,100,99931,100
2019-06-28 09:30:20.000000000,100009,238,99998,238,100031,338,99988,238,100035,100,99986,100,100036,100,99953,100,100041,200,99952,100,100042,100,99951,100,100044,100,99949,100,100047,100,99943,100,100060,100,99937,100,100067,100,99931,100
2019-06-28 09:30:28.394163758,100009,238,99998,238,100031,338,99988,238,100035,100,99986,100,100036,100,99953,100,100041,200,99952,100,100042,100,99951,100,100044,100,99949,100,100047,100,99943,100,100060,100,99937,100,100067,100,99931,100
2019-06-28 09:30:30.000000000,100009,194,99998,194,100031,291,99988,191,100035,191,99986,191,100036,100,99953,100,100041,200,99952,100,100042,100,99951,100,100044,100,99949,100,100047,100,99943,100,100060,100,99937,100,100067,100,99931,100
2019-06-28 09:30:40.000000000,100009,155,99998,155,100031,255,99988,155,100035,155,99986,155,100036,155,99953,155,100041,255,99952,155,100042,100,99951,100,100044,100,99949,100,100047,100,99943,100,100060,100,99937,100,100067,100,99931,100
2019-06-28 09:30:50.000000000,100009,377,99998,377,100031,200,99988,100,100035,100,99986,100,100036,100,99953,100,100041,200,99952,100,100042,100,99951,100,100044,100,99949,100,100047,100,99943,100,100060,100,99937,100,100067,100,99931,100
2019-06-28 09:31:00.000000000,100009,169,99998,169,100031,269,99988,169,100035,169,99986,169,100036,169,99953,169,100041,200,99952,100,100042,100,99951,100,100044,100,99949,100,100047,100,99943,100,100060,100,99937,100,100067,100,99931,100
2019-06-28 09:31:10.000000000,100009,155,99998,155,100031,255,99988,155,100035,155,99986,155,100036,155,99953,155,100041,255,99952,155,100042,100,99951,100,100044,100,99949,100,100047,100,99943,100,100060,100,99937,100,100067,100,99931,100
2019-06-28 09:31:20.000000000,100009,238,99998,238,100031,338,99988,238,100035,100,99986,100,100036,100,99953,100,100041,200,99952,100,100042,100,99951,100,100044,100,99949,100,100047,100,99943,100,100060,100,99937,100,100067,100,99931,100
2019-06-28 09:31:30.000000000,100009,194,99998,194,100031,291,99988,191,100035,191,99986,191,100036,100,99953,100,100041,200,99952,100,100042,100,99951,100,100044,100,99949,100,100047,100,99943,100,100060,100,99937,100,100067,100,99931,100
2019-06-28 09:31:38.631026041,100009,194,99999,100,100031,291,99998,194,100035,191,99988,191,100036,100,99986,191,100041,200,99953,100,100042,100,99952,100,100044,100,99951,100,100047,100,99949,100,100060,100,99943,100,100067,100,99937,100
2019-06-28 09:31:39.123321753,100009,194,99999,100,100031,291,99998,194,100035,191,99988,191,100036,100,99986,91,100041,200,99953,100,100042,100,99952,100,100044,100,99951,100,100047,100,99949,100,100060,100,99943,100,100067,100,99937,100
2019-06-28 09:31:40.000000000,100009,194,99999,194,100031,291,99998,191,100035,191,99988,191,100036,100,99953,100,100041,200,99952,100,100042,100,99951,100,100044,100,99949,100,100047,100,99943,100,100060,100,99937,100,100067,100,99931,100
2019-06-28 09:31:50.000000000,100009,238,99999,238,100031,338,99998,238,100035,100,99988,100,100036,100,99953,100,100041,200,99952,100,100042,100,99951,100,100044,100,99949,100,100047,100,99943,100,100060,100,99937,100,100067,100,99931,100
2019-06-28 09:32:00.000000000,100009,194,99999,194,100031,291,99998,191,100035,191,99988,191,100036,100,99953,100,100041,200,99952,100,100042,100,99951,100,100044,100,99949,100,100047,100,99943,100,100060,100,99937,100,100067,100,99931,100
2019-06-28 09:32:05.717852302,100009,194,99999,94,100031,291,99998,191,100035,191,99988,191,100036,100,99953,100,100041,200,99952,100,100042,100,99951,100,100044,100,99949,100,100047,100,99943,100,100060,100,99937,100,100067,100,99931,100
2019-06-28 09:32:10.000000000,100009,194,99998,194,100031,291,99988,191,100035,191,99953,191,100036,100,99952,100,100041,200,99951,100,100042,100,99949,100,100044,100,99943,100,100047,100,99937,100,100060,100,99931,100,100067,100,99930,100
2019-06-28 09:32:13.252117463,99999,100,99998,194,100009,194,99988,191,100031,291,99953,191,100035,191,99952,100,100036,100,99951,100,100041,200,99949,100,100042,100,99943,100,100044,100,99937,100,100047,100,99931,100,100060,100,99930,100
2019-06-28 09:32:16.858106104,99999,100,99998,194,100009,194,99988,191,100031,291,99953,191,100035,191,99952,100,100036,100,99951,100,100041,200,99949,100,100042,100,99943,100,100044,100,99937,100,100047,100,99931,100,100060,100,99930,100
2019-06-28 09:32:20.000000000,99999,155,99998,155,100009,155,99988,155,100031,255,99953,155,100035,155,99952,155,100036,155,99951,155,100041,200,99949,100,100042,100,99943,100,100044,100,99937,100,100047,100,99931,100,100060,100,99930,100
2019-06-28 09:32:30.000000000,99999,238,99998,238,100009,238,99988,238,100031,200,99953,100,100035,100,99952,100,100036,100,99951,100,100041,200,99949,100,100042,100,99943,100,100044,100,99937,100,100047,100,99931,100,100060,100,99930,100
2019-06-28 09:32:33.595501640,99999,138,99998,238,100009,238,99988,238,100031,200,99953,100,100035,100,99952,100,100036,100,99951,100,100041,200,99949,100,100042,100,99943,100,100044,100,99937,100,100047,100,99931,100,100060,100,99930,100
2019-06-28 09:32:39.684788525,99999,138,99998,138,100009,238,99988,238,100031,200,99953,100,100035,100,99952,100,100036,100,99951,100,100041,200,99949,100,100042,100,99943,100,100044,100,99937,100,100047,100,99931,100,100060,100,99930,100
2019-06-28 09:32:40.000000000,100009,155,99988,155,100031,255,99953,155,100035,155,99952,155,100036,155,99951,155,100041,255,99949,155,100042,100,99943,100,100044,100,99937,100,100047,100,99931,100,100060,100,99930,100,100067,100,99928,100
2019-06-28 09:32:46.039831652,100009,155,99988,155,100031,255,99953,155,100035,155,99952,155,100036,155,99951,155,100041,255,99949,155,100042,100,99943,100,100044,100,99937,100,100047,100,99933,100,100060,100,99931,100,100067,100,99930,100
2019-06-28 09:32:50.000000000,100009,238,99988,238,100031,338,99953,238,100035,100,99952,100,100036,100,99951,100,100041,200,99949,100,100042,100,99943,100,100044,100,99937,100,100047,100,99933,100,100060,100,99931,100,100067,100,99930,100
2019-06-28 09:32:57.148563512,100009,238,99988,138,100031,338,99953,238,100035,100,99952,100,100036,100,99951,100,100041,200,99949,100,100042,100,99943,100,100044,100,99937,100,100047,100,99933,100,100060,100,99931,100,100067,100,99930,100
2019-06-28 09:33:00.000000000,100009,169,99953,169,100031,269,99952,169,100035,169,99951,169,100036,169,99949,169,100041,200,99943,100,100042,100,99937,100,100044,100,99933,100,100047,100,99931,100,100060,100,99930,100,100067,100,99928,100
2019-06-28 09:33:10.000000000,100009,194,99953,194,100031,291,99952,191,100035,191,99951,191,100036,100,99949,100,100041,200,99943,100,100042,100,99937,100,100044,100,99933,100,100047,100,99931,100,100060,100,99930,100,100067,100,99928,100
2019-06-28 09:33:20.000000000,100009,377,99953,377,100031,200,99952,100,100035,100,99951,100,100036,100,99949,100,100041,200,99943,100,100042,100,99937,100,100044,100,99933,100,100047,100,99931,100,100060,100,99930,100,100067,100,99928,100
2019-06-28 09:33:28.902093092,99955,100,99953,377,100009,377,99952,100,100031,200,99951,100,100035,100,99949,100,100036,100,99943,100,100041,200,99937,100,100042,100,99933,100,100044,100,99931,100,100047,100,99930,100,100060,100,99928,100
2019-06-28 09:33:30.000000000,99955,194,99953,194,100009,191,99952,191,100031,291,99951,191,100035,100,99949,100,100036,100,99943,100,100041,200,99937,100,100042,100,99933,100,100044,100,99931,100,100047,100,99930,100,100060,100,99928,100
2019-06-28 09:33:40.000000000,99955,169,99953,169,100009,169,99952,169,100031,269,99951,169,100035,169,99949,169,100036,100,99943,100,100041,200,99937,100,100042,100,99933,100,100044,100,99931,100,100047,100,99930,100,100060,100,99928,100
2019-06-28 09:33:43.433855861,99955,169,99953,169,99980,100,99952,169,100009,169,99951,169,100031,269,99949,169,100035,169,99943,100,100036,100,99937,100,100041,200,99933,100,100042,100,99931,100,100044,100,99930,100,100047,100,99928,100
2019-06-28 09:33:50.000000000,99955,169,99953,169,99980,169,99952,169,100009,169,99951,169,100031,269,99949,169,100035,100,99943,100,100036,100,99937,100,100041,200,99933,100,100042,100,99931,100,100044,100,99930,100,100047,100,99928,100
2019-06-28 09:34:00.000000000,99955,169,99953,169,99980,169,99952,169,100009,169,99951,169,100031,269,99949,169,100035,100,99943,100,100036,100,99937,100,100041,200,99933,100,100042,100,99931,100,100044,100,99930,100,100047,100,99928,100
2019-06-28 09:34:10.000000000,99955,377,99953,377,99980,100,99952,100,100009,100,99951,100,100031,200,99949,100,100035,100,99943,100,100036,100,99937,100,100041,200,99933,100,100042,100,99931,100,100044,100,99930,100,100047,100,99928,100
2019-06-28 09:34:20.000000000,99955,194,99953,194,99980,191,99952,191,100009,191,99951,191,100031,200,99949,100,100035,100,99943,100,100036,100,99937,100,100041,200,99933,100,100042,100,99931,100,100044,100,99930,100,100047,100,99928,100
2019-06-28 09:34:30.000000000,99955,377,99953,377,99980,100,99952,100,100009,100,99951,100,100031,200,99949,100,100035,100,99943,100,100036,100,99937,100,100041,200,99933,100,100042,100,99931,100,100044,100,99930,100,100047,100,99928,100
2019-06-28 09:34:40.000000000,99955,169,99953,169,99980,169,99952,169,100009,169,99951,169,100031,269,99949,169,100035,100,99943,100,100036,100,99937,100,100041,200,99933,100,100042,100,99931,100,100044,100,99930,100,100047,100,99928,100
2019-06-28 09:34:42.260642152,99955,169,99953,69,99980,169,99952,169,100009,169,99951,169,100031,269,99949,169,100035,100,99943,100,100036,100,99937,100,100041,200,99933,100,100042,100,99931,100,100044,100,99930,100,100060,100,99928,100
2019-06-28 09:34:50.000000000,99955,238,99952,238,99980,238,99951,238,100009,100,99949,100,100031,200,99943,100,100035,100,99937,100,100036,100,99933,100,100041,200,99931,100,100042,100,99930,100,100044,100,99928,100,100060,100,99924,100
2019-06-28 09:35:00.000000000,99955,238,99952,238,99980,238,99951,238,100009,100,99949,100,100031,200,99943,100,100035,100,99937,100,100036,100,99933,100,100041,200,99931,100,100042,100,99930,100,100044,100,99928,100,100060,100,99924,100
2019-06-28 09:35:10.000000000,99955,377,99952,377,99980,100,99951,100,100009,100,99949,100,100031,200,99943,100,100035,100,99937,100,100036,100,99933,100,100041,200,99931,100,100042,100,99930,100,100044,100,99928,100,100060,100,99924,100
2019-06-28 09:35:10.838205987,99954,100,99952,377,99955,377,99951,100,99980,100,99949,100,100009,100,99943,100,100031,200,99933,100,100035,100,99931,100,100036,100,99930,100,100041,200,99928,100,100042,100,99924,100,100044,100,99917,100
2019-06-28 09:35:20.000000000,99954,194,99952,194,99955,191,99951,191,99980,191,99949,191,100009,100,99943,100,100031,200,99933,100,100035,100,99931,100,100036,100,99930,100,100041,200,99928,100,100042,100,99924,100,100044,100,99917,100
2019-06-28 09:35:30.000000000,99954,169,99952,169,99955,169,99951,169,99980,169,99949,169,100009,169,99943,169,100031,200,99933,100,100035,100,99931,100,100036,100,99930,100,100041,200,99928,100,100042,100,99924,100,100044,100,99917,100
2019-06-28 09:35:35.116268170,99954,169,99952,169,99955,169,99951,169,99980,169,99949,169,100009,69,99943,169,100031,200,99933,100,100035,100,99931,100,100036,100,99930,100,100041,200,99928,100,100042,100,99924,100,100044,100,99917,100
2019-06-28 09:35:40.000000000,99954,194,99952,194,99955,191,99951,191,99980,191,99949,191,100031,200,99943,100,100035,100,99933,100,100036,100,99931,100,100041,200,99930,100,100042,100,99928,100,100044,100,99924,100,100060,100,99917,100
2019-06-28 09:35:50.000000000,99954,169,99952,169,99955,169,99951,169,99980,169,99949,169,100031,269,99943,169,100035,100,99933,100,100036,100,99931,100,100041,200,99930,100,100042,100,99928,100,100044,100,99924,100,100060,100,99917,100
2019-06-28 09:36:00.000000000,99954,169,99952,169,99955,169,99951,169,99980,169,99949,169,100031,269,99943,169,100035,100,99933,100,100036,100,99931,100,100041,200,99930,100,100042,100,99928,100,100044,100,99924,100,100060,100,99917,100
2019-06-28 09:36:01.980345705,99954,169,99952,69,99955,169,99951,169,99980,169,99949,169,100031,269,99943,169,100035,100,99933,100,100036,100,99931,100,100041,200,99930,100,100042,100,99928,100,100044,100,99924,100,100060,100,99917,100
2019-06-28 09:36:08.588913238,99954,169,99952,69,99955,169,99951,169,99980,169,99949,169,100031,269,99943,169,100035,100,99933,100,100036,100,99931,100,100041,200,99930,100,100042,100,99928,100,100044,100,99924,100,100060,100,99917,100
2019-06-28 09:36:10.000000000,99954,238,99951,238,99955,238,99949,238,99980,100,99943,100,100031,200,99933,100,100035,100,99931,100,100036,100,99930,100,100041,200,99928,100,100042,100,99924,100,100044,100,99917,100,100060,100,99914,100
2019-06-28 09:36:13.157390143,99954,238,99951,238,99955,238,99949,238,99980,100,99943,100,100031,200,99933,100,100035,100,99931,100,100036,100,99930,100,100041,200,99928,100,100042,100,99924,100,100044,100,99917,100,100060,100,99914,100
2019-06-28 09:36:20.000000000,99954,194,99951,194,99955,191,99949,191,99980,191,99943,191,100031,200,99933,100,100035,100,99931,100,100036,100,99930,100,100041,200,99928,100,100042,100,99924,100,100044,100,99917,100,100060,100,99914,100
2019-06-28 09:36:23.159270730,99954,194,99951,94,99955,191,99949,191,99980,191,99943,191,100031,200,99933,100,100035,100,99931,100,100036,100,99930,100,100041,200,99928,100,100042,100,99924,100,100044,100,99917,100,100060,100,99914,100
2019-06-28 09:36:27.749597754,99951,6,99949,191,99954,194,99943,191,99955,191,99933,100,99980,191,99931,100,100031,200,99930,100,100035,100,99928,100,100036,100,99924,100,100041,200,99917,100,100042,100,99914,100,100044,100,99910,200
2019-06-28 09:36:27.805940433,99951,6,99949,191,99954,194,99943,191,99955,191,99933,100,99980,191,99931,100,100031,200,99930,100,100035,100,99928,100,100036,100,99924,100,100041,200,99917,100,100042,100,99914,100,100044,100,99910,200
2019-06-28 09:36:30.000000000,99951,144,99949,238,99954,238,99943,238,99955,100,99933,100,99980,100,99931,100,100031,200,99930,100,100035,100,99928,100,100036,100,99924,100,100041,200,99917,100,100042,100,99914,100,100044,100,99910,200
2019-06-28 09:36:37.058223956,99951,144,99949,138,99954,238,99943,238,99955,100,99933,100,99980,100,99931,100,100031,200,99930,100,100035,100,99928,100,100036,100,99924,100,100041,200,99917,100,100042,100,99914,100,100044,100,99910,200
2019-06-28 09:36:40.000000000,99951,283,99943,377,99954,100,99933,100,99955,100,99931,100,99980,100,99930,100,100031,200,99928,100,100035,100,99924,100,100036,100,99917,100,100041,200,99914,100,100042,100,99910,200,100044,100,99902,100
2019-06-28 09:36:50.000000000,99951,61,99943,155,99954,155,99933,155,99955,155,99931,155,99980,155,99930,155,100031,255,99928,155,100035,100,99924,100,100036,100,99917,100,100041,200,99914,100,100042,100,99910,200,100044,100,99902,100
2019-06-28 09:37:00.000000000,99951,144,99943,238,99954,238,99933,238,99955,100,99931,100,99980,100,99930,100,100031,200,99928,100,100035,100,99924,100,100036,100,99917,100,100041,200,99914,100,100042,100,99910,200,100044,100,99902,100
2019-06-28 09:37:10.000000000,99951,75,99943,169,99954,169,99933,169,99955,169,99931,169,99980,169,99930,169,100031,200,99928,100,100035,100,99924,100,100036,100,99917,100,100041,200,99914,100,100042,100,99910,200,100044,100,99902,100
2019-06-28 09:37:20.000000000,99951,283,99943,377,99954,100,99933,100,99955,100,99931,100,99980,100,99930,100,100031,200,99928,100,100035,100,99924,100,100036,100,99917,100,100041,200,99914,100,100042,100,99910,200,100044,100,99902,100
2019-06-28 09:37:30.000000000,99951,75,99943,169,99954,169,99933,169,99955,169,99931,169,99980,169,99930,169,100031,200,99928,100,100035,100,99924,100,100036,100,99917,100,100041,200,99914,100,100042,100,99910,200,100044,100,99902,100
2019-06-28 09:37:31.570941590,99951,75,99943,69,99954,169,99933,169,99955,169,99931,169,99980,169,99930,169,100031,200,99928,100,100035,100,99924,100,100036,100,99917,100,100041,200,99914,100,100042,100,99910,200,100044,100,99902,100
2019-06-28 09:37:40.000000000,99951,75,99933,169,99954,169,99931,169,99955,169,99930,169,99980,169,99928,169,100031,200,99924,100,100035,100,99917,100,100036,100,99914,100,100041,200,99910,200,100042,100,99902,100,100044,100,99881,100
2019-06-28 09:37:44.905202626,99951,75,99933,69,99954,169,99931,169,99955,169,99930,169,99980,169,99928,169,100031,200,99924,100,100035,100,99917,100,100036,100,99914,100,100041,200,99910,200,100042,100,99902,100,100044,100,99881,100
2019-06-28 09:37:50.000000000,99951,61,99931,155,99954,155,99930,155,99955,155,99928,155,99980,155,99924,155,100031,255,99917,155,100035,100,99914,100,100036,100,99910,200,100041,200,99902,100,100042,100,99881,100,100044,100,99879,100
2019-06-28 09:38:00.000000000,99951,144,99931,238,99954,238,99930,238,99955,100,99928,100,99980,100,99924,100,100031,200,99917,100,100035,100,99914,100,100036,100,99910,200,100041,200,99902,100,100042,100,99881,100,100044,100,99879,100
2019-06-28 09:38:10.000000000,99951,283,99931,377,99954,100,99930,100,99955,100,99928,100,99980,100,99924,100,100031,200,99917,100,100035,100,99914,100,100036,100,99910,200,100041,200,99902,100,100042,100,99881,100,100044,100,99879,100
2019-06-28 09:38:20.000000000,99951,100,99931,194,99954,191,99930,191,99955,191,99928,191,99980,100,99924,100,100031,200,99917,100,100035,100,99914,100,100036,100,99910,200,100041,200,99902,100,100042,100,99881,100,100044,100,99879,100
2019-06-28 09:38:24.265207279,99951,100,99931,94,99954,191,99930,191,99955,191,99928,191,99980,100,99924,100,100031,200,99917,100,100035,100,99914,100,100036,100,99910,200,100041,200,99902,100,100042,100,99881,100,100044,100,99879,100
2019-06-28 09:38:30.000000000,99951,144,99930,238,99954,238,99928,238,99955,100,99924,100,99980,100,99917,100,100031,200,99914,100,100035,100,99910,200,100036,100,99902,100,100041,200,99881,100,100042,100,99879,100,100044,100,99871,100
2019-06-28 09:38:34.798311630,99951,144,99930,138,99954,238,99928,238,99955,100,99924,100,99980,100,99917,100,100031,200,99914,100,100035,100,99910,200,100036,100,99902,100,100041,200,99881,100,100042,100,99879,100,100044,100,99871,100
2019-06-28 09:38:40.000000000,99951,75,99928,169,99954,169,99924,169,99955,169,99917,169,99980,169,99914,169,100031,200,99910,200,100035,100,99902,100,100036,100,99881,100,100041,200,99879,100,100042,100,99871,100,100044,100,99868,100
2019-06-28 09:38:50.000000000,99951,61,99928,155,99954,155,99924,155,99955,155,99917,155,99980,155,99914,155,100031,255,99910,255,100035,100,99902,100,100036,100,99881,100,100041,200,99879,100,100042,100,99871,100,100044,100,99868,100
2019-06-28 09:39:00.000000000,99951,61,99928,155,99954,155,99924,155,99955,155,99917,155,99980,155,99914,155,100031,255,99910,255,100035,100,99902,100,100036,100,99881,100,100041,200,99879,100,100042,100,99871,100,100044,100,99868,100
2019-06-28 09:39:00.986466675,99951,61,99928,155,99954,155,99924,155,99955,155,99917,155,99980,155,99914,155,100031,255,99910,255,100035,100,99902,100,100036,100,99881,100,100041,200,99879,100,100042,100,99871,100,100044,100,99868,100
2019-06-28 09:39:10.000000000,99951,100,99928,194,99954,191,99924,191,99955,191,99917,191,99980,100,99914,100,100031,200,99910,200,100035,100,99902,100,100036,100,99881,100,100041,200,99879,100,100042,100,99871,100,100044,100,99868,100
2019-06-28 09:39:19.359964676,99951,100,99928,94,99954,191,99924,191,99955,191,99917,191,99980,100,99914,100,100031,200,99910,200,100035,100,99902,100,100036,100,99881,100,100041,200,99879,100,100042,100,99871,100,100044,100,99868,100
2019-06-28 09:39:20.000000000,99951,100,99924,194,99954,191,99917,191,99955,191,99914,191,99980,100,99910,200,100031,200,99902,100,100035,100,99881,100,100036,100,99879,100,100041,200,99871,100,100042,100,99868,100,100044,100,99856,100
2019-06-28 09:39:30.000000000,99951,283,99924,377,99954,100,99917,100,99955,100,99914,100,99980,100,99910,200,100031,200,99902,100,100035,100,99881,100,100036,100,99879,100,100041,200,99871,100,100042,100,99868,100,100044,100,99856,100
2019-06-28 09:39:40.000000000,99951,75,99924,169,99954,169,99917,169,99955,169,99914,169,99980,169,99910,269,100031,200,99902,100,100035,100,99881,100,100036,100,99879,100,100041,200,99871,100,100042,100,99868,100,100044,100,99856,100
2019-06-28 09:39:50.000000000,99951,144,99924,238,99954,238,99917,238,99955,100,99914,100,99980,100,99910,200,100031,200,99902,100,100035,100,99881,100,100036,100,99879,100,100041,200,99871,100,100042,100,99868,100,100044,100,99856,100
2019-06-28 09:40:00.000000000,99951,100,99924,194,99954,191,99917,191,99955,191,99914,191,99980,100,99910,200,100031,200,99902,100,100035,100,99881,100,100036,100,99879,100,100041,200,99871,100,100042,100,99868,100,100044,100,99856,100
2019-06-28 09:40:10.000000000,99951,75,99924,169,99954,169,99917,169,99955,169,99914,169,99980,169,99910,269,100031,200,99902,100,100035,100,99881,100,100036,100,99879,100,100041,200,99871,100,100042,100,99868,100,100044,100,99856,100
2019-06-28 09:40:17.656582338,99951,75,99924,69,99954,169,99917,169,99955,169,99914,169,99980,169,99910,169,100031,200,99902,100,100035,100,99881,100,100036,100,99879,100,100041,200,99871,100,100042,100,99868,100,100044,100,99856,100
2019-06-28 09:40:19.068945578,99951,75,99924,69,99954,169,99917,169,99955,169,99914,169,99980,69,99910,169,100031,200,99902,100,100035,100,99881,100,100036,100,99879,100,100041,200,99871,100,100042,100,99868,100,100044,100,99856,100
2019-06-28 09:40:19.176921713,99928,100,99924,69,99951,75,99917,169,99954,69,99914,169,99955,169,99910,169,99980,69,99902,100,100031,200,99881,100,100035,100,99879,100,100036,100,99871,100,100041,200,99868,100,100042,100,99856,100
2019-06-28 09:40:20.000000000,99928,377,99917,377,99951,6,99914,100,99955,100,99910,100,100031,200,99902,100,100035,100,99881,100,100036,100,99879,100,100041,200,99871,100,100042,100,99868,100,100044,100,99856,100,100060,100,99855,100
2019-06-28 09:40:30.000000000,99928,155,99917,155,99951,61,99914,155,99955,155,99910,155,100031,255,99902,155,100035,155,99881,155,100036,100,99879,100,100041,200,99871,100,100042,100,99868,100,100044,100,99856,100,100060,100,99855,100
2019-06-28 09:40:33.597034709,99928,155,99917,155,99951,55,99914,155,99955,155,99910,155,100031,255,99902,155,100035,155,99881,155,100036,100,99879,100,100041,200,99871,100,100042,100,99868,100,100044,100,99856,100,100060,100,99855,100
2019-06-28 09:40:40.000000000,99928,194,99917,194,99955,191,99914,191,100031,291,99910,191,100035,100,99902,100,100036,100,99881,100,100041,200,99879,100,100042,100,99871,100,100044,100,99868,100,100060,100,99856,100,100067,100,99855,100
2019-06-28 09:40:46.525552394,99928,194,99917,194,99955,191,99914,191,100031,291,99910,191,100035,100,99902,100,100036,100,99881,100,100041,200,99879,100,100042,100,99871,100,100044,100,99868,100,100060,100,99856,100,100067,100,99855,100
2019-06-28 09:40:50.000000000,99928,155,99917,155,99955,155,99914,155,100031,255,99910,155,100035,155,99902,155,100036,155,99881,155,100041,200,99879,100,100042,100,99871,100,100044,100,99868,100,100060,100,99856,100,100067,100,99855,100
2019-06-28 09:41:00.000000000,99928,155,99917,155,99955,155,99914,155,100031,255,99910,155,100035,155,99902,155,100036,155,99881,155,100041,200,99879,100,100042,100,99871,100,100044,100,99868,100,100060,100,99856,100,100067,100,99855,100
2019-06-28 09:41:10.000000000,99928,194,99917,194,99955,191,99914,191,100031,291,99910,191,100035,100,99902,100,100036,100,99881,100,100041,200,99879,100,100042,100,99871,100,100044,100,99868,100,100060,100,99856,100,100067,100,99855,100
2019-06-28 09:41:15.488926827,99928,194,99917,94,99955,191,99914,191,100031,291,99910,191,100035,100,99902,100,100036,100,99879,100,100041,200,99871,100,100042,100,99868,100,100044,100,99856,100,100060,100,99855,100,100067,100,99844,100
2019-06-28 09:41:20.000000000,99928,169,99914,169,99955,169,99910,169,100031,269,99902,169,100035,169,99879,169,100036,100,99871,100,100041,200,99868,100,100042,100,99856,100,100044,100,99855,100,100060,100,99844,100,100067,100,99838,100
2019-06-28 09:41:30.000000000,99928,155,99914,155,99955,155,99910,155,100031,255,99902,155,100035,155,99879,155,100036,155,99871,155,100041,200,99868,100,100042,100,99856,100,100044,100,99855,100,100060,100,99844,100,100067,100,99838,100
2019-06-28 09:41:40.000000000,99928,194,99914,194,99955,191,99910,191,100031,291,99902,191,100035,100,99879,100,100036,100,99871,100,100041,200,99868,100,100042,100,99856,100,100044,100,99855,100,100060,100,99844,100,100067,100,99838,100
2019-06-28 09:41:50.000000000,99928,155,99914,155,99955,155,99910,155,100031,255,99902,155,100035,155,99879,155,100036,155,99871,155,100041,200,99868,100,100042,100,99856,100,100044,100,99855,100,100060,100,99844,100,100067,100,99838,100
2019-06-28 09:42:00.000000000,99928,169,99914,169,99955,169,99910,169,100031,269,99902,169,100035,169,99879,169,100036,100,99871,100,100041,200,99868,100,100042,100,99856,100,100044,100,99855,100,100060,100,99844,100,100067,100,99838,100
2019-06-28 09:42:10.000000000,99928,194,99914,194,99955,191,99910,191,100031,291,99902,191,100035,100,99879,100,100036,100,99871,100,100041,200,99868,100,100042,100,99856,100,100044,100,99855,100,100060,100,99844,100,100067,100,99838,100
2019-06-28 09:42:16.490697924,99928,194,99914,194,99955,191,99910,191,100031,291,99902,191,100035,100,99879,100,100036,100,99871,100,100041,200,99868,100,100042,100,99856,100,100044,100,99855,100,100060,100,99844,100,100067,100,99838,100
2019-06-28 09:42:17.881302936,99928,194,99925,100,99955,191,99914,194,100031,291,99910,191,100035,100,99902,191,100036,100,99879,100,100041,200,99871,100,100042,100,99868,100,100044,100,99856,100,100060,100,99855,100,100067,100,99844,100
2019-06-28 09:42:20.000000000,99928,377,99925,377,99955,100,99914,100,100031,200,99910,100,100035,100,99902,100,100036,100,99879,100,100041,200,99871,100,100042,100,99868,100,100044,100,99856,100,100060,100,99855,100,100067,100,99844,100
2019-06-28 09:42:27.022576030,99928,377,99925,377,99955,100,99914,100,100031,200,99910,100,100035,100,99902,100,100036,100,99879,100,100041,200,99871,100,100042,100,99868,100,100044,100,99856,100,100060,100,99855,100,100067,100,99844,100
2019-06-28 09:42:30.000000000,99928,194,99925,194,99955,191,99914,191,100031,291,99910,191,100035,100,99902,100,100036,100,99879,100,100041,200,99871,100,100042,100,99868,100,100044,100,99856,100,100060,100,99855,100,100067,100,99844,100
2019-06-28 09:42:30.846273545,99928,194,99925,294,99955,191,99914,191,100031,291,99910,191,100035,100,99902,100,100036,100,99879,100,100041,200,99871,100,100042,100,99868,100,100044,100,99856,100,100060,100,99855,100,100067,100,99844,100
2019-06-28 09:42:40.000000000,99928,377,99925,477,99955,100,99914,100,100031,200,99910,100,100035,100,99902,100,100036,100,99879,100,100041,200,99871,100,100042,100,99868,100,100044,100,99856,100,100060,100,99855,100,100067,100,99844,100
2019-06-28 09:42:41.031951174,99928,277,99925,477,99955,100,99914,100,100031,200,99910,100,100035,100,99902,100,100036,100,99879,100,100041,200,99871,100,100042,100,99856,100,100044,100,99855,100,100060,100,99844,100,100067,100,99838,100
2019-06-28 09:42:50.000000000,99955,238,99925,338,100031,338,99914,238,100035,100,99910,100,100036,100,99902,100,100041,200,99879,100,100042,100,99871,100,100044,100,99856,100,100060,100,99855,100,100067,100,99844,100,100069,100,99838,100
2019-06-28 09:42:56.213920954,99955,238,99926,100,100031,338,99925,338,100035,100,99914,238,100036,100,99910,100,100041,200,99902,100,100042,100,99879,100,100044,100,99871,100,100060,100,99856,100,100067,100,99855,100,100069,100,99844,100
2019-06-28 09:43:00.000000000,99955,169,99926,169,100031,269,99925,269,100035,169,99914,169,100036,169,99910,169,100041,200,99902,100,100042,100,99879,100,100044,100,99871,100,100060,100,99856,100,100067,100,99855,100,100069,100,99844,100
2019-06-28 09:43:04.512419518,99955,69,99926,169,100031,269,99925,269,100035,169,99914,169,100036,169,99910,169,100041,200,99902,100,100042,100,99879,100,100044,100,99871,100,100060,100,99856,100,100069,100,99855,100,100093,100,99844,100
2019-06-28 09:43:10.000000000,100031,255,99926,155,100035,155,99925,255,100036,155,99914,155,100041,255,99910,155,100042,155,99902,155,100044,100,99879,100,100060,100,99871,100,100069,100,99856,100,100093,100,99855,100,100104,100,99844,100
2019-06-28 09:43:20.000000000,100031,477,99926,377,100035,100,99925,200,100036,100,99914,100,100041,200,99910,100,100042,100,99902,100,100044,100,99879,100,100060,100,99871,100,100069,100,99856,100,100093,100,99855,100,100104,100,99844,100
2019-06-28 09:43:30.000000000,100031,338,99926,238,100035,238,99925,338,100036,100,99914,100,100041,200,99910,100,100042,100,99902,100,100044,100,99879,100,100060,100,99871,100,100069,100,99856,100,100093,100,99855,100,100104,100,99844,100
2019-06-28 09:43:40.000000000,100031,477,99926,377,100035,100,99925,200,100036,100,99914,100,100041,200,99910,100,100042,100,99902,100,100044,100,99879,100,100060,100,99871,100,100069,100,99856,100,100093,100,99855,100,100104,100,99844,100
2019-06-28 09:43:50.000000000,100031,269,99926,169,100035,169,99925,269,100036,169,99914,169,100041,269,99910,169,100042,100,99902,100,100044,100,99879,100,100060,100,99871,100,100069,100,99856,100,100093,100,99855,100,100104,100,99844,100
2019-06-28 09:44:00.000000000,100031,477,99926,377,100035,100,99925,200,100036,100,99914,100,100041,200,99910,100,100042,100,99902,100,100044,100,99879,100,100060,100,99871,100,100069,100,99856,100,100093,100,99855,100,100104,100,99844,100
2019-06-28 09:44:10.000000000,100031,338,99926,238,100035,238,99925,338,100036,100,99914,100,100041,200,99910,100,100042,100,99902,100,100044,100,99879,100,100060,100,99871,100,100069,100,99856,100,100093,100,99855,100,100104,100,99844,100
2019-06-28 09:44:20.000000000,100031,338,99926,238,100035,238,99925,338,100036,100,99914,100,100041,200,99910,100,100042,100,99902,100,100044,100,99879,100,100060,100,99871,100,100069,100,99856,100,100093,100,99855,100,100104,100,99844,100
2019-06-28 09:44:26.585512112,100031,338,99926,238,100035,238,99925,338,100036,100,99914,100,100041,200,99910,100,100042,100,99902,100,100044,100,99879,100,100060,100,99871,100,100069,100,99856,100,100093,100,99855,100,100109,100,99844,100
2019-06-28 09:44:30.000000000,100031,269,99926,169,100035,169,99925,269,100036,169,99914,169,100041,269,99910,169,100042,100,99902,100,100044,100,99879,100,100060,100,99871,100,100069,100,99856,100,100093,100,99855,100,100109,100,99844,100
2019-06-28 09:44:37.729613372,100031,269,99926,169,100035,169,99925,269,100036,169,99914,169,100041,269,99910,169,100042,100,99902,100,100044,100,99879,100,100060,100,99871,100,100069,100,99856,100,100093,100,99855,100,100109,100,99844,100
2019-06-28 09:44:39.834568307,100031,269,99926,169,100035,169,99925,269,100036,169,99914,169,100041,269,99910,169,100042,100,99902,100,100044,100,99879,100,100060,100,99871,100,100069,100,99856,200,100093,100,99855,100,100109,100,99844,100
2019-06-28 09:44:40.000000000,100031,255,99926,155,100035,155,99925,255,100036,155,99914,155,100041,255,99910,155,100042,155,99902,155,100044,100,99879,100,100060,100,99871,100,100069,100,99856,200,100093,100,99855,100,100109,100,99844,100
2019-06-28 09:44:50.000000000,100031,338,99926,238,100035,238,99925,338,100036,100,99914,100,100041,200,99910,100,100042,100,99902,100,100044,100,99879,100,100060,100,99871,100,100069,100,99856,200,100093,100,99855,100,100109,100,99844,100
2019-06-28 09:44:50.240105052,99927,100,99926,238,100031,338,99925,338,100035,238,99914,100,100036,100,99910,100,100041,200,99902,100,100042,100,99879,100,100044,100,99871,100,100060,100,99856,200,100069,100,99855,100,100093,100,99844,100
2019-06-28 09:45:00.000000000,99927,377,99926,377,100031,200,99925,200,100035,100,99914,100,100036,100,99910,100,100041,200,99902,100,100042,100,99879,100,100044,100,99871,100,100060,100,99856,200,100069,100,99855,100,100093,100,99844,100
2019-06-28 09:45:10.000000000,99927,169,99926,169,100031,269,99925,269,100035,169,99914,169,100036,169,99910,169,100041,200,99902,100,100042,100,99879,100,100044,100,99871,100,100060,100,99856,200,100069,100,99855,100,100093,100,99844,100
2019-06-28 09:45:20.000000000,99927,194,99926,194,100031,291,99925,291,100035,191,99914,191,100036,100,99910,100,100041,200,99902,100,100042,100,99879,100,100044,100,99871,100,100060,100,99856,200,100069,100,99855,100,100093,100,99844,100
2019-06-28 09:45:30.000000000,99927,169,99926,169,100031,269,99925,269,100035,169,99914,169,100036,169,99910,169,100041,200,99902,100,100042,100,99879,100,100044,100,99871,100,100060,100,99856,200,100069,100,99855,100,100093,100,99844,100
2019-06-28 09:45:30.708484658,99927,69,99926,169,100031,269,99925,269,100035,169,99914,169,100036,169,99910,169,100041,200,99902,100,100042,100,99879,100,100044,100,99871,100,100060,100,99856,200,100069,100,99844,100,100093,100,99838,100
2019-06-28 09:45:40.000000000,100031,255,99926,155,100035,155,99925,255,100036,155,99914,155,100041,255,99910,155,100042,155,99902,155,100044,100,99879,100,100060,100,99871,100,100069,100,99856,200,100093,100,99844,100,100109,100,99838,100
2019-06-28 09:45:46.158470068,99954,100,99926,155,100031,255,99925,255,100035,155,99914,155,100036,155,99910,155,100041,255,99902,155,100042,155,99879,100,100044,100,99871,100,100060,100,99856,200,100069,100,99844,100,100093,100,99838,100
2019-06-28 09:45:50.000000000,99954,377,99926,377,100031,200,99925,200,100035,100,99914,100,100036,100,99910,100,100041,200,99902,100,100042,100,99879,100,100044,100,99871,100,100060,100,99856,200,100069,100,99844,100,100093,100,99838,100
2019-06-28 09:45:50.367299807,99954,377,99926,277,100031,200,99925,200,100035,100,99914,100,100036,100,99910,100,100041,200,99902,100,100042,100,99879,100,100044,100,99871,100,100060,100,99856,200,100069,100,99844,100,100093,100,99838,100
2019-06-28 09:46:00.000000000,99954,238,99925,338,100031,338,99914,238,100035,100,99910,100,100036,100,99902,100,100041,200,99879,100,100042,100,99871,100,100044,100,99856,200,100060,100,99844,100,100069,100,99838,100,100093,100,99837,100
2019-06-28 09:46:05.542828063,99954,138,99925,338,100031,338,99914,238,100035,100,99910,100,100036,100,99902,100,100041,200,99879,100,100042,100,99871,100,100044,100,99856,200,100060,100,99844,100,100069,100,99838,100,100093,100,99837,100
2019-06-28 09:46:07.789398658,99954,38,99925,338,100031,338,99914,238,100035,100,99910,100,100036,100,99902,100,100041,200,99879,100,100042,100,99871,100,100044,100,99856,200,100060,100,99844,100,100069,100,99838,100,100093,100,99837,100
2019-06-28 09:46:10.000000000,100031,294,99925,294,100035,191,99914,191,100036,191,99910,191,100041,200,99902,100,100042,100,99879,100,100044,100,99871,100,100060,100,99856,200,100069,100,99844,100,100093,100,99838,100,100109,100,99837,100
2019-06-28 09:46:13.025960163,99997,100,99925,294,100031,294,99914,191,100035,191,99910,191,100036,191,99902,100,100041,200,99879,100,100042,100,99871,100,100044,100,99856,200,100060,100,99844,100,100069,100,99838,100,100093,100,99837,100
2019-06-28 09:46:15.414461172,99997,100,99925,294,100031,294,99914,191,100035,191,99910,191,100036,191,99902,100,100041,200,99879,100,100042,100,99871,100,100044,100,99856,200,100060,100,99844,100,100069,100,99838,100,100093,100,99837,100
2019-06-28 09:46:15.865231538,99935,100,99925,294,99997,100,99914,191,100031,294,99910,191,100035,191,99902,100,100036,191,99879,100,100041,200,99871,100,100042,100,99856,200,100044,100,99844,100,100060,100,99838,100,100069,100,99837,100
2019-06-28 09:46:20.000000000,99935,238,99925,338,99997,238,99914,238,100031,200,99910,100,100035,100,99902,100,100036,100,99879,100,100041,200,99871,100,100042,100,99856,200,100044,100,99844,100,100060,100,99838,100,100069,100,99837,100
2019-06-28 09:46:24.441454065,99935,138,99925,338,99997,238,99914,238,100031,200,99910,100,100035,100,99902,100,100036,100,99879,100,100041,200,99871,100,100042,100,99856,200,100044,100,99844,100,100060,100,99838,100,100069,100,99837,100
2019-06-28 09:46:24.815094484,99935,138,99925,338,99938,100,99914,238,99997,238,99910,100,100031,200,99902,100,100035,100,99879,100,100036,100,99871,100,100041,200,99856,200,100042,100,99844,100,100044,100,99838,100,100060,100,99837,100
2019-06-28 09:46:30.000000000,99938,155,99925,255,99997,155,99914,155,100031,255,99910,155,100035,155,99902,155,100036,155,99879,155,100041,200,99871,100,100042,100,99856,200,100044,100,99844,100,100060,100,99838,100,100069,100,99837,100
2019-06-28 09:46:40.000000000,99938,238,99925,338,99997,238,99914,238,100031,200,99910,100,100035,100,99902,100,100036,100,99879,100,100041,200,99871,100,100042,100,99856,200,100044,100,99844,100,100060,100,99838,100,100069,100,99837,100
2019-06-28 09:46:41.100846244,99938,138,99925,338,99997,238,99914,238,100031,200,99910,100,100035,100,99902,100,100036,100,99879,100,100041,200,99871,100,100042,100,99856,200,100044,100,99844,100,100060,100,99838,100,100069,100,99837,100
2019-06-28 09:46:46.917313260,99938,138,99935,100,99997,238,99925,338,100031,200,99914,238,100035,100,99910,100,100036,100,99902,100,100041,200,99879,100,100042,100,99871,100,100044,100,99856,200,100060,100,99844,100,100069,100,99838,100
2019-06-28 09:46:50.000000000,99997,155,99935,155,100031,255,99925,255,100035,155,99914,155,100036,155,99910,155,100041,255,99902,155,100042,100,99879,100,100044,100,99871,100,100060,100,99856,200,100069,100,99844,100,100093,100,99838,100
2019-06-28 09:46:59.346889575,99997,155,99935,155,100031,255,99925,255,100035,155,99914,155,100036,155,99910,155,100041,255,99902,155,100042,100,99879,100,100044,100,99871,100,100060,100,99856,200,100069,100,99844,100,100093,100,99838,100
2019-06-28 09:47:00.000000000,99997,238,99935,238,100031,338,99925,338,100035,100,99914,100,100036,100,99910,100,100041,200,99902,100,100042,100,99879,100,100044,100,99871,100,100060,100,99856,200,100069,100,99844,100,100093,100,99838,100
2019-06-28 09:47:08.365186140,99997,238,99935,338,100031,338,99925,338,100035,100,99914,100,100036,100,99910,100,100041,200,99902,100,100042,100,99879,100,100044,100,99871,100,100060,100,99856,200,100069,100,99844,100,100093,100,99838,100
2019-06-28 09:47:10.000000000,99997,194,99935,294,100031,291,99925,291,100035,191,99914,191,100036,100,99910,100,100041,200,99902,100,100042,100,99879,100,100044,100,99871,100,100060,100,99856,200,100069,100,99844,100,100093,100,99838,100
2019-06-28 09:47:20.000000000,99997,238,99935,338,100031,338,99925,338,100035,100,99914,100,100036,100,99910,100,100041,200,99902,100,100042,100,99879,100,100044,100,99871,100,100060,100,99856,200,100069,100,99844,100,100093,100,99838,100
2019-06-28 09:47:26.299060838,99997,238,99935,438,100031,338,99925,338,100035,100,99914,100,100036,100,99910,100,100041,100,99902,100,100042,100,99879,100,100044,100,99871,100,100060,100,99856,200,100069,100,99844,100,100093,100,99838,100
2019-06-28 09:47:30.000000000,99997,238,99935,438,100031,338,99925,338,100035,100,99914,100,100036,100,99910,100,100041,100,99902,100,100042,100,99879,100,100044,100,99871,100,100060,100,99856,200,100069,100,99844,100,100093,100,99838,100
2019-06-28 09:47:31.562394963,99997,238,99935,438,100031,338,99925,338,100035,100,99914,100,100036,100,99910,100,100041,100,99902,100,100042,100,99879,100,100044,100,99871,100,100060,100,99856,200,100069,100,99844,100,100093,100,99838,100
2019-06-28 09:47:40.000000000,99997,169,99935,369,100031,269,99925,269,100035,169,99914,169,100036,169,99910,169,100041,100,99902,100,100042,100,99879,100,100044,100,99871,100,100060,100,99856,200,100069,100,99844,100,100093,100,99838,100
2019-06-28 09:47:50.000000000,99997,377,99935,577,100031,200,99925,200,100035,100,99914,100,100036,100,99910,100,100041,100,99902,100,100042,100,99879,100,100044,100,99871,100,100060,100,99856,200,100069,100,99844,100,100093,100,99838,100
2019-06-28 09:47:52.171200955,99997,377,99935,677,100031,200,99925,200,100035,100,99914,100,100036,100,99910,100,100041,100,99902,100,100042,100,99879,100,100044,100,99871,100,100060,100,99856,200,100069,100,99844,100,100093,100,99838,100
2019-06-28 09:47:59.244129791,99997,377,99935,677,100031,200,99925,200,100035,100,99914,100,100036,100,99910,100,100041,100,99902,100,100042,100,99879,100,100044,100,99871,100,100060,100,99856,200,100069,100,99844,100,100093,100,99838,100
2019-06-28 09:48:00.000000000,99997,169,99935,469,100031,269,99925,269,100035,169,99914,169,100036,169,99910,169,100041,100,99902,100,100042,100,99879,100,100044,100,99871,100,100060,100,99856,200,100069,100,99844,100,100093,100,99838,100
2019-06-28 09:48:04.537055641,99997,69,99935,469,100031,269,99925,269,100035,169,99914,169,100036,169,99910,169,100041,100,99902,100,100042,100,99879,100,100044,100,99871,100,100060,100,99856,200,100069,100,99844,100,100093,100,99838,100
2019-06-28 09:48:10.000000000,100031,477,99935,677,100035,100,99925,200,100036,100,99914,100,100041,100,99910,100,100042,100,99902,100,100044,100,99879,100,100060,100,99871,100,100069,100,99856,200,100093,100,99844,100,100109,100,99838,100
2019-06-28 09:48:20.000000000,100031,269,99935,469,100035,169,99925,269,100036,169,99914,169,100041,169,99910,169,100042,100,99902,100,100044,100,99879,100,100060,100,99871,100,100069,100,99856,200,100093,100,99844,100,100109,100,99838,100
2019-06-28 09:48:25.561563231,100031,169,99935,469,100035,169,99925,269,100036,169,99914,169,100041,169,99910,169,100042,100,99902,100,100044,100,99879,100,100069,100,99871,100,100093,100,99856,200,100109,100,99844,100,100127,100,99838,100
2019-06-28 09:48:25.898559944,100031,169,99935,469,100035,169,99925,269,100036,169,99914,169,100041,169,99910,169,100042,100,99902,100,100044,100,99879,100,100069,100,99871,100,100093,100,99856,200,100109,100,99844,100,100127,100,99838,100
2019-06-28 09:48:30.000000000,100031,155,99935,455,100035,155,99925,255,100036,155,99914,155,100041,155,99910,155,100042,155,99902,155,100044,100,99879,100,100069,100,99871,100,100093,100,99856,200,100109,100,99844,100,100127,100,99838,100
2019-06-28 09:48:31.073897481,100031,55,99935,455,100035,155,99925,255,100036,155,99914,155,100041,155,99910,155,100042,155,99902,155,100044,100,99879,100,100069,100,99871,100,100093,100,99856,200,100109,100,99844,100,100127,100,99838,100
2019-06-28 09:48:39.862822015,100031,55,99935,455,100035,155,99925,255,100036,155,99914,155,100041,155,99910,155,100042,155,99902,155,100044,100,99879,100,100069,100,99871,100,100093,100,99856,200,100109,100,99844,100,100127,100,99838,100
2019-06-28 09:48:40.000000000,100035,169,99935,469,100036,169,99925,269,100041,169,99914,169,100042,169,99910,169,100044,100,99902,100,100069,100,99879,100,100093,100,99871,100,100109,100,99856,200,100127,100,99844,100,100128,100,99838,100
2019-06-28 09:48:50.000000000,100035,377,99935,677,100036,100,99925,200,100041,100,99914,100,100042,100,99910,100,100044,100,99902,100,100069,100,99879,100,100093,100,99871,100,100109,100,99856,200,100127,100,99844,100,100128,100,99838,100
2019-06-28 09:49:00.000000000,100035,238,99935,538,100036,238,99925,338,100041,100,99914,100,100042,100,99910,100,100044,100,99902,100,100069,100,99879,100,100093,100,99871,100,100109,100,99856,200,100127,100,99844,100,100128,100,99838,100
2019-06-28 09:49:03.130499463,100035,238,100031,100,100036,238,99935,538,100041,100,99925,338,100042,100,99914,100,100044,100,99910,100,100069,100,99902,100,100093,100,99879,100,100109,100,99871,100,100127,100,99856,200,100128,100,99844,100
2019-06-28 09:49:10.000000000,100035,377,100031,377,100036,100,99935,400,100041,100,99925,200,100042,100,99914,100,100044,100,99910,100,100069,100,99902,100,100093,100,99879,100,100109,100,99871,100,100127,100,99856,200,100128,100,99844,100
2019-06-28 09:49:20.000000000,100035,169,100031,169,100036,169,99935,469,100041,169,99925,269,100042,169,99914,169,100044,100,99910,100,100069,100,99902,100,100093,100,99879,100,100109,100,99871,100,100127,100,99856,200,100128,100,99844,100
2019-06-28 09:49:30.000000000,100035,155,100031,155,100036,155,99935,455,100041,155,99925,255,100042,155,99914,155,100044,155,99910,155,100069,100,99902,100,100093,100,99879,100,100109,100,99871,100,100127,100,99856,200,100128,100,99844,100
2019-06-28 09:49:40.000000000,100035,238,100031,238,100036,238,99935,538,100041,100,99925,200,100042,100,99914,100,100044,100,99910,100,100069,100,99902,100,100093,100,99879,100,100109,100,99871,100,100127,100,99856,200,100128,100,99844,100
2019-06-28 09:49:50.000000000,100035,155,100031,155,100036,155,99935,455,100041,155,99925,255,100042,155,99914,155,100044,155,99910,155,100069,100,99902,100,100093,100,99879,100,100109,100,99871,100,100127,100,99856,200,100128,100,99844,100
2019-06-28 09:49:50.282062625,100035,155,100031,155,100036,155,99935,455,100041,155,99925,255,100042,155,99914,155,100044,155,99910,155,100069,100,99902,100,100093,100,99879,100,100109,100,99871,100,100127,100,99856,200,100128,100,99844,100
2019-06-28 09:49:53.809569890,100035,155,100031,55,100036,155,99935,455,100041,155,99925,255,100042,155,99914,155,100044,155,99910,155,100069,100,99902,100,100093,100,99879,100,100109,100,99871,100,100127,100,99856,200,100128,100,99844,100
2019-06-28 09:49:55.635630970,100035,155,100031,55,100036,155,99935,455,100041,155,99925,255,100042,155,99914,155,100044,155,99910,155,100069,100,99902,100,100093,100,99879,100,100109,100,99871,100,100127,100,99856,200,100128,100,99844,100
2019-06-28 09:50:00.000000000,100035,169,99935,469,100036,169,99925,269,100041,169,99914,169,100042,169,99910,169,100044,100,99902,100,100069,100,99879,100,100093,100,99871,100,100109,100,99856,200,100127,100,99844,100,100128,100,99838,100
2019-06-28 09:50:03.869324385,100030,100,99935,469,100035,169,99925,269,100036,169,99914,169,100041,169,99910,169,100042,169,99902,100,100044,100,99879,100,100069,100,99871,100,100093,100,99856,200,100109,100,99844,100,100127,100,99838,100
2019-06-28 09:50:10.000000000,100030,238,99935,538,100035,238,99925,338,100036,100,99914,100,100041,100,99910,100,100042,100,99902,100,100044,100,99879,100,100069,100,99871,100,100093,100,99856,200,100109,100,99844,100,100127,100,99838,100
2019-06-28 09:50:20.000000000,100030,377,99935,677,100035,100,99925,200,100036,100,99914,100,100041,100,99910,100,100042,100,99902,100,100044,100,99879,100,100069,100,99871,100,100093,100,99856,200,100109,100,99844,100,100127,100,99838,100
2019-06-28 09:50:30.000000000,100030,155,99935,455,100035,155,99925,255,100036,155,99914,155,100041,155,99910,155,100042,155,99902,155,100044,100,99879,100,100069,100,99871,100,100093,100,99856,200,100109,100,99844,100,100127,100,99838,100
2019-06-28 09:50:33.913816496,100030,255,99935,455,100035,155,99925,255,100036,155,99914,155,100041,155,99910,155,100042,155,99902,155,100044,100,99879,100,100069,100,99871,100,100093,100,99856,200,100109,100,99844,100,100127,100,99838,100
2019-06-28 09:50:40.000000000,100030,294,99935,494,100035,191,99925,291,100036,191,99914,191,100041,100,99910,100,100042,100,99902,100,100044,100,99879,100,100069,100,99871,100,100093,100,99856,200,100109,100,99844,100,100127,100,99838,100
2019-06-28 09:50:50.000000000,100030,294,99935,494,100035,191,99925,291,100036,191,99914,191,100041,100,99910,100,100042,100,99902,100,100044,100,99879,100,100069,100,99871,100,100093,100,99856,200,100109,100,99844,100,100127,100,99838,100
2019-06-28 09:50:55.074696433,100030,394,99935,394,100035,191,99925,291,100036,191,99914,191,100041,100,99910,100,100042,100,99902,100,100044,100,99879,100,100069,100,99871,100,100093,100,99856,200,100109,100,99844,100,100127,100,99838,100
2019-06-28 09:50:56.432168684,100030,394,99935,294,100035,191,99925,291,100036,191,99914,191,100041,100,99910,100,100042,100,99902,100,100044,100,99879,100,100069,100,99871,100,100093,100,99856,200,100109,100,99844,100,100127,100,99838,100
2019-06-28 09:50:57.079923546,100030,394,99935,294,100035,191,99925,291,100036,191,99914,191,100041,100,99910,100,100042,100,99902,100,100044,100,99879,100,100069,100,99871,100,100093,100,99856,200,100109,100,99844,100,100127,100,99838,100
2019-06-28 09:50:58.267358461,100029,100,99935,294,100030,394,99925,291,100035,191,99914,191,100036,191,99910,100,100041,100,99902,100,100042,100,99879,100,100044,100,99871,100,100069,100,99856,200,100093,100,99844,100,100109,100,99838,100
2019-06-28 09:51:00.000000000,100029,238,99935,338,100030,438,99925,338,100035,100,99914,100,100036,100,99910,100,100041,100,99902,100,100042,100,99879,100,100044,100,99871,100,100069,100,99856,200,100093,100,99844,100,100109,100,99838,100
2019-06-28 09:51:07.460988756,100029,238,99935,338,100030,438,99925,338,100035,100,99914,100,100036,100,99910,100,100041,100,99902,100,100042,100,99879,100,100044,100,99871,100,100069,100,99856,200,100093,100,99844,100,100109,100,99838,100
2019-06-28 09:51:10.000000000,100029,238,99935,338,100030,438,99925,338,100035,100,99914,100,100036,100,99910,100,100041,100,99902,100,100042,100,99879,100,100044,100,99871,100,100069,100,99856,200,100093,100,99844,100,100109,100,99838,100
2019-06-28 09:51:20.000000000,100029,377,99935,477,100030,300,99925,200,100035,100,99914,100,100036,100,99910,100,100041,100,99902,100,100042,100,99879,100,100044,100,99871,100,100069,100,99856,200,100093,100,99844,100,100109,100,99838,100
2019-06-28 09:51:30.000000000,100029,238,99935,338,100030,438,99925,338,100035,100,99914,100,100036,100,99910,100,100041,100,99902,100,100042,100,99879,100,100044,100,99871,100,100069,100,99856,200,100093,100,99844,100,100109,100,99838,100
2019-06-28 09:51:40.000000000,100029,169,99935,269,100030,369,99925,269,100035,169,99914,169,100036,169,99910,169,100041,100,99902,100,100042,100,99879,100,100044,100,99871,100,100069,100,99856,200,100093,100,99844,100,100109,100,99838,100
2019-06-28 09:51:42.660606992,100029,69,99935,269,100030,369,99925,269,100035,169,99914,169,100036,169,99910,169,100041,100,99902,100,100042,100,99879,100,100044,100,99871,100,100069,100,99856,200,100093,100,99844,100,100109,100,99838,100
2019-06-28 09:51:50.000000000,100030,369,99935,269,100035,169,99925,269,100036,169,99914,169,100041,169,99910,169,100042,100,99902,100,100044,100,99879,100,100069,100,99871,100,100093,100,99856,200,100109,100,99844,100,100127,100,99838,100
2019-06-28 09:52:00.000000000,100030,577,99935,477,100035,100,99925,200,100036,100,99914,100,100041,100,99910,100,100042,100,99902,100,100044,100,99879,100,100069,100,99871,100,100093,100,99856,200,100109,100,99844,100,100127,100,99838,100
2019-06-28 09:52:10.000000000,100030,394,99935,294,100035,191,99925,291,100036,191,99914,191,100041,100,99910,100,100042,100,99902,100,100044,100,99879,100,100069,100,99871,100,100093,100,99856,200,100109,100,99844,100,100127,100,99838,100
2019-06-28 09:52:16.487827947,100030,394,99935,294,100035,191,99925,291,100036,191,99914,191,100041,100,99910,100,100042,100,99902,100,100044,100,99879,100,100069,100,99871,100,100093,100,99856,200,100109,100,99844,100,100127,100,99838,100
2019-06-28 09:52:20.000000000,100030,355,99935,255,100035,155,99925,255,100036,155,99914,155,100041,155,99910,155,100042,155,99902,155,100044,100,99879,100,100069,100,99871,100,100093,100,99856,200,100109,100,99844,100,100127,100,99838,100
2019-06-28 09:52:30.000000000,100030,577,99935,477,100035,100,99925,200,100036,100,99914,100,100041,100,99910,100,100042,100,99902,100,100044,100,99879,100,100069,100,99871,100,100093,100,99856,200,100109,100,99844,100,100127,100,99838,100
2019-06-28 09:52:38.270789414,100028,100,99935,377,100030,577,99925,200,100035,100,99914,100,100036,100,99910,100,100041,100,99902,100,100042,100,99879,100,100044,100,99871,100,100069,100,99856,200,100093,100,99844,100,100109,100,99838,100
2019-06-28 09:52:40.000000000,100028,155,99935,155,100030,355,99925,255,100035,155,99914,155,100036,155,99910,155,100041,155,99902,155,100042,100,99879,100,100044,100,99871,100,100069,100,99856,200,100093,100,99844,100,100109,100,99838,100
2019-06-28 09:52:47.323016712,99995,100,99935,155,100028,155,99925,255,100030,355,99914,155,100035,155,99910,155,100036,155,99902,155,100041,155,99879,100,100042,100,99871,100,100044,100,99856,200,100069,100,99844,100,100093,100,99838,100
2019-06-28 09:52:50.000000000,99995,194,99935,194,100028,191,99925,291,100030,391,99914,191,100035,100,99910,100,100036,100,99902,100,100041,100,99879,100,100042,100,99871,100,100044,100,99856,200,100069,100,99844,100,100093,100,99838,100
2019-06-28 09:53:00.000000000,99995,155,99935,155,100028,155,99925,255,100030,355,99914,155,100035,155,99910,155,100036,155,99902,155,100041,100,99879,100,100042,100,99871,100,100044,100,99856,200,100069,100,99844,100,100093,100,99838,100
2019-06-28 09:53:10.000000000,99995,155,99935,155,100028,155,99925,255,100030,355,99914,155,100035,155,99910,155,100036,155,99902,155,100041,100,99879,100,100042,100,99871,100,100044,100,99856,200,100069,100,99844,100,100093,100,99838,100
2019-06-28 09:53:12.441186659,99995,155,99936,100,100028,55,99935,155,100030,355,99925,255,100035,155,99914,155,100036,155,99910,155,100041,100,99902,155,100042,100,99879,100,100044,100,99871,100,100069,100,99856,200,100093,100,99844,100
2019-06-28 09:53:17.328171455,99995,155,99936,100,100028,155,99935,155,100030,355,99925,255,100035,155,99914,155,100036,155,99910,155,100041,100,99902,155,100042,100,99879,100,100044,100,99871,100,100069,100,99856,200,100093,100,99844,100
2019-06-28 09:53:20.000000000,99995,377,99936,377,100028,100,99935,100,100030,300,99925,200,100035,100,99914,100,100036,100,99910,100,100041,100,99902,100,100042,100,99879,100,100044,100,99871,100,100069,100,99856,200,100093,100,99844,100
2019-06-28 09:53:30.000000000,99995,194,99936,194,100028,191,99935,191,100030,391,99925,291,100035,100,99914,100,100036,100,99910,100,100041,100,99902,100,100042,100,99879,100,100044,100,99871,100,100069,100,99856,200,100093,100,99844,100
2019-06-28 09:53:37.819006236,99995,94,99936,194,100028,191,99935,191,100030,391,99925,291,100035,100,99914,100,100036,100,99910,100,100041,100,99902,100,100042,100,99879,100,100044,100,99871,100,100093,100,99856,200,100109,100,99844,100
2019-06-28 09:53:40.000000000,100028,238,99936,238,100030,438,99935,238,100035,100,99925,200,100036,100,99914,100,100041,100,99910,100,100042,100,99902,100,100044,100,99879,100,100093,100,99871,100,100109,100,99856,200,100127,100,99844,100
2019-06-28 09:53:44.470851380,100028,238,99936,238,100030,438,99935,238,100035,100,99925,200,100036,100,99914,100,100041,100,99910,100,100042,100,99902,100,100044,100,99879,100,100093,100,99871,100,100109,100,99856,200,100127,100,99844,100
2019-06-28 09:53:50.000000000,100028,169,99936,169,100030,369,99935,169,100035,169,99925,269,100036,169,99914,169,100041,100,99910,100,100042,100,99902,100,100044,100,99879,100,100093,100,99871,100,100109,100,99856,200,100127,100,99844,100
2019-06-28 09:53:50.540599689,100027,100,99936,169,100028,169,99935,169,100030,269,99925,269,100035,169,99914,169,100036,169,99910,100,100041,100,99902,100,100042,100,99879,100,100044,100,99871,100,100093,100,99856,200,100109,100,99844,100
2019-06-28 09:54:00.000000000,100027,238,99936,238,100028,238,99935,238,100030,200,99925,200,100035,100,99914,100,100036,100,99910,100,100041,100,99902,100,100042,100,99879,100,100044,100,99871,100,100093,100,99856,200,100109,100,99844,100
2019-06-28 09:54:04.866159436,100027,238,99995,100,100028,238,99936,238,100030,200,99935,238,100035,100,99925,200,100036,100,99914,100,100041,100,99910,100,100042,100,99902,100,100044,100,99879,100,100093,100,99871,100,100109,100,99856,200
2019-06-28 09:54:10.000000000,100027,155,99995,155,100028,155,99936,155,100030,255,99935,155,100035,155,99925,255,100036,155,99914,155,100041,100,99910,100,100042,100,99902,100,100044,100,99879,100,100093,100,99871,100,100109,100,99856,200
2019-06-28 09:54:20.000000000,100027,194,99995,194,100028,191,99936,191,100030,291,99935,191,100035,100,99925,200,100036,100,99914,100,100041,100,99910,100,100042,100,99902,100,100044,100,99879,100,100093,100,99871,100,100109,100,99856,200
2019-06-28 09:54:21.670956984,100027,194,100017,100,100028,191,99995,194,100030,291,99936,191,100035,100,99935,191,100036,100,99925,200,100041,100,99914,100,100042,100,99910,100,100044,100,99902,100,100093,100,99879,100,100127,100,99871,100
2019-06-28 09:54:27.414454692,100027,94,100017,100,100028,191,99995,194,100030,291,99936,191,100035,100,99935,191,100036,100,99925,200,100041,100,99914,100,100042,100,99910,100,100093,100,99902,100,100127,100,99879,100,100128,100,99871,100
2019-06-28 09:54:30.000000000,100028,238,100017,238,100030,338,99995,238,100035,100,99936,100,100036,100,99935,100,100041,100,99925,200,100042,100,99914,100,100093,100,99910,100,100127,100,99902,100,100128,100,99879,100,100129,100,99871,100
2019-06-28 09:54:35.791517303,100028,238,100017,238,100030,338,99996,100,100035,100,99995,238,100036,100,99936,100,100041,100,99925,200,100042,100,99914,100,100093,100,99910,100,100127,100,99902,100,100128,100,99879,100,100129,100,99871,100
2019-06-28 09:54:38.279779376,100026,100,100017,238,100028,238,99995,238,100030,338,99936,100,100035,100,99925,200,100036,100,99914,100,100041,100,99910,100,100042,100,99902,100,100093,100,99879,100,100127,100,99871,100,100128,100,99856,200
2019-06-28 09:54:40.000000000,100026,194,100017,194,100028,191,99995,191,100030,291,99936,191,100035,100,99925,200,100036,100,99914,100,100041,100,99910,100,100042,100,99902,100,100093,100,99879,100,100127,100,99871,100,100128,100,99856,200
2019-06-28 09:54:45.573855310,100026,194,100017,194,100028,191,99995,191,100030,291,99936,191,100035,100,99925,200,100036,100,99914,100,100041,100,99910,100,100042,100,99902,100,100093,100,99892,100,100127,100,99879,100,100128,100,99871,100
2019-06-28 09:54:50.000000000,100026,155,100017,155,100028,155,99995,155,100030,255,99936,155,100035,155,99925,255,100036,155,99914,155,100041,100,99910,100,100042,100,99902,100,100093,100,99892,100,100127,100,99879,100,100128,100,99871,100
2019-06-28 09:55:00.000000000,100026,155,100017,155,100028,155,99995,155,100030,255,99936,155,100035,155,99925,255,100036,155,99914,155,100041,100,99910,100,100042,100,99902,100,100093,100,99892,100,100127,100,99879,100,100128,100,99871,100
2019-06-28 09:55:05.287372978,100026,55,100017,155,100028,155,99995,155,100030,255,99936,155,100035,155,99925,255,100036,155,99914,155,100041,100,99910,100,100042,100,99902,100,100093,100,99892,100,100127,100,99879,100,100128,100,99871,100
2019-06-28 09:55:10.000000000,100028,377,100017,377,100030,200,99995,100,100035,100,99936,100,100036,100,99925,200,100041,100,99914,100,100042,100,99910,100,100093,100,99902,100,100127,100,99892,100,100128,100,99879,100,100129,100,99871,100
2019-06-28 09:55:20.000000000,100028,194,100017,194,100030,291,99995,191,100035,191,99936,191,100036,100,99925,200,100041,100,99914,100,100042,100,99910,100,100093,100,99902,100,100127,100,99892,100,100128,100,99879,100,100129,100,99871,100
2019-06-28 09:55:30.000000000,100028,155,100017,155,100030,255,99995,155,100035,155,99936,155,100036,155,99925,255,100041,155,99914,155,100042,100,99910,100,100093,100,99902,100,100127,100,99892,100,100128,100,99879,100,100129,100,99871,100
2019-06-28 09:55:32.328331673,100028,155,100017,155,100030,255,99995,155,100035,155,99936,155,100036,155,99925,255,100041,155,99914,155,100042,100,99910,100,100093,100,99892,100,100127,100,99879,100,100128,100,99871,100,100129,100,99856,200
2019-06-28 09:55:40.000000000,100028,377,100017,377,100030,200,99995,100,100035,100,99936,100,100036,100,99925,200,100041,100,99914,100,100042,100,99910,100,100093,100,99892,100,100127,100,99879,100,100128,100,99871,100,100129,100,99856,200
2019-06-28 09:55:50.000000000,100028,377,100017,377,100030,200,99995,100,100035,100,99936,100,100036,100,99925,200,100041,100,99914,100,100042,100,99910,100,100093,100,99892,100,100127,100,99879,100,100128,100,99871,100,100129,100,99856,200
2019-06-28 09:55:52.833195664,100028,277,100017,377,100030,200,99995,100,100035,100,99936,100,100036,100,99925,200,100041,100,99914,100,100042,100,99910,100,100093,100,99892,100,100127,100,99879,100,100128,100,99871,100,100129,100,99856,200
2019-06-28 09:56:00.000000000,100030,294,100017,194,100035,191,99995,191,100036,191,99936,191,100041,100,99925,200,100042,100,99914,100,100093,100,99910,100,100127,100,99892,100,100128,100,99879,100,100129,100,99871,100,100164,100,99856,200
2019-06-28 09:56:10.000000000,100030,269,100017,169,100035,169,99995,169,100036,169,99936,169,100041,169,99925,269,100042,100,99914,100,100093,100,99910,100,100127,100,99892,100,100128,100,99879,100,100129,100,99871,100,100164,100,99856,200
2019-06-28 09:56:20.000000000,100030,269,100017,169,100035,169,99995,169,100036,169,99936,169,100041,169,99925,269,100042,100,99914,100,100093,100,99910,100,100127,100,99892,100,100128,100,99879,100,100129,100,99871,100,100164,100,99856,200
2019-06-28 09:56:21.772871855,100030,269,100017,169,100035,169,99995,169,100036,169,99936,169,100041,169,99925,269,100042,100,99914,100,100093,100,99910,100,100127,100,99892,100,100128,100,99879,100,100129,100,99871,100,100164,100,99856,200
2019-06-28 09:56:28.199321843,100030,269,100017,169,100035,169,99995,169,100036,169,99936,69,100041,169,99925,269,100042,100,99914,100,100093,100,99910,100,100127,100,99892,100,100128,100,99879,100,100129,100,99871,100,100164,100,99856,200
2019-06-28 09:56:30.000000000,100030,338,100017,238,100035,238,99995,238,100036,100,99925,200,100041,100,99914,100,100042,100,99910,100,100093,100,99892,100,100127,100,99879,100,100128,100,99871,100,100129,100,99856,200,100164,100,99844,100
2019-06-28 09:56:31.269883569,100030,338,100017,238,100035,238,99995,238,100036,100,99925,200,100041,100,99914,100,100042,100,99910,100,100093,100,99892,100,100127,100,99879,100,100128,100,99871,100,100129,100,99856,200,100164,100,99844,100
2019-06-28 09:56:40.000000000,100030,338,100017,238,100035,238,99995,238,100036,100,99925,200,100041,100,99914,100,100042,100,99910,100,100093,100,99892,100,100127,100,99879,100,100128,100,99871,100,100129,100,99856,200,100164,100,99844,100
2019-06-28 09:56:50.000000000,100030,269,100017,169,100035,169,99995,169,100036,169,99925,269,100041,169,99914,169,100042,100,99910,100,100093,100,99892,100,100127,100,99879,100,100128,100,99871,100,100129,100,99856,200,100164,100,99844,100
2019-06-28 09:57:00.000000000,100030,269,100017,169,100035,169,99995,169,100036,169,99925,269,100041,169,99914,169,100042,100,99910,100,100093,100,99892,100,100127,100,99879,100,100128,100,99871,100,100129,100,99856,200,100164,100,99844,100
2019-06-28 09:57:01.458144527,100030,169,100017,69,100035,169,99995,169,100036,169,99925,269,100041,169,99914,169,100042,100,99910,100,100093,100,99892,100,100127,100,99879,100,100128,100,99871,100,100129,100,99856,200,100164,100,99844,100
2019-06-28 09:57:10.000000000,100030,377,99995,377,100035,100,99925,200,100036,100,99914,100,100041,100,99910,100,100042,100,99892,100,100093,100,99879,100,100127,100,99871,100,100128,100,99856,200,100129,100,99844,100,100164,100,99839,100
2019-06-28 09:57:15.645908875,100030,277,99995,377,100035,100,99925,200,100036,100,99914,100,100041,100,99910,100,100042,100,99892,100,100093,100,99879,100,100127,100,99871,100,100128,100,99856,200,100129,100,99844,100,100164,100,99839,100
2019-06-28 09:57:20.000000000,100035,155,99995,155,100036,155,99925,255,100041,155,99914,155,100042,155,99910,155,100093,155,99892,155,100127,100,99879,100,100128,100,99871,100,100129,100,99856,200,100164,100,99844,100,100173,100,99839,100
2019-06-28 09:57:22.060249218,100035,155,100030,100,100036,155,99995,155,100041,155,99925,255,100042,155,99914,155,100093,155,99910,155,100127,100,99892,155,100128,100,99879,100,100129,100,99871,100,100164,100,99856,200,100173,100,99844,100
2019-06-28 09:57:30.000000000,100035,238,100030,238,100036,238,99995,238,100041,100,99925,200,100042,100,99914,100,100093,100,99910,100,100127,100,99892,100,100128,100,99879,100,100129,100,99871,100,100164,100,99856,200,100173,100,99844,100
2019-06-28 09:57:38.551360965,100035,238,100030,238,100036,238,99995,238,100041,100,99925,200,100042,100,99914,100,100093,100,99910,100,100127,100,99892,100,100128,100,99879,100,100129,100,99871,100,100164,100,99856,100,100173,100,99844,100
2019-06-28 09:57:40.000000000,100035,194,100030,194,100036,191,99995,191,100041,191,99925,291,100042,100,99914,100,100093,100,99910,100,100127,100,99892,100,100128,100,99879,100,100129,100,99871,100,100164,100,99856,100,100173,100,99844,100
2019-06-28 09:57:41.667792687,100035,194,100030,194,100036,191,99995,191,100041,191,99925,291,100042,100,99914,100,100093,100,99910,100,100127,100,99892,100,100128,100,99879,100,100129,100,99871,100,100164,100,99856,100,100173,100,99844,100
2019-06-28 09:57:46.084916031,100035,194,100030,194,100036,191,99995,191,100041,191,99925,291,100042,100,99914,100,100093,100,99910,100,100127,100,99892,100,100128,100,99879,100,100129,100,99871,100,100164,100,99856,100,100220,100,99844,100
2019-06-28 09:57:48.655634163,100035,194,100030,194,100036,191,99995,191,100041,191,99925,291,100042,100,99914,100,100093,100,99910,100,100127,100,99892,100,100128,100,99879,100,100129,100,99871,100,100164,100,99856,100,100220,100,99844,100
2019-06-28 09:57:50.000000000,100035,155,100030,155,100036,155,99995,155,100041,155,99925,255,100042,155,99914,155,100093,155,99910,155,100127,100,99892,100,100128,100,99879,100,100129,100,99871,100,100164,100,99856,100,100220,100,99844,100
2019-06-28 09:57:57.824730453,100035,155,100030,255,100036,155,99995,155,100041,155,99925,255,100042,155,99914,155,100093,155,99910,155,100127,100,99892,100,100128,100,99879,100,100129,100,99871,100,100164,100,99856,100,100220,100,99844,100
2019-06-28 09:58:00.000000000,100035,194,100030,294,100036,191,99995,191,100041,191,99925,291,100042,100,99914,100,100093,100,99910,100,100127,100,99892,100,100128,100,99879,100,100129,100,99871,100,100164,100,99856,100,100220,100,99844,100
2019-06-28 09:58:05.377692867,100035,94,100030,294,100036,191,99995,191,100041,191,99925,291,100042,100,99914,100,100093,100,99910,100,100127,100,99892,100,100128,100,99879,100,100129,100,99871,100,100164,100,99856,100,100220,100,99844,100
2019-06-28 09:58:06.578557041,100035,94,100030,294,100036,191,99995,191,100041,191,99925,291,100042,100,99914,100,100093,100,99910,100,100127,100,99892,100,100128,100,99879,100,100129,100,99871,100,100164,100,99856,100,100220,100,99844,100
2019-06-28 09:58:10.000000000,100036,194,100030,294,100041,191,99995,191,100042,191,99925,291,100093,100,99914,100,100127,100,99910,100,100128,100,99892,100,100129,100,99879,100,100164,100,99871,100,100220,100,99856,100,100381,100,99844,100
2019-06-28 09:58:18.398849025,100036,94,100030,294,100041,191,99995,191,100042,191,99925,291,100093,100,99914,100,100127,100,99910,100,100128,100,99892,100,100129,100,99871,100,100164,100,99856,100,100220,100,99844,100,100381,100,99839,100
2019-06-28 09:58:20.000000000,100041,169,100030,269,100042,169,99995,169,100093,169,99925,269,100127,169,99914,169,100128,100,99910,100,100129,100,99892,100,100164,100,99871,100,100220,100,99856,100,100381,100,99844,100,100392,100,99839,100
2019-06-28 09:58:30.000000000,100041,155,100030,255,100042,155,99995,155,100093,155,99925,255,100127,155,99914,155,100128,155,99910,155,100129,100,99892,100,100164,100,99871,100,100220,100,99856,100,100381,100,99844,100,100392,100,99839,100
2019-06-28 09:58:31.895955204,100041,55,100030,255,100042,155,99995,155,100093,155,99925,255,100127,155,99914,155,100128,155,99910,155,100129,100,99892,100,100164,100,99871,100,100220,100,99856,100,100381,100,99844,100,100392,100,99839,100
2019-06-28 09:58:40.000000000,100042,169,100030,269,100093,169,99995,169,100127,169,99925,269,100128,169,99914,169,100129,100,99910,100,100164,100,99892,100,100220,100,99871,100,100381,100,99856,100,100392,100,99844,100,100426,100,99839,100
2019-06-28 09:58:50.000000000,100042,155,100030,255,100093,155,99995,155,100127,155,99925,255,100128,155,99914,155,100129,155,99910,155,100164,100,99892,100,100220,100,99871,100,100381,100,99856,100,100392,100,99844,100,100426,100,99839,100
2019-06-28 09:58:51.392625177,100042,55,100030,255,100093,155,99995,155,100127,155,99925,255,100128,155,99914,155,100129,155,99910,155,100164,100,99892,100,100220,100,99871,100,100381,100,99856,100,100392,100,99844,100,100426,100,99839,100
2019-06-28 09:59:00.000000000,100093,155,100030,255,100127,155,99995,155,100128,155,99925,255,100129,155,99914,155,100164,155,99910,155,100220,100,99892,100,100381,100,99871,100,100392,100,99856,100,100426,100,99844,100,100467,100,99839,100
2019-06-28 09:59:10.000000000,100093,155,100030,255,100127,155,99995,155,100128,155,99925,255,100129,155,99914,155,100164,155,99910,155,100220,100,99892,100,100381,100,99871,100,100392,100,99856,100,100426,100,99844,100,100467,100,99839,100
2019-06-28 09:59:20.000000000,100093,169,100030,269,100127,169,99995,169,100128,169,99925,269,100129,169,99914,169,100164,100,99910,100,100220,100,99892,100,100381,100,99871,100,100392,100,99856,100,100426,100,99844,100,100467,100,99839,100
2019-06-28 09:59:30.000000000,100093,194,100030,294,100127,191,99995,191,100128,191,99925,291,100129,100,99914,100,100164,100,99910,100,100220,100,99892,100,100381,100,99871,100,100392,100,99856,100,100426,100,99844,100,100467,100,99839,100
2019-06-28 09:59:36.827835395,100093,194,100030,294,100127,191,99995,191,100128,191,99925,291,100129,100,99914,100,100164,100,99910,100,100220,100,99892,100,100381,100,99871,100,100392,100,99856,100,100426,100,99844,100,100467,100,99839,100
2019-06-28 09:59:40.000000000,100093,377,100030,477,100127,100,99995,100,100128,100,99925,200,100129,100,99914,100,100164,100,99910,100,100220,100,99892,100,100381,100,99871,100,100392,100,99856,100,100426,100,99844,100,100467,100,99839,100
2019-06-28 09:59:49.662167812,100093,377,100030,377,100127,100,99995,100,100128,100,99925,200,100129,100,99914,100,100164,100,99910,100,100220,100,99892,100,100381,100,99871,100,100392,100,99856,100,100426,100,99844,100,100485,100,99839,100
2019-06-28 09:59:50.000000000,100093,155,100030,155,100127,155,99995,155,100128,155,99925,255,100129,155,99914,155,100164,155,99910,155,100220,100,99892,100,100381,100,99871,100,100392,100,99856,100,100426,100,99844,100,100485,100,99839,100
2019-06-28 10:00:00.000000000,100093,169,100030,169,100127,169,99995,169,100128,169,99925,269,100129,169,99914,169,100164,100,99910,100,100220,100,99892,100,100381,100,99871,100,100392,100,99856,100,100426,100,99844,100,100485,100,99839,100
2019-06-28 10:00:06.720424567,100093,169,100030,169,100127,169,99995,169,100128,169,99925,269,100129,169,99914,169,100164,100,99910,100,100220,100,99892,100,100381,100,99871,100,100392,100,99856,100,100426,100,99844,100,100485,100,99840,100
2019-06-28 10:00:10.000000000,100093,169,100030,169,100127,169,99995,169,100128,169,99925,269,100129,169,99914,169,100164,100,99910,100,100220,100,99892,100,100381,100,99871,100,100392,100,99856,100,100426,100,99844,100,100485,100,99840,100
2019-06-28 10:00:20.000000000,100093,169,100030,169,100127,169,99995,169,100128,169,99925,269,100129,169,99914,169,100164,100,99910,100,100220,100,99892,100,100381,100,99871,100,100392,100,99856,100,100426,100,99844,100,100485,100,99840,100
2019-06-28 10:00:30.000000000,100093,194,100030,194,100127,191,99995,191,100128,191,99925,291,100129,100,99914,100,100164,100,99910,100,100220,100,99892,100,100381,100,99871,100,100392,100,99856,100,100426,100,99844,100,100485,100,99840,100
2019-06-28 10:00:40.000000000,100093,377,100030,377,100127,100,99995,100,100128,100,99925,200,100129,100,99914,100,100164,100,99910,100,100220,100,99892,100,100381,100,99871,100,100392,100,99856,100,100426,100,99844,100,100485,100,99840,100
2019-06-28 10:00:44.864721051,100093,377,100030,277,100127,100,99995,100,100128,100,99925,200,100129,100,99914,100,100164,100,99910,100,100220,100,99892,100,100381,100,99871,100,100392,100,99856,100,100426,100,99844,100,100485,100,99840,100
2019-06-28 10:00:50.000000000,100093,377,99995,377,100127,100,99925,200,100128,100,99914,100,100129,100,99910,100,100164,100,99892,100,100220,100,99871,100,100381,100,99856,100,100392,100,99844,100,100426,100,99840,100,100485,100,99838,100
2019-06-28 10:00:56.425736631,100093,377,99995,277,100127,100,99925,200,100128,100,99914,100,100129,100,99910,100,100164,100,99892,100,100220,100,99871,100,100381,100,99856,100,100392,100,99844,100,100426,100,99840,100,100485,100,99838,100
2019-06-28 10:01:00.000000000,100093,155,99925,255,100127,155,99914,155,100128,155,99910,155,100129,155,99892,155,100164,155,99871,155,100220,100,99856,100,100381,100,99844,100,100392,100,99840,100,100426,100,99838,100,100485,100,99837,100
2019-06-28 10:01:01.401311745,100030,100,99925,255,100093,155,99914,155,100127,155,99910,155,100128,155,99892,155,100129,155,99871,155,100164,155,99856,100,100220,100,99844,100,100381,100,99840,100,100392,100,99838,100,100426,100,99837,100
2019-06-28 10:01:10.000000000,100030,169,99925,269,100093,169,99914,169,100127,169,99910,169,100128,169,99892,169,100129,100,99871,100,100164,100,99856,100,100220,100,99844,100,100381,100,99840,100,100392,100,99838,100,100426,100,99837,100
2019-06-28 10:01:18.422427854,100030,169,99925,169,100093,169,99914,169,100127,169,99910,169,100128,169,99892,169,100129,100,99871,100,100164,100,99856,100,100220,100,99844,100,100381,100,99840,100,100392,100,99838,100,100426,100,99837,100
2019-06-28 10:01:20.000000000,100030,155,99925,155,100093,155,99914,155,100127,155,99910,155,100128,155,99892,155,100129,155,99871,155,100164,100,99856,100,100220,100,99844,100,100381,100,99840,100,100392,100,99838,100,100426,100,99837,100
2019-06-28 10:01:30.000000000,100030,155,99925,155,100093,155,99914,155,100127,155,99910,155,100128,155,99892,155,100129,155,99871,155,100164,100,99856,100,100220,100,99844,100,100381,100,99840,100,100392,100,99838,100,100426,100,99837,100
2019-06-28 10:01:40.000000000,100030,238,99925,238,100093,238,99914,238,100127,100,99910,100,100128,100,99892,100,100129,100,99871,100,100164,100,99856,100,100220,100,99844,100,100381,100,99840,100,100392,100,99838,100,100426,100,99837,100
2019-06-28 10:01:50.000000000,100030,169,99925,169,100093,169,99914,169,100127,169,99910,169,100128,169,99892,169,100129,100,99871,100,100164,100,99856,100,100220,100,99844,100,100381,100,99840,100,100392,100,99838,100,100426,100,99837,100
2019-06-28 10:01:51.528689843,100030,169,99925,169,100093,169,99914,169,100127,169,99910,169,100128,169,99892,69,100129,100,99871,100,100164,100,99856,100,100220,100,99844,100,100381,100,99840,100,100392,100,99838,100,100426,100,99837,100
2019-06-28 10:01:55.827671273,99995,100,99925,169,100030,169,99914,169,100093,169,99910,169,100127,169,99892,69,100128,169,99871,100,100129,100,99856,100,100164,100,99844,100,100220,100,99840,100,100381,100,99838,100,100392,100,99837,100
2019-06-28 10:01:58.578719590,100030,169,99925,169,100093,169,99914,169,100127,169,99910,169,100128,169,99892,69,100129,100,99871,100,100164,100,99856,100,100220,100,99844,100,100381,100,99840,100,100392,100,99838,100,100426,100,99837,100
2019-06-28 10:02:00.000000000,100030,194,99925,194,100093,191,99914,191,100127,191,99910,191,100128,100,99871,100,100129,100,99856,100,100164,100,99844,100,100220,100,99840,100,100381,100,99838,100,100392,100,99837,100,100426,100,99809,100
2019-06-28 10:02:10.000000000,100030,377,99925,377,100093,100,99914,100,100127,100,99910,100,100128,100,99871,100,100129,100,99856,100,100164,100,99844,100,100220,100,99840,100,100381,100,99838,100,100392,100,99837,100,100426,100,99809,100
2019-06-28 10:02:20.000000000,100030,169,99925,169,100093,169,99914,169,100127,169,99910,169,100128,169,99871,169,100129,100,99856,100,100164,100,99844,100,100220,100,99840,100,100381,100,99838,100,100392,100,99837,100,100426,100,99809,100
2019-06-28 10:02:22.047096569,100030,169,99925,169,100093,169,99914,169,100127,169,99910,169,100128,169,99871,169,100129,100,99856,100,100164,100,99853,100,100220,100,99844,100,100381,100,99840,100,100392,100,99838,100,100426,100,99837,100
2019-06-28 10:02:30.000000000,100030,194,99925,194,100093,191,99914,191,100127,191,99910,191,100128,100,99871,100,100129,100,99856,100,100164,100,99853,100,100220,100,99844,100,100381,100,99840,100,100392,100,99838,100,100426,100,99837,100
2019-06-28 10:02:40.000000000,100030,169,99925,169,100093,169,99914,169,100127,169,99910,169,100128,169,99871,169,100129,100,99856,100,100164,100,99853,100,100220,100,99844,100,100381,100,99840,100,100392,100,99838,100,100426,100,99837,100
2019-06-28 10:02:50.000000000,100030,155,99925,155,100093,155,99914,155,100127,155,99910,155,100128,155,99871,155,100129,155,99856,155,100164,100,99853,100,100220,100,99844,100,100381,100,99840,100,100392,100,99838,100,100426,100,99837,100
2019-06-28 10:03:00.000000000,100030,155,99925,155,100093,155,99914,155,100127,155,99910,155,100128,155,99871,155,100129,155,99856,155,100164,100,99853,100,100220,100,99844,100,100381,100,99840,100,100392,100,99838,100,100426,100,99837,100
2019-06-28 10:03:01.242381629,100030,155,99925,155,100093,155,99914,155,100127,155,99910,155,100128,155,99871,155,100129,155,99856,155,100164,100,99853,100,100220,100,99844,100,100381,100,99840,100,100392,100,99837,100,100426,100,99809,100
2019-06-28 10:03:03.829016935,100030,155,99925,155,100093,155,99914,155,100127,155,99910,155,100128,155,99871,155,100129,155,99856,155,100164,100,99853,100,100220,100,99844,100,100381,100,99840,100,100392,100,99837,100,100426,100,99809,100
2019-06-28 10:03:06.683636695,100030,155,99925,55,100093,155,99914,155,100127,155,99910,155,100128,155,99871,155,100129,155,99856,155,100164,100,99853,100,100220,100,99844,100,100381,100,99840,100,100392,100,99837,100,100426,100,99809,100
2019-06-28 10:03:10.000000000,100030,169,99914,169,100093,169,99910,169,100127,169,99871,169,100128,169,99856,169,100129,100,99853,100,100164,100,99844,100,100220,100,99840,100,100381,100,99837,100,100392,100,99809,100,100426,100,99742,100
2019-06-28 10:03:20.000000000,100030,155,99914,155,100093,155,99910,155,100127,155,99871,155,100128,155,99856,155,100129,155,99853,155,100164,100,99844,100,100220,100,99840,100,100381,100,99837,100,100392,100,99809,100,100426,100,99742,100
2019-06-28 10:03:30.000000000,100030,194,99914,194,100093,191,99910,191,100127,191,99871,191,100128,100,99856,100,100129,100,99853,100,100164,100,99844,100,100220,100,99840,100,100381,100,99837,100,100392,100,99809,100,100426,100,99742,100
2019-06-28 10:03:37.631829855,99937,100,99914,194,100030,194,99910,191,100093,191,99871,191,100127,191,99856,100,100128,100,99853,100,100129,100,99844,100,100164,100,99840,100,100220,100,99837,100,100381,100,99809,100,100392,100,99742,100
2019-06-28 10:03:40.000000000,99937,238,99914,238,100030,238,99910,238,100093,100,99871,100,100127,100,99856,100,100128,100,99853,100,100129,100,99844,100,100164,100,99840,100,100220,100,99837,100,100381,100,99809,100,100392,100,99742,100
2019-06-28 10:03:50.000000000,99937,169,99914,169,100030,169,99910,169,100093,169,99871,169,100127,169,99856,169,100128,100,99853,100,100129,100,99844,100,100164,100,99840,100,100220,100,99837,100,100381,100,99809,100,100392,100,99742,100
2019-06-28 10:04:00.000000000,99937,377,99914,377,100030,100,99910,100,100093,100,99871,100,100127,100,99856,100,100128,100,99853,100,100129,100,99844,100,100164,100,99840,100,100220,100,99837,100,100381,100,99809,100,100392,100,99742,100
2019-06-28 10:04:06.836250303,99937,377,99914,377,100030,100,99910,100,100073,100,99871,100,100093,100,99856,100,100127,100,99853,100,100128,100,99844,100,100129,100,99840,100,100164,100,99837,100,100220,100,99742,100,100381,100,99730,100
2019-06-28 10:04:10.000000000,99937,169,99914,169,100030,169,99910,169,100073,169,99871,169,100093,169,99856,169,100127,100,99853,100,100128,100,99844,100,100129,100,99840,100,100164,100,99837,100,100220,100,99742,100,100381,100,99730,100
2019-06-28 10:04:16.244056623,99937,169,99914,169,100030,169,99910,169,100073,169,99871,169,100093,69,99856,169,100127,100,99853,100,100128,100,99844,100,100129,100,99840,100,100164,100,99837,100,100220,100,99742,100,100381,100,99730,100
2019-06-28 10:04:20.000000000,99937,238,99914,238,100030,238,99910,238,100073,100,99871,100,100127,100,99856,100,100128,100,99853,100,100129,100,99844,100,100164,100,99840,100,100220,100,99837,100,100381,100,99742,100,100392,100,99730,100
2019-06-28 10:04:30.000000000,99937,155,99914,155,100030,155,99910,155,100073,155,99871,155,100127,155,99856,155,100128,155,99853,155,100129,100,99844,100,100164,100,99840,100,100220,100,99837,100,100381,100,99742,100,100392,100,99730,100
2019-06-28 10:04:40.000000000,99937,377,99914,377,100030,100,99910,100,100073,100,99871,100,100127,100,99856,100,100128,100,99853,100,100129,100,99844,100,100164,100,99840,100,100220,100,99837,100,100381,100,99742,100,100392,100,99730,100
2019-06-28 10:04:49.366706191,99937,377,99914,277,100030,100,99910,100,100073,100,99871,100,100127,100,99856,100,100128,100,99853,100,100129,100,99844,100,100164,100,99840,100,100220,100,99837,100,100381,100,99742,100,100392,100,99730,100
2019-06-28 10:04:50.000000000,99937,238,99910,238,100030,238,99871,238,100073,100,99856,100,100127,100,99853,100,100128,100,99844,100,100129,100,99840,100,100164,100,99837,100,100220,100,99742,100,100381,100,99730,100,100392,100,99719,100
2019-06-28 10:05:00.000000000,99937,238,99910,238,100030,238,99871,238,100073,100,99856,100,100127,100,99853,100,100128,100,99844,100,100129,100,99840,100,100164,100,99837,100,100220,100,99742,100,100381,100,99730,100,100392,100,99719,100
2019-06-28 10:05:10.000000000,99937,169,99910,169,100030,169,99871,169,100073,169,99856,169,100127,169,99853,169,100128,100,99844,100,100129,100,99840,100,100164,100,99837,100,100220,100,99742,100,100381,100,99730,100,100392,100,99719,100
2019-06-28 10:05:13.262314534,99937,169,99910,169,100030,169,99871,169,100073,169,99856,169,100127,169,99853,169,100128,100,99844,100,100129,100,99840,100,100164,100,99837,100,100220,100,99742,100,100381,100,99730,100,100392,100,99719,100
2019-06-28 10:05:14.252901890,99937,169,99910,169,100030,169,99871,169,100073,169,99856,169,100127,169,99853,169,100128,100,99844,100,100129,100,99840,100,100164,100,99837,100,100220,100,99742,100,100381,100,99730,100,100392,100,99719,100
2019-06-28 10:05:20.000000000,99937,238,99910,238,100030,238,99871,238,100073,100,99856,100,100127,100,99853,100,100128,100,99844,100,100129,100,99840,100,100164,100,99837,100,100220,100,99742,100,100381,100,99730,100,100392,100,99719,100
2019-06-28 10:05:30.000000000,99937,194,99910,194,100030,191,99871,191,100073,191,99856,191,100127,100,99853,100,100128,100,99844,100,100129,100,99840,100,100164,100,99837,100,100220,100,99742,100,100381,100,99730,100,100392,100,99719,100
2019-06-28 10:05:35.337490914,99937,194,99910,194,100030,191,99871,191,100073,191,99856,191,100127,100,99853,100,100128,100,99844,100,100129,100,99840,100,100164,100,99742,100,100220,100,99730,100,100381,100,99719,100,100392,100,99715,100
2019-06-28 10:05:40.000000000,99937,155,99910,155,100030,155,99871,155,100073,155,99856,155,100127,155,99853,155,100128,155,99844,155,100129,100,99840,100,100164,100,99742,100,100220,100,99730,100,100381,100,99719,100,100392,100,99715,100
2019-06-28 10:05:43.265445254,99937,155,99910,155,100030,155,99871,155,100073,155,99856,155,100127,155,99853,155,100128,155,99844,155,100129,100,99840,100,100164,100,99751,100,100220,100,99742,100,100381,100,99730,100,100392,100,99719,100
2019-06-28 10:05:50.000000000,99937,194,99910,194,100030,191,99871,191,100073,191,99856,191,100127,100,99853,100,100128,100,99844,100,100129,100,99840,100,100164,100,99751,100,100220,100,99742,100,100381,100,99730,100,100392,100,99719,100
2019-06-28 10:06:00.000000000,99937,155,99910,155,100030,155,99871,155,100073,155,99856,155,100127,155,99853,155,100128,155,99844,155,100129,100,99840,100,100164,100,99751,100,100220,100,99742,100,100381,100,99730,100,100392,100,99719,100
2019-06-28 10:06:10.000000000,99937,194,99910,194,100030,191,99871,191,100073,191,99856,191,100127,100,99853,100,100128,100,99844,100,100129,100,99840,100,100164,100,99751,100,100220,100,99742,100,100381,100,99730,100,100392,100,99719,100
2019-06-28 10:06:20.000000000,99937,169,99910,169,100030,169,99871,169,100073,169,99856,169,100127,169,99853,169,100128,100,99844,100,100129,100,99840,100,100164,100,99751,100,100220,100,99742,100,100381,100,99730,100,100392,100,99719,100
2019-06-28 10:06:29.550363634,99937,69,99910,169,100030,169,99871,169,100073,169,99856,169,100127,169,99853,169,100128,100,99844,100,100164,100,99840,100,100220,100,99751,100,100381,100,99742,100,100392,100,99730,100,100426,100,99719,100
2019-06-28 10:06:30.000000000,100030,155,99910,155,100073,155,99871,155,100127,155,99856,155,100128,155,99853,155,100164,155,99844,155,100220,100,99840,100,100381,100,99751,100,100392,100,99742,100,100426,100,99730,100,100485,100,99719,100
2019-06-28 10:06:31.849689315,100030,155,99910,155,100073,155,99871,155,100127,155,99856,155,100128,155,99853,155,100164,155,99844,155,100195,100,99840,100,100381,100,99751,100,100392,100,99742,100,100426,100,99730,100,100485,100,99719,100
2019-06-28 10:06:38.076493989,100030,155,99926,100,100073,155,99910,155,100127,155,99871,155,100128,155,99856,155,100164,155,99853,155,100195,100,99844,155,100381,100,99840,100,100392,100,99751,100,100426,100,99742,100,100485,100,99730,100
2019-06-28 10:06:38.175958161,100030,155,99943,100,100073,155,99926,100,100127,155,99910,155,100128,155,99871,155,100164,155,99856,155,100195,100,99853,155,100381,100,99844,155,100392,100,99840,100,100426,100,99751,100,100485,100,99742,100
2019-06-28 10:06:38.343299040,100030,55,99943,100,100073,155,99926,100,100127,155,99910,155,100128,155,99871,155,100164,155,99856,155,100195,100,99853,155,100381,100,99844,155,100392,100,99840,100,100426,100,99751,100,100485,100,99742,100
2019-06-28 10:06:40.000000000,100073,169,99943,169,100127,169,99926,169,100128,169,99910,169,100164,169,99871,169,100195,100,99856,100,100381,100,99853,100,100392,100,99844,100,100426,100,99840,100,100485,100,99751,100,100649,100,99742,100
2019-06-28 10:06:50.000000000,100073,169,99943,169,100127,169,99926,169,100128,169,99910,169,100164,169,99871,169,100195,100,99856,100,100381,100,99853,100,100392,100,99844,100,100426,100,99840,100,100485,100,99751,100,100649,100,99742,100
2019-06-28 10:06:58.187632049,100073,169,99943,169,100127,169,99926,169,100128,169,99910,269,100164,169,99871,169,100195,100,99856,100,100381,100,99853,100,100392,100,99844,100,100426,100,99840,100,100485,100,99751,100,100649,100,99742,100
2019-06-28 10:07:00.000000000,100073,194,99943,194,100127,191,99926,191,100128,191,99910,291,100164,100,99871,100,100195,100,99856,100,100381,100,99853,100,100392,100,99844,100,100426,100,99840,100,100485,100,99751,100,100649,100,99742,100
2019-06-28 10:07:10.000000000,100073,169,99943,169,100127,169,99926,169,100128,169,99910,269,100164,169,99871,169,100195,100,99856,100,100381,100,99853,100,100392,100,99844,100,100426,100,99840,100,100485,100,99751,100,100649,100,99742,100
2019-06-28 10:07:14.391446767,100073,69,99943,169,100127,169,99926,169,100128,169,99910,269,100164,169,99871,169,100195,100,99856,100,100381,100,99853,100,100392,100,99844,100,100426,100,99840,100,100485,100,99751,100,100649,100,99742,100
2019-06-28 10:07:20.000000000,100127,194,99943,194,100128,191,99926,191,100164,191,99910,291,100195,100,99871,100,100381,100,99856,100,100392,100,99853,100,100426,100,99844,100,100485,100,99840,100,100649,100,99751,100,,,99742,100
2019-06-28 10:07:30.000000000,100127,377,99943,377,100128,100,99926,100,100164,100,99910,200,100195,100,99871,100,100381,100,99856,100,100392,100,99853,100,100426,100,99844,100,100485,100,99840,100,100649,100,99751,100,,,99742,100
2019-06-28 10:07:35.272673062,100127,377,99943,377,100128,100,99926,100,100146,100,99910,200,100164,100,99871,100,100195,100,99856,100,100381,100,99853,100,100392,100,99844,100,100426,100,99840,100,100485,100,99751,100,100649,100,99742,100
2019-06-28 10:07:37.574206396,100127,377,99943,377,100128,100,99910,200,100146,100,99871,100,100164,100,99856,100,100195,100,99853,100,100381,100,99844,100,100392,100,99840,100,100426,100,99751,100,100485,100,99742,100,100649,100,99730,100
2019-06-28 10:07:38.710235978,100029,100,99943,377,100127,377,99910,200,100128,100,99871,100,100146,100,99856,100,100164,100,99853,100,100195,100,99844,100,100381,100,99840,100,100392,100,99751,100,100426,100,99742,100,100485,100,99730,100
2019-06-28 10:07:40.000000000,100029,377,99943,377,100127,100,99910,200,100128,100,99871,100,100146,100,99856,100,100164,100,99853,100,100195,100,99844,100,100381,100,99840,100,100392,100,99751,100,100426,100,99742,100,100485,100,99730,100
