,ask_price_1,ask_size_1,bid_price_1,bid_size_1,ask_price_2,ask_size_2,bid_price_2,bid_size_2,ask_price_3,ask_size_3,bid_price_3,bid_size_3,ask_price_4,ask_size_4,bid_price_4,bid_size_4,ask_price_5,ask_size_5,bid_price_5,bid_size_5,ask_price_6,ask_size_6,bid_price_6,bid_size_6,ask_price_7,ask_size_7,bid_price_7,bid_size_7,ask_price_8,ask_size_8,bid_price_8,bid_size_8,ask_price_9,ask_size_9,bid_price_9,bid_size_9,ask_price_10,ask_size_10,bid_price_10,bid_size_10
2019-06-28 09:30:00.000000001,100006,100,99885,100,,,,,,,,,,,,,,,,,,,,,,,,,,,,,,,,,,,,
2019-06-28 09:30:00.000000003,100006,100,99885,100,,,,,,,,,,,,,,,,,,,,,,,,,,,,,,,,,,,,
2019-06-28 09:30:00.000000004,99889,100,99885,100,100006,100,,,,,,,,,,,,,,,,,,,,,,,,,,,,,,,,,,
2019-06-28 09:30:00.000000007,100006,100,99885,100,,,,,,,,,,,,,,,,,,,,,,,,,,,,,,,,,,,,
2019-06-28 09:30:00.000000009,100006,100,99885,100,,,99817,100,,,,,,,,,,,,,,,,,,,,,,,,,,,,,,,,
2019-06-28 09:30:00.000000011,99911,100,99889,100,100006,100,99885,100,,,99873,100,,,99817,100,,,,,,,,,,,,,,,,,,,,,,,,
2019-06-28 09:30:00.000000012,99939,100,99889,100,100006,100,99885,100,,,99873,100,,,99817,100,,,,,,,,,,,,,,,,,,,,,,,,
2019-06-28 09:30:00.000000014,99939,100,99889,100,100006,100,99885,100,100112,100,99873,100,,,99817,100,,,,,,,,,,,,,,,,,,,,,,,,
2019-06-28 09:30:00.000000015,99939,100,99890,100,100006,100,99889,100,100112,100,99885,100,,,99873,100,,,99817,100,,,,,,,,,,,,,,,,,,,,
2019-06-28 09:30:00.000000017,99939,100,99935,100,100006,100,99890,100,100112,100,99889,100,,,99885,100,,,99873,100,,,99817,100,,,,,,,,,,,,,,,,
2019-06-28 09:30:00.000000018,99939,100,99935,100,99993,100,99890,100,100006,100,99889,100,100112,100,99885,100,,,99873,100,,,99817,100,,,,,,,,,,,,,,,,
2019-06-28 09:30:00.000000019,99939,100,99935,100,99962,100,99890,100,99993,100,99889,100,100006,100,99885,100,100112,100,99873,100,,,99866,100,,,99817,100,,,,,,,,,,,,
2019-06-28 09:30:00.000000021,99939,100,99935,100,99962,100,99927,100,99993,100,99890,100,100006,100,99889,100,100112,100,99885,100,,,99873,100,,,99866,100,,,99817,100,,,,,,,,
2019-06-28 09:30:00.000000022,99939,100,99927,100,99962,100,99890,100,99993,100,99889,100,100006,100,99885,100,100096,100,99873,100,100112,100,99866,100,,,99817,100,,,,,,,,,,,,
2019-06-28 09:30:00.000000024,99939,100,99927,100,99962,100,99890,100,99993,100,99889,100,100006,100,99885,100,100096,100,99873,100,100112,100,99866,100,100219,100,99817,100,,,,,,,,,,,,
2019-06-28 09:30:00.000000027,99939,100,99927,100,99962,100,99890,100,99993,100,99889,100,100006,100,99885,100,100096,100,99873,100,100112,100,99866,100,100191,100,99859,100,100219,100,99817,100,,,,,,,,
2019-06-28 09:30:00.000000030,99939,100,99927,100,99962,100,99890,100,99993,100,99889,100,100006,100,99885,100,100096,100,99873,100,100112,100,99866,100,100120,100,99859,100,100191,100,99817,100,100219,100,,,,,,
2019-06-28 09:30:00.000000033,99939,100,99927,100,99962,100,99911,100,99993,100,99890,100,100006,100,99889,100,100096,100,99885,100,100112,100,99873,100,100120,100,99866,100,100191,100,99859,100,100219,100,99817,100,,,,
2019-06-28 09:30:00.000000036,99955,100,99927,100,99962,100,99911,100,99993,100,99890,100,100006,100,99889,100,100096,100,99885,100,100112,100,99873,100,100120,100,99866,100,100191,100,99859,100,100219,100,99817,100,,,,
2019-06-28 09:30:00.000000038,99955,100,99927,100,99962,100,99911,200,99993,100,99890,100,100006,100,99889,100,100096,100,99885,100,100112,100,99873,100,100120,100,99866,100,100191,100,99859,100,100219,100,99817,100,,,,
2019-06-28 09:30:00.000000040,99962,100,99927,100,99993,100,99911,200,100006,100,99890,100,100096,100,99889,100,100112,100,99885,100,100120,100,99873,100,100191,100,99866,100,100219,100,99859,100,,,99817,100,,,,
2019-06-28 09:30:00.000000041,99962,100,99927,100,99993,100,99916,100,100006,100,99911,200,100068,100,99890,100,100093,100,99889,100,100096,100,99885,100,100112,100,99873,100,100120,100,99866,100,100191,100,99859,100,100219,100,99817,100
2019-06-28 09:30:00.000000044,99993,100,99927,100,100006,100,99916,100,100068,100,99911,200,100093,100,99890,100,100096,100,99889,100,100112,100,99885,100,100120,100,99873,100,100191,100,99866,100,100219,100,99859,100,,,99817,100
2019-06-28 09:30:00.000000045,99993,100,99955,100,100006,100,99927,100,100068,100,99916,100,100093,100,99911,200,100096,100,99890,100,100112,100,99889,100,100120,100,99885,100,100191,100,99873,100,100219,100,99866,100,,,99859,100
2019-06-28 09:30:00.000000046,99993,100,99975,100,100006,100,99955,100,100068,100,99927,100,100093,100,99916,100,100096,100,99911,200,100112,100,99890,100,100120,100,99889,100,100191,100,99885,100,100219,100,99873,100,,,99866,100
2019-06-28 09:30:00.000000047,99993,100,99975,100,100006,100,99955,200,100068,100,99927,100,100093,100,99916,100,100096,100,99911,200,100112,100,99890,100,100120,100,99889,100,100191,100,99885,100,100219,100,99873,100,,,99866,100
2019-06-28 09:30:00.000000049,99993,100,99975,100,100006,100,99958,100,100068,100,99955,200,100093,100,99927,100,100096,100,99916,100,100112,100,99911,200,100120,100,99890,100,100191,100,99889,100,100219,100,99885,100,,,99873,100
2019-06-28 09:30:00.000000050,99993,100,99975,100,100006,100,99958,100,100068,100,99956,100,100093,100,99955,200,100096,100,99927,100,100112,100,99916,100,100120,100,99911,200,100191,100,99890,100,100219,100,99889,100,,,99885,100
2019-06-28 09:30:00.000000053,99993,100,99975,100,100006,100,99958,100,100068,100,99956,100,100093,100,99955,200,100096,100,99947,100,100112,100,99927,100,100120,100,99916,100,100191,100,99911,200,100219,100,99890,100,,,99889,100
2019-06-28 09:30:00.000000054,99993,100,99975,100,100006,100,99958,100,100034,100,99956,100,100068,100,99955,200,100093,100,99947,100,100096,100,99927,100,100112,100,99916,100,100120,100,99911,200,100191,100,99890,100,100219,100,99889,100
2019-06-28 09:30:00.000000058,99993,100,99958,100,100006,100,99956,100,100034,100,99955,200,100068,100,99947,100,100093,100,99930,100,100096,100,99927,100,100112,100,99916,100,100120,100,99911,200,100162,100,99890,100,100191,100,99889,100
2019-06-28 09:30:00.000000060,99993,100,99958,100,100006,100,99956,100,100034,100,99955,200,100040,100,99947,100,100068,100,99930,100,100093,100,99927,100,100096,100,99916,100,100112,100,99911,200,100120,100,99890,100,100162,100,99889,100
2019-06-28 09:30:00.000000061,99993,100,99962,100,100006,100,99958,100,100034,100,99956,100,100040,100,99955,200,100068,100,99947,100,100093,100,99930,100,100096,100,99927,100,100112,100,99916,100,100120,100,99911,200,100162,100,99890,100
2019-06-28 09:30:00.000000062,99993,100,99962,100,100006,100,99958,100,100026,100,99956,100,100032,100,99955,200,100034,100,99947,100,100040,100,99930,100,100068,100,99927,100,100093,100,99916,100,100096,100,99911,200,100112,100,99890,100
2019-06-28 09:30:00.000000064,100006,100,99962,100,100026,100,99958,100,100032,100,99956,100,100034,100,99955,200,100040,100,99947,100,100068,100,99930,100,100093,100,99927,100,100096,100,99916,100,100112,100,99911,200,100120,100,99890,100
2019-06-28 09:30:00.000000068,100006,100,99981,100,100026,100,99962,100,100032,100,99958,100,100034,100,99956,100,100040,100,99955,200,100068,100,99947,100,100093,100,99930,100,100096,100,99927,100,100112,100,99916,100,100120,100,99911,200
2019-06-28 09:30:00.000000069,100006,100,99981,100,100026,100,99962,100,100032,100,99958,100,100034,100,99956,100,100040,100,99955,200,100062,100,99947,100,100068,100,99930,100,100093,100,99927,100,100096,100,99916,100,100112,100,99911,200
2019-06-28 09:30:00.000000075,100006,100,99981,100,100009,100,99962,100,100026,100,99958,100,100032,100,99956,100,100034,100,99955,200,100040,100,99947,100,100062,100,99930,100,100068,100,99927,100,100093,100,99916,100,100096,100,99911,200
2019-06-28 09:30:00.000000079,100006,100,99981,100,100009,100,99962,100,100026,100,99958,100,100032,100,99956,100,100034,100,99955,200,100040,100,99947,100,100062,100,99930,100,100068,100,99927,100,100093,100,99916,100,100096,100,99911,200
2019-06-28 09:30:00.000000081,99993,100,99981,100,100006,100,99962,100,100009,100,99958,100,100026,100,99956,100,100032,100,99955,200,100034,100,99947,100,100040,100,99930,100,100062,100,99927,100,100068,100,99916,100,100093,100,99911,200
2019-06-28 09:30:00.000000082,100006,100,99981,100,100009,100,99962,100,100026,100,99958,100,100032,100,99956,100,100034,100,99955,200,100040,100,99947,100,100062,100,99930,100,100068,100,99927,100,100093,100,99916,100,100096,100,99911,200
2019-06-28 09:30:00.000000087,99993,100,99981,100,100006,100,99962,100,100009,100,99958,100,100026,100,99956,100,100032,100,99955,200,100034,100,99947,100,100040,100,99930,100,100062,100,99927,100,100068,100,99916,100,100093,100,99911,200
2019-06-28 09:30:00.000000088,99993,100,99981,100,100006,100,99962,100,100009,100,99958,100,100026,100,99956,100,100032,100,99955,200,100034,100,99947,100,100040,100,99940,100,100062,100,99930,100,100068,100,99927,100,100093,100,99916,100
2019-06-28 09:30:00.000000089,99993,100,99981,100,100006,100,99962,100,100009,100,99958,100,100026,100,99956,100,100032,100,99955,200,100034,100,99947,100,100040,100,99940,100,100062,100,99930,100,100068,100,99927,100,100093,100,99916,100
2019-06-28 09:30:00.000000090,99993,100,99981,100,100006,100,99962,100,100009,100,99958,100,100026,100,99956,100,100032,100,99955,200,100034,100,99947,100,100040,100,99940,100,100053,100,99930,100,100062,100,99927,100,100068,100,99916,100
2019-06-28 09:30:00.000000091,99993,100,99981,100,100006,100,99962,100,100009,100,99958,100,100026,100,99956,100,100032,100,99955,200,100034,100,99947,100,100040,200,99940,100,100053,100,99930,100,100062,100,99927,100,100068,100,99916,100
2019-06-28 09:30:00.000000092,99993,100,99981,100,100006,100,99962,100,100009,100,99958,100,100026,100,99956,100,100032,100,99955,200,100034,100,99947,100,100040,200,99940,100,100053,100,99930,100,100062,100,99927,100,100068,100,99916,100
2019-06-28 09:30:00.000000095,99993,200,99981,100,100006,100,99962,100,100009,100,99958,100,100026,100,99956,100,100032,100,99955,200,100034,100,99947,100,100040,200,99940,100,100053,100,99930,100,100062,100,99927,100,100068,100,99916,100
2019-06-28 09:30:00.000000099,99993,200,99981,100,100006,100,99962,100,100009,100,99958,100,100026,100,99956,100,100032,100,99955,200,100034,100,99947,100,100040,200,99940,100,100053,100,99930,100,100062,100,99927,100,100068,100,99916,100
2019-06-28 09:30:00.947270889,99993,200,99962,100,100006,100,99958,100,100009,100,99956,100,100026,100,99955,200,100032,100,99947,100,100040,200,99940,100,100053,100,99930,100,100062,100,99927,100,100068,100,99916,100,100069,100,99911,200
2019-06-28 09:30:10.000000000,99993,262,99962,162,100006,162,99958,162,100009,162,99956,162,100026,162,99955,262,100032,162,99947,162,100040,200,99940,100,100053,100,99930,100,100062,100,99927,100,100068,100,99916,100,100069,100,99911,200
2019-06-28 09:30:20.000000000,99993,306,99962,206,100006,203,99958,203,100009,203,99956,203,100026,100,99955,200,100032,100,99947,100,100040,200,99940,100,100053,100,99930,100,100062,100,99927,100,100068,100,99916,100,100069,100,99911,200
2019-06-28 09:30:30.000000000,99993,278,99962,178,100006,178,99958,178,100009,178,99956,178,100026,178,99955,278,100032,100,99947,100,100040,200,99940,100,100053,100,99930,100,100062,100,99927,100,100068,100,99916,100,100069,100,99911,200
2019-06-28 09:30:40.000000000,99993,278,99962,178,100006,178,99958,178,100009,178,99956,178,100026,178,99955,278,100032,100,99947,100,100040,200,99940,100,100053,100,99930,100,100062,100,99927,100,100068,100,99916,100,100069,100,99911,200
2019-06-28 09:30:43.646988525,99993,278,99962,78,100006,178,99958,178,100009,178,99956,178,100026,178,99955,278,100032,100,99947,100,100040,200,99940,100,100053,100,99930,100,100062,100,99916,100,100068,100,99911,200,100069,100,99890,100
2019-06-28 09:30:44.729510332,99962,22,99958,178,99993,278,99956,178,100006,178,99955,278,100009,178,99947,100,100026,78,99940,100,100032,100,99930,100,100040,200,99916,100,100053,100,99911,200,100062,100,99890,100,100068,100,99889,100
2019-06-28 09:30:50.000000000,99962,100,99958,178,99993,278,99956,178,100006,178,99955,278,100009,178,99947,178,100032,100,99940,100,100040,200,99930,100,100053,100,99916,100,100062,100,99911,200,100068,100,99890,100,100069,100,99889,100
2019-06-28 09:30:58.781065538,99962,200,99958,178,99993,278,99956,178,100006,178,99955,278,100009,178,99947,178,100032,100,99940,100,100040,200,99930,100,100053,100,99916,100,100062,100,99911,200,100068,100,99890,100,100069,100,99889,100
2019-06-28 09:31:00.000000000,99962,200,99958,178,99993,278,99956,178,100006,178,99955,278,100009,178,99947,178,100032,100,99940,100,100040,200,99930,100,100053,100,99916,100,100062,100,99911,200,100068,100,99890,100,100069,100,99889,100
2019-06-28 09:31:04.789165210,99962,200,99958,178,99993,278,99956,178,100006,178,99955,278,100009,178,99947,178,100032,100,99940,100,100040,200,99930,100,100053,100,99916,100,100062,100,99911,200,100068,100,99890,100,100069,100,99889,100
2019-06-28 09:31:10.000000000,99962,200,99958,178,99993,278,99956,178,100006,178,99955,278,100009,178,99947,178,100032,100,99940,100,100040,200,99930,100,100053,100,99916,100,100062,100,99911,200,100068,100,99890,100,100069,100,99889,100
2019-06-28 09:31:12.585613641,99962,200,99958,178,99993,278,99956,178,100006,178,99955,278,100009,178,99947,178,100032,100,99940,100,100040,200,99930,100,100053,100,99916,100,100062,100,99911,200,100068,100,99890,100,100069,100,99889,100
2019-06-28 09:31:19.727029024,99962,200,99958,78,99966,100,99956,178,99993,278,99955,278,100006,178,99947,178,100009,178,99940,100,100032,100,99930,100,100040,200,99916,100,100053,100,99911,200,100062,100,99890,100,100068,100,99889,100
2019-06-28 09:31:20.000000000,99962,200,99956,178,99966,178,99955,278,99993,278,99947,178,100006,178,99940,178,100009,100,99930,100,100032,100,99916,100,100040,200,99911,200,100053,100,99890,100,100062,100,99889,100,100068,100,99885,100
2019-06-28 09:31:30.000000000,99962,433,99956,411,99966,100,99955,200,99993,200,99947,100,100006,100,99940,100,100009,100,99930,100,100032,100,99916,100,100040,200,99911,200,100053,100,99890,100,100062,100,99889,100,100068,100,99885,100
2019-06-28 09:31:34.838311170,99962,433,99956,411,99966,100,99955,200,99993,200,99947,100,100006,100,99940,100,100009,100,99930,100,100032,100,99916,100,100040,200,99914,100,100053,100,99911,200,100062,100,99890,100,100068,100,99889,100
2019-06-28 09:31:40.000000000,99962,184,99956,162,99966,162,99955,262,99993,262,99947,162,100006,162,99940,162,100009,162,99930,162,100032,100,99916,100,100040,200,99914,100,100053,100,99911,200,100062,100,99890,100,100068,100,99889,100
2019-06-28 09:31:50.000000000,99962,278,99956,256,99966,256,99955,356,99993,200,99947,100,100006,100,99940,100,100009,100,99930,100,100032,100,99916,100,100040,200,99914,100,100053,100,99911,200,100062,100,99890,100,100068,100,99889,100
2019-06-28 09:32:00.000000000,99962,278,99956,256,99966,256,99955,356,99993,200,99947,100,100006,100,99940,100,100009,100,99930,100,100032,100,99916,100,100040,200,99914,100,100053,100,99911,200,100062,100,99890,100,100068,100,99889,100
2019-06-28 09:32:10.000000000,99962,228,99956,206,99966,203,99955,303,99993,303,99947,203,100006,100,99940,100,100009,100,99930,100,100032,100,99916,100,100040,200,99914,100,100053,100,99911,200,100062,100,99890,100,100068,100,99889,100
2019-06-28 09:32:16.489426831,99962,228,99956,206,99966,203,99955,303,99993,303,99947,103,100006,100,99940,100,100009,100,99930,100,100032,100,99916,100,100040,200,99914,100,100053,100,99911,200,100062,100,99890,100,100068,100,99889,100
2019-06-28 09:32:20.000000000,99962,433,99956,411,99966,100,99955,200,99993,200,99940,100,100006,100,99930,100,100009,100,99916,100,100032,100,99914,100,100040,200,99911,200,100053,100,99890,100,100062,100,99889,100,100068,100,99885,100
2019-06-28 09:32:29.969711314,99962,433,99956,411,99966,100,99955,200,99993,200,99940,100,100006,100,99916,100,100009,100,99914,100,100032,100,99911,200,100040,200,99890,100,100053,100,99889,100,100062,100,99885,100,100068,100,99873,100
2019-06-28 09:32:30.000000000,99962,433,99956,411,99966,100,99955,200,99993,200,99940,100,100006,100,99916,100,100009,100,99914,100,100032,100,99911,200,100040,200,99890,100,100053,100,99889,100,100062,100,99885,100,100068,100,99873,100
2019-06-28 09:32:40.000000000,99962,200,99956,178,99966,178,99955,278,99993,278,99940,178,100006,178,99916,178,100009,100,99914,100,100032,100,99911,200,100040,200,99890,100,100053,100,99889,100,100062,100,99885,100,100068,100,99873,100
2019-06-28 09:32:43.210568191,99962,100,99956,178,99966,178,99955,278,99993,278,99940,178,100006,178,99916,178,100009,100,99914,100,100032,100,99911,200,100040,200,99890,100,100053,100,99889,100,100062,100,99885,100,100068,100,99873,100
2019-06-28 09:32:50.000000000,99962,333,99956,411,99966,100,99955,200,99993,200,99940,100,100006,100,99916,100,100009,100,99914,100,100032,100,99911,200,100040,200,99890,100,100053,100,99889,100,100062,100,99885,100,100068,100,99873,100
2019-06-28 09:32:51.306972201,99962,333,99956,411,99966,100,99955,200,99993,200,99940,100,100006,100,99916,100,100009,100,99914,100,100028,100,99911,200,100032,100,99890,100,100040,200,99889,100,100053,100,99885,100,100062,100,99873,100
2019-06-28 09:32:51.479622553,99962,233,99956,411,99966,100,99955,200,99993,200,99940,100,100006,100,99916,100,100009,100,99914,100,100028,100,99911,200,100032,100,99890,100,100040,200,99889,100,100053,100,99885,100,100062,100,99873,100
2019-06-28 09:32:52.462976806,99962,133,99956,411,99966,100,99955,200,99993,200,99940,100,100006,100,99916,100,100009,100,99914,100,100028,100,99911,200,100032,100,99890,100,100040,200,99889,100,100053,100,99885,100,100062,100,99873,100
2019-06-28 09:33:00.000000000,99966,256,99956,256,99993,356,99955,356,100006,100,99940,100,100009,100,99916,100,100028,100,99914,100,100032,100,99911,200,100040,200,99890,100,100053,100,99889,100,100062,100,99885,100,100068,100,99873,100
2019-06-28 09:33:01.674157607,99966,156,99956,256,99993,356,99955,356,100006,100,99940,100,100009,100,99916,100,100028,100,99914,100,100032,100,99911,200,100040,200,99890,100,100053,100,99889,100,100062,100,99885,100,100069,100,99873,100
2019-06-28 09:33:10.000000000,99993,262,99956,162,100006,162,99955,262,100009,162,99940,162,100028,162,99916,162,100032,162,99914,162,100040,200,99911,200,100053,100,99890,100,100062,100,99889,100,100069,100,99885,100,100088,100,99873,100
2019-06-28 09:33:20.000000000,99993,278,99956,178,100006,178,99955,278,100009,178,99940,178,100028,178,99916,178,100032,100,99914,100,100040,200,99911,200,100053,100,99890,100,100062,100,99889,100,100069,100,99885,100,100088,100,99873,100
2019-06-28 09:33:30.000000000,99993,262,99956,162,100006,162,99955,262,100009,162,99940,162,100028,162,99916,162,100032,162,99914,162,100040,200,99911,200,100053,100,99890,100,100062,100,99889,100,100069,100,99885,100,100088,100,99873,100
2019-06-28 09:33:40.000000000,99993,356,99956,256,100006,256,99955,356,100009,100,99940,100,100028,100,99916,100,100032,100,99914,100,100040,200,99911,200,100053,100,99890,100,100062,100,99889,100,100069,100,99885,100,100088,100,99873,100
2019-06-28 09:33:50.000000000,99993,356,99956,256,100006,256,99955,356,100009,100,99940,100,100028,100,99916,100,100032,100,99914,100,100040,200,99911,200,100053,100,99890,100,100062,100,99889,100,100069,100,99885,100,100088,100,99873,100
2019-06-28 09:33:51.821583324,99993,256,99956,256,100006,256,99955,356,100009,100,99940,100,100028,100,99916,100,100032,100,99914,100,100040,200,99911,200,100053,100,99890,100,100062,100,99889,100,100069,100,99885,100,100088,100,99873,100
2019-06-28 09:34:00.000000000,99993,162,99956,162,100006,162,99955,262,100009,162,99940,162,100028,162,99916,162,100032,162,99914,162,100040,200,99911,200,100053,100,99890,100,100062,100,99889,100,100069,100,99885,100,100088,100,99873,100
2019-06-28 09:34:04.924010694,99993,162,99956,162,100006,162,99955,262,100009,162,99940,162,100028,162,99916,162,100032,162,99914,162,100040,200,99911,200,100053,100,99890,100,100062,100,99889,100,100069,100,99885,100,100088,100,99873,100
2019-06-28 09:34:10.000000000,99993,256,99956,256,100006,256,99955,356,100009,100,99940,100,100028,100,99916,100,100032,100,99914,100,100040,200,99911,200,100053,100,99890,100,100062,100,99889,100,100069,100,99885,100,100088,100,99873,100
2019-06-28 09:34:20.000000000,99993,162,99956,162,100006,162,99955,262,100009,162,99940,162,100028,162,99916,162,100032,162,99914,162,100040,200,99911,200,100053,100,99890,100,100062,100,99889,100,100069,100,99885,100,100088,100,99873,100
2019-06-28 09:34:30.000000000,99993,206,99956,206,100006,203,99955,303,100009,203,99940,203,100028,100,99916,100,100032,100,99914,100,100040,200,99911,200,100053,100,99890,100,100062,100,99889,100,100069,100,99885,100,100088,100,99873,100
2019-06-28 09:34:40.000000000,99993,411,99956,411,100006,100,99955,200,100009,100,99940,100,100028,100,99916,100,100032,100,99914,100,100040,200,99911,200,100053,100,99890,100,100062,100,99889,100,100069,100,99885,100,100088,100,99873,100
2019-06-28 09:34:43.855578190,99993,311,99956,411,100006,100,99955,200,100009,100,99940,100,100028,100,99916,100,100032,100,99914,100,100040,200,99911,200,100053,100,99890,100,100062,100,99889,100,100069,100,99885,100,100088,100,99873,100
2019-06-28 09:34:44.852153887,99993,311,99956,411,100006,100,99955,200,100009,100,99940,100,100028,100,99916,100,100032,100,99914,100,100040,200,99911,200,100053,100,99889,100,100062,100,99885,100,100069,100,99873,100,100088,100,99840,100
2019-06-28 09:34:50.000000000,100006,178,99956,178,100009,178,99955,278,100028,178,99940,178,100032,178,99916,178,100040,200,99914,100,100053,100,99911,200,100062,100,99889,100,100069,100,99885,100,100088,100,99873,100,100093,100,99840,100
2019-06-28 09:34:57.215239341,100006,178,99956,178,100009,178,99955,278,100028,178,99940,178,100032,178,99916,178,100040,200,99914,100,100053,100,99911,200,100062,100,99889,100,100069,100,99885,100,100093,100,99873,100,100096,100,99840,100
2019-06-28 09:35:00.000000000,100006,162,99956,162,100009,162,99955,262,100028,162,99940,162,100032,162,99916,162,100040,262,99914,162,100053,100,99911,200,100062,100,99889,100,100069,100,99885,100,100093,100,99873,100,100096,100,99840,100
2019-06-28 09:35:10.000000000,100006,256,99956,256,100009,256,99955,356,100028,100,99940,100,100032,100,99916,100,100040,200,99914,100,100053,100,99911,200,100062,100,99889,100,100069,100,99885,100,100093,100,99873,100,100096,100,99840,100
2019-06-28 09:35:12.969213668,100006,156,99956,256,100009,256,99955,356,100028,100,99940,100,100032,100,99916,100,100040,200,99914,100,100053,100,99911,200,100062,100,99889,100,100069,100,99885,100,100093,100,99873,100,100096,100,99840,100
2019-06-28 09:35:20.000000000,100009,256,99956,256,100028,256,99955,356,100032,100,99940,100,100040,200,99916,100,100053,100,99914,100,100062,100,99911,200,100069,100,99889,100,100093,100,99885,100,100096,100,99873,100,100112,100,99840,100
2019-06-28 09:35:29.477625007,100009,256,99993,100,100028,256,99956,256,100032,100,99955,356,100040,200,99940,100,100053,100,99916,100,100062,100,99914,100,100069,100,99911,200,100093,100,99889,100,100096,100,99885,100,100112,100,99873,100
2019-06-28 09:35:30.000000000,100009,162,99993,162,100028,162,99956,162,100032,162,99955,262,100040,262,99940,162,100053,162,99916,162,100062,100,99914,100,100069,100,99911,200,100093,100,99889,100,100096,100,99885,100,100112,100,99873,100
2019-06-28 09:35:40.000000000,100009,178,99993,178,100028,178,99956,178,100032,178,99955,278,100040,278,99940,178,100053,100,99916,100,100062,100,99914,100,100069,100,99911,200,100093,100,99889,100,100096,100,99885,100,100112,100,99873,100
2019-06-28 09:35:47.182532879,100009,78,99993,178,100028,178,99956,178,100032,178,99955,278,100040,278,99940,178,100053,100,99916,100,100062,100,99914,100,100069,100,99911,200,100093,100,99889,100,100096,100,99885,100,100112,100,99873,100
2019-06-28 09:35:50.000000000,100028,411,99993,411,100032,100,99956,100,100040,200,99955,200,100053,100,99940,100,100062,100,99916,100,100069,100,99914,100,100093,100,99911,200,100096,100,99889,100,100112,100,99885,100,100162,100,99873,100
2019-06-28 09:35:56.974605951,100028,311,99993,411,100032,100,99956,100,100040,200,99955,200,100053,100,99940,100,100062,100,99916,100,100069,100,99914,100,100093,100,99911,200,100096,100,99889,100,100112,100,99885,100,100162,100,99873,100
2019-06-28 09:35:59.967968494,100028,311,99993,411,100032,100,99956,100,100040,200,99955,200,100053,100,99940,100,100062,100,99916,100,100069,100,99914,100,100093,100,99911,200,100096,100,99889,100,100112,100,99885,100,100134,100,99873,100
2019-06-28 09:36:00.000000000,100032,162,99993,162,100040,262,99956,162,100053,162,99955,262,100062,162,99940,162,100069,162,99916,162,100093,100,99914,100,100096,100,99911,200,100112,100,99889,100,100134,100,99885,100,100162,100,99873,100
2019-06-28 09:36:03.547801663,100032,162,99993,162,100040,262,99956,162,100053,162,99955,262,100062,162,99940,162,100069,162,99916,162,100093,100,99914,100,100096,100,99911,200,100112,100,99889,100,100134,100,99885,100,100172,100,99873,100
2019-06-28 09:36:10.000000000,100032,411,99993,411,100040,200,99956,100,100053,100,99955,200,100062,100,99940,100,100069,100,99916,100,100093,100,99914,100,100096,100,99911,200,100112,100,99889,100,100134,100,99885,100,100172,100,99873,100
2019-06-28 09:36:20.000000000,100032,256,99993,256,100040,356,99956,256,100053,100,99955,200,100062,100,99940,100,100069,100,99916,100,100093,100,99914,100,100096,100,99911,200,100112,100,99889,100,100134,100,99885,100,100172,100,99873,100
2019-06-28 09:36:26.118931117,100032,256,99993,256,100040,356,99956,256,100053,100,99955,200,100062,100,99940,100,100069,100,99916,100,100093,100,99914,100,100096,100,99911,200,100112,100,99889,100,100134,100,99885,100,100172,100,99873,100
2019-06-28 09:36:30.000000000,100032,256,99993,256,100040,356,99956,256,100053,100,99955,200,100062,100,99940,100,100069,100,99916,100,100093,100,99914,100,100096,100,99911,200,100112,100,99889,100,100134,100,99885,100,100172,100,99873,100
2019-06-28 09:36:40.000000000,100032,178,99993,178,100040,278,99956,178,100053,178,99955,278,100062,178,99940,178,100069,100,99916,100,100093,100,99914,100,100096,100,99911,200,100112,100,99889,100,100134,100,99885,100,100172,100,99873,100
2019-06-28 09:36:41.497773976,100032,78,99993,178,100040,278,99956,178,100053,178,99955,278,100062,178,99940,178,100069,100,99916,100,100093,100,99914,100,100096,100,99911,200,100112,100,99889,100,100134,100,99885,100,100172,100,99873,100
2019-06-28 09:36:50.000000000,100040,306,99993,206,100053,203,99956,203,100062,203,99955,303,100069,100,99940,100,100093,100,99916,100,100096,100,99914,100,100112,100,99911,200,100134,100,99889,100,100172,100,99885,100,100191,100,99873,100
2019-06-28 09:37:00.000000000,100040,511,99993,411,100053,100,99956,100,100062,100,99955,200,100069,100,99940,100,100093,100,99916,100,100096,100,99914,100,100112,100,99911,200,100134,100,99889,100,100172,100,99885,100,100191,100,99873,100
2019-06-28 09:37:05.360782350,100040,411,99993,411,100053,100,99956,100,100062,100,99955,200,100069,100,99940,100,100093,100,99916,100,100096,100,99914,100,100112,100,99911,200,100134,100,99889,100,100172,100,99885,100,100191,100,99873,100
2019-06-28 09:37:10.000000000,100040,411,99993,411,100053,100,99956,100,100062,100,99955,200,100069,100,99940,100,100093,100,99916,100,100096,100,99914,100,100112,100,99911,200,100134,100,99889,100,100172,100,99885,100,100191,100,99873,100
2019-06-28 09:37:20.000000000,100040,178,99993,178,100053,178,99956,178,100062,178,99955,278,100069,178,99940,178,100093,100,99916,100,100096,100,99914,100,100112,100,99911,200,100134,100,99889,100,100172,100,99885,100,100191,100,99873,100
2019-06-28 09:37:25.076638415,100040,178,99993,178,100053,178,99956,178,100062,178,99955,278,100069,178,99940,178,100096,100,99916,100,100112,100,99914,100,100134,100,99911,200,100172,100,99889,100,100191,100,99885,100,100219,100,99873,100
2019-06-28 09:37:26.930370013,100040,78,99993,178,100053,178,99956,178,100062,178,99955,278,100069,178,99940,178,100096,100,99916,100,100112,100,99914,100,100134,100,99911,200,100172,100,99889,100,100191,100,99885,100,100219,100,99873,100
2019-06-28 09:37:30.000000000,100053,256,99993,256,100062,256,99956,256,100069,100,99955,200,100096,100,99940,100,100112,100,99916,100,100134,100,99914,100,100172,100,99911,200,100191,100,99889,100,100219,100,99885,100,100295,100,99873,100
2019-06-28 09:37:40.000000000,100053,256,99993,256,100062,256,99956,256,100069,100,99955,200,100096,100,99940,100,100112,100,99916,100,100134,100,99914,100,100172,100,99911,200,100191,100,99889,100,100219,100,99885,100,100295,100,99873,100
2019-06-28 09:37:46.573629069,100053,256,100040,100,100062,256,99993,256,100069,100,99956,256,100096,100,99955,200,100112,100,99940,100,100134,100,99916,100,100172,100,99914,100,100191,100,99911,200,100219,100,99889,100,100295,100,99873,100
2019-06-28 09:37:48.860326385,100053,256,100040,100,100062,256,99993,256,100069,100,99956,256,100096,100,99955,200,100112,100,99940,100,100134,100,99916,100,100172,100,99914,100,100191,100,99911,200,100219,100,99889,100,100295,100,99873,100
2019-06-28 09:37:50.000000000,100053,411,100040,411,100062,100,99993,100,100069,100,99956,100,100096,100,99955,200,100112,100,99940,100,100134,100,99916,100,100172,100,99914,100,100191,100,99911,200,100219,100,99889,100,100295,100,99873,100
2019-06-28 09:37:50.723476579,100053,411,100040,411,100062,100,99993,100,100069,100,99956,100,100096,100,99955,200,100112,100,99940,100,100134,100,99916,100,100172,100,99914,100,100191,100,99911,200,100219,100,99889,100,100295,100,99873,100
2019-06-28 09:37:51.825232449,100053,411,100040,411,100062,100,99993,100,100069,100,99956,100,100096,100,99955,200,100112,100,99940,100,100134,100,99916,100,100172,100,99914,100,100191,100,99911,200,100219,100,99889,100,100295,100,99873,100
2019-06-28 09:38:00.000000000,100053,162,100040,162,100062,162,99993,162,100069,162,99956,162,100096,162,99955,262,100112,162,99940,162,100134,100,99916,100,100172,100,99914,100,100191,100,99911,200,100219,100,99889,100,100295,100,99873,100
2019-06-28 09:38:10.000000000,100053,256,100040,256,100062,256,99993,256,100069,100,99956,100,100096,100,99955,200,100112,100,99940,100,100134,100,99916,100,100172,100,99914,100,100191,100,99911,200,100219,100,99889,100,100295,100,99873,100
2019-06-28 09:38:20.000000000,100053,162,100040,162,100062,162,99993,162,100069,162,99956,162,100096,162,99955,262,100112,162,99940,162,100134,100,99916,100,100172,100,99914,100,100191,100,99911,200,100219,100,99889,100,100295,100,99873,100
2019-06-28 09:38:28.757803050,100053,162,100040,162,100062,162,99993,162,100069,162,99956,162,100096,162,99955,262,100112,162,99940,162,100134,100,99916,100,100172,100,99914,100,100191,100,99911,200,100295,100,99889,100,100432,100,99873,100
2019-06-28 09:38:30.000000000,100053,256,100040,256,100062,256,99993,256,100069,100,99956,100,100096,100,99955,200,100112,100,99940,100,100134,100,99916,100,100172,100,99914,100,100191,100,99911,200,100295,100,99889,100,100432,100,99873,100
2019-06-28 09:38:36.462616381,100053,156,100040,256,100062,256,99993,256,100069,100,99956,100,100096,100,99955,200,100112,100,99940,100,100134,100,99916,100,100172,100,99914,100,100191,100,99911,200,100295,100,99889,100,100432,100,99873,100
2019-06-28 09:38:40.000000000,100062,162,100040,162,100069,162,99993,162,100096,162,99956,162,100112,162,99955,262,100134,162,99940,162,100172,100,99916,100,100191,100,99914,100,100295,100,99911,200,100432,100,99889,100,100522,100,99873,100
2019-06-28 09:38:44.585892032,100062,162,100041,100,100069,162,100040,162,100096,162,99993,162,100112,162,99956,162,100134,162,99955,262,100172,100,99940,162,100191,100,99916,100,100295,100,99914,100,100432,100,99911,200,100522,100,99889,100
2019-06-28 09:38:50.000000000,100062,178,100041,178,100069,178,100040,178,100096,178,99993,178,100112,178,99956,178,100134,100,99955,200,100172,100,99940,100,100191,100,99916,100,100295,100,99914,100,100432,100,99911,200,100522,100,99889,100
2019-06-28 09:39:00.000000000,100062,178,100041,178,100069,178,100040,178,100096,178,99993,178,100112,178,99956,178,100134,100,99955,200,100172,100,99940,100,100191,100,99916,100,100295,100,99914,100,100432,100,99911,200,100522,100,99889,100
2019-06-28 09:39:07.044762632,100062,78,100041,178,100069,178,100040,178,100096,178,99993,178,100112,178,99956,178,100134,100,99955,200,100172,100,99940,100,100191,100,99916,100,100295,100,99914,100,100432,100,99911,200,100522,100,99889,100
2019-06-28 09:39:10.000000000,100069,411,100041,411,100096,100,100040,100,100112,100,99993,100,100134,100,99956,100,100172,100,99955,200,100191,100,99940,100,100295,100,99916,100,100432,100,99914,100,100522,100,99911,200,100543,100,99889,100
2019-06-28 09:39:20.000000000,100069,256,100041,256,100096,256,100040,256,100112,100,99993,100,100134,100,99956,100,100172,100,99955,200,100191,100,99940,100,100295,100,99916,100,100432,100,99914,100,100522,100,99911,200,100543,100,99889,100
2019-06-28 09:39:21.822252319,100069,256,100041,256,100096,256,100040,256,100112,100,99993,100,100134,100,99956,100,100172,100,99955,200,100191,100,99940,100,100295,100,99916,100,100432,100,99914,100,100522,100,99911,200,100543,100,99889,100
2019-06-28 09:39:28.997982839,100069,256,100053,100,100096,256,100041,256,100112,100,100040,256,100134,100,99993,100,100172,100,99956,100,100191,100,99955,200,100295,100,99940,100,100432,100,99916,100,100522,100,99914,100,100543,100,99911,200
2019-06-28 09:39:30.000000000,100069,411,100053,411,100096,100,100041,100,100112,100,100040,100,100134,100,99993,100,100172,100,99956,100,100191,100,99955,200,100295,100,99940,100,100432,100,99916,100,100522,100,99914,100,100543,100,99911,200
2019-06-28 09:39:31.293907897,100069,311,100053,411,100096,100,100041,100,100112,100,100040,100,100134,100,99993,100,100172,100,99956,100,100191,100,99955,200,100295,100,99940,100,100432,100,99916,100,100522,100,99914,100,100543,100,99911,200
2019-06-28 09:39:40.000000000,100096,162,100053,162,100112,162,100041,162,100134,162,100040,162,100172,162,99993,162,100191,162,99956,162,100295,100,99955,200,100432,100,99940,100,100522,100,99916,100,100543,100,99914,100,100563,100,99911,200
2019-06-28 09:39:41.537966952,100096,62,100053,162,100112,162,100041,162,100134,162,100040,162,100172,162,99993,162,100191,162,99956,162,100295,100,99955,200,100432,100,99940,100,100522,100,99916,100,100543,100,99914,100,100687,100,99911,200
2019-06-28 09:39:50.000000000,100112,162,100053,162,100134,162,100041,162,100172,162,100040,162,100191,162,99993,162,100295,162,99956,162,100432,100,99955,200,100522,100,99940,100,100543,100,99916,100,100687,100,99914,100,,,99911,200
2019-06-28 09:40:00.000000000,100112,162,100053,162,100134,162,100041,162,100172,162,100040,162,100191,162,99993,162,100295,162,99956,162,100432,100,99955,200,100522,100,99940,100,100543,100,99916,100,100687,100,99914,100,,,99911,200
2019-06-28 09:40:10.000000000,100112,256,100053,256,100134,256,100041,256,100172,100,100040,100,100191,100,99993,100,100295,100,99956,100,100432,100,99955,200,100522,100,99940,100,100543,100,99916,100,100687,100,99914,100,,,99911,200
2019-06-28 09:40:10.680248904,100112,256,100053,256,100134,256,100041,256,100172,100,100040,100,100191,100,99993,100,100295,100,99956,100,100432,100,99955,100,100522,100,99940,100,100543,100,99916,100,100687,100,99914,100,,,99911,200
2019-06-28 09:40:15.838802661,100068,100,100053,256,100112,256,100041,256,100134,256,100040,100,100172,100,99993,100,100191,100,99956,100,100295,100,99955,100,100432,100,99940,100,100522,100,99916,100,100543,100,99914,100,100687,100,99911,200
2019-06-28 09:40:20.000000000,100068,411,100053,411,100112,100,100041,100,100134,100,100040,100,100172,100,99993,100,100191,100,99956,100,100295,100,99955,100,100432,100,99940,100,100522,100,99916,100,100543,100,99914,100,100687,100,99911,200
2019-06-28 09:40:30.000000000,100068,206,100053,206,100112,203,100041,203,100134,203,100040,203,100172,100,99993,100,100191,100,99956,100,100295,100,99955,100,100432,100,99940,100,100522,100,99916,100,100543,100,99914,100,100687,100,99911,200
2019-06-28 09:40:40.000000000,100068,178,100053,178,100112,178,100041,178,100134,178,100040,178,100172,178,99993,178,100191,100,99956,100,100295,100,99955,100,100432,100,99940,100,100522,100,99916,100,100543,100,99914,100,100687,100,99911,200
2019-06-28 09:40:42.559442244,100068,78,100053,178,100112,178,100041,178,100134,178,100040,178,100172,178,99993,178,100191,100,99956,100,100295,100,99955,100,100432,100,99940,100,100522,100,99916,100,100543,100,99914,100,100687,100,99911,200
2019-06-28 09:40:45.650634230,100068,78,100053,178,100112,78,100041,178,100134,178,100040,178,100172,178,99993,178,100191,100,99956,100,100295,100,99955,100,100302,100,99940,100,100432,100,99916,100,100522,100,99914,100,100543,100,99911,200
2019-06-28 09:40:46.044621989,100112,78,100068,22,100134,178,100053,178,100172,178,100041,178,100191,100,100040,178,100295,100,99993,178,100302,100,99956,100,100432,100,99955,100,100522,100,99940,100,100543,100,99916,100,100687,100,99914,100
2019-06-28 09:40:50.000000000,100134,256,100068,178,100172,256,100053,256,100191,100,100041,100,100295,100,100040,100,100302,100,99993,100,100432,100,99956,100,100522,100,99955,100,100543,100,99940,100,100687,100,99916,100,,,99914,100
2019-06-28 09:41:00.000000000,100134,256,100068,178,100172,256,100053,256,100191,100,100041,100,100295,100,100040,100,100302,100,99993,100,100432,100,99956,100,100522,100,99955,100,100543,100,99940,100,100687,100,99916,100,,,99914,100
2019-06-28 09:41:10.000000000,100134,206,100068,128,100172,203,100053,203,100191,203,100041,203,100295,100,100040,100,100302,100,99993,100,100432,100,99956,100,100522,100,99955,100,100543,100,99940,100,100687,100,99916,100,,,99914,100
2019-06-28 09:41:17.963267031,100134,206,100068,128,100172,203,100053,203,100191,203,100041,203,100295,100,100040,100,100302,100,99993,100,100432,100,99956,100,100522,100,99955,100,100543,100,99940,100,100594,100,99916,100,100687,100,99914,100
2019-06-28 09:41:20.000000000,100134,411,100068,333,100172,100,100053,100,100191,100,100041,100,100295,100,100040,100,100302,100,99993,100,100432,100,99956,100,100522,100,99955,100,100543,100,99940,100,100594,100,99916,100,100687,100,99914,100
2019-06-28 09:41:21.348320155,100134,311,100068,333,100172,100,100053,100,100191,100,100041,100,100295,100,100040,100,100302,100,99993,100,100432,100,99956,100,100522,100,99955,100,100543,100,99940,100,100594,100,99916,100,100687,100,99914,100
2019-06-28 09:41:30.000000000,100172,256,100068,178,100191,256,100053,256,100295,100,100041,100,100302,100,100040,100,100432,100,99993,100,100522,100,99956,100,100543,100,99955,100,100594,100,99940,100,100687,100,99916,100,,,99914,100
2019-06-28 09:41:40.000000000,100172,411,100068,333,100191,100,100053,100,100295,100,100041,100,100302,100,100040,100,100432,100,99993,100,100522,100,99956,100,100543,100,99955,100,100594,100,99940,100,100687,100,99916,100,,,99914,100
2019-06-28 09:41:50.000000000,100172,256,100068,178,100191,256,100053,256,100295,100,100041,100,100302,100,100040,100,100432,100,99993,100,100522,100,99956,100,100543,100,99955,100,100594,100,99940,100,100687,100,99916,100,,,99914,100
2019-06-28 09:42:00.000000000,100172,178,100068,100,100191,178,100053,178,100295,178,100041,178,100302,178,100040,178,100432,100,99993,100,100522,100,99956,100,100543,100,99955,100,100594,100,99940,100,100687,100,99916,100,,,99914,100
2019-06-28 09:42:05.632443110,100172,78,100068,100,100191,178,100053,178,100295,178,100041,178,100302,178,100040,178,100432,100,99993,100,100522,100,99956,100,100594,100,99955,100,100687,100,99940,100,,,99916,100,,,99914,100
2019-06-28 09:42:10.000000000,100191,256,100068,178,100295,256,100053,256,100302,100,100041,100,100432,100,100040,100,100522,100,99993,100,100594,100,99956,100,100687,100,99955,100,,,99940,100,,,99916,100,,,99914,100
2019-06-28 09:42:20.000000000,100191,206,100068,128,100295,203,100053,203,100302,203,100041,203,100432,100,100040,100,100522,100,99993,100,100594,100,99956,100,100687,100,99955,100,,,99940,100,,,99916,100,,,99914,100
2019-06-28 09:42:27.826039682,100191,206,100068,128,100295,203,100053,203,100302,203,100041,203,100432,100,100040,100,100594,100,99993,100,100687,100,99956,100,100716,100,99955,100,,,99940,100,,,99916,100,,,99914,100
2019-06-28 09:42:30.000000000,100191,206,100068,128,100295,203,100053,203,100302,203,100041,203,100432,100,100040,100,100594,100,99993,100,100687,100,99956,100,100716,100,99955,100,,,99940,100,,,99916,100,,,99914,100
2019-06-28 09:42:40.000000000,100191,178,100068,100,100295,178,100053,178,100302,178,100041,178,100432,178,100040,178,100594,100,99993,100,100687,100,99956,100,100716,100,99955,100,,,99940,100,,,99916,100,,,99914,100
2019-06-28 09:42:45.194625044,100191,178,100134,100,100295,178,100068,100,100302,178,100053,178,100432,178,100041,178,100594,100,100040,178,100687,100,99993,100,100716,100,99956,100,,,99955,100,,,99940,100,,,99916,100
2019-06-28 09:42:48.642877923,100191,78,100134,100,100295,178,100068,100,100302,178,100053,178,100432,178,100041,178,100594,100,100040,178,100687,100,99993,100,,,99956,100,,,99955,100,,,99940,100,,,99916,100
2019-06-28 09:42:50.000000000,100295,411,100134,411,100302,100,100068,22,100432,100,100053,100,100594,100,100041,100,100687,100,100040,100,,,99993,100,,,99956,100,,,99955,100,,,99940,100,,,99916,100
2019-06-28 09:43:00.000000000,100295,256,100134,256,100302,256,100068,178,100432,100,100053,100,100594,100,100041,100,100687,100,100040,100,,,99993,100,,,99956,100,,,99955,100,,,99940,100,,,99916,100
2019-06-28 09:43:02.267942266,100295,256,100134,256,100302,256,100068,178,100432,100,100053,100,100594,100,100041,100,100687,100,100040,100,100772,100,99993,100,,,99956,100,,,99955,100,,,99940,100,,,99916,100
2019-06-28 09:43:05.757255188,100295,156,100134,256,100302,256,100068,178,100432,100,100053,100,100594,100,100041,100,100687,100,100040,100,100772,100,99993,100,,,99956,100,,,99955,100,,,99940,100,,,99916,100
2019-06-28 09:43:10.000000000,100302,206,100134,206,100432,203,100068,125,100594,203,100053,203,100687,100,100041,100,100772,100,100040,100,,,99993,100,,,99956,100,,,99955,100,,,99940,100,,,99916,100
2019-06-28 09:43:12.431302463,100302,206,100191,100,100432,203,100134,206,100594,203,100068,125,100687,100,100053,203,100772,100,100041,100,,,100040,100,,,99993,100,,,99956,100,,,99955,100,,,99940,100
2019-06-28 09:43:20.000000000,100302,206,100191,206,100432,203,100134,203,100594,203,100068,125,100687,100,100053,100,100772,100,100041,100,,,100040,100,,,99993,100,,,99956,100,,,99955,100,,,99940,100
2019-06-28 09:43:30.000000000,100302,411,100191,411,100432,100,100134,100,100594,100,100068,22,100687,100,100053,100,100772,100,100041,100,,,100040,100,,,99993,100,,,99956,100,,,99955,100,,,99940,100
2019-06-28 09:43:31.847591357,100302,311,100191,411,100432,100,100134,100,100594,100,100068,22,100687,100,100053,100,100772,100,100041,100,,,100040,100,,,99993,100,,,99956,100,,,99955,100,,,99940,100
2019-06-28 09:43:40.000000000,100432,162,100191,162,100594,162,100134,162,100687,162,100068,84,100772,162,100053,162,100773,62,100041,162,,,100040,100,,,99993,100,,,99956,100,,,99955,100,,,99940,100
2019-06-28 09:43:50.000000000,100432,206,100191,206,100594,203,100134,203,100687,203,100068,125,100772,100,100053,100,,,100041,100,,,100040,100,,,99993,100,,,99956,100,,,99955,100,,,99940,100
2019-06-28 09:43:56.658629937,100432,206,100191,206,100548,100,100134,203,100594,203,100068,125,100687,203,100053,100,100772,100,100041,100,,,100040,100,,,99993,100,,,99956,100,,,99955,100,,,99940,100
2019-06-28 09:44:00.000000000,100432,162,100191,162,100548,162,100134,162,100594,162,100068,84,100687,162,100053,162,100772,162,100041,162,,,100040,100,,,99993,100,,,99956,100,,,99955,100,,,99940,100
2019-06-28 09:44:07.711050569,100432,62,100191,162,100548,162,100134,162,100594,162,100068,84,100687,162,100053,162,100772,162,100041,162,,,100040,100,,,99993,100,,,99956,100,,,99955,100,,,99940,100
2019-06-28 09:44:10.000000000,100548,206,100191,206,100594,203,100134,203,100687,203,100068,125,100772,100,100053,100,,,100041,100,,,100040,100,,,99993,100,,,99956,100,,,99955,100,,,99940,100
2019-06-28 09:44:20.000000000,100548,162,100191,162,100594,162,100134,162,100687,162,100068,84,100772,162,100053,162,100773,62,100041,162,,,100040,100,,,99993,100,,,99956,100,,,99955,100,,,99940,100
2019-06-28 09:44:21.397019614,100548,162,100191,162,100594,162,100134,162,100607,100,100068,84,100687,162,100053,162,100772,162,100041,162,100773,62,100040,100,,,99993,100,,,99956,100,,,99955,100,,,99940,100
2019-06-28 09:44:28.359096104,100548,162,100191,162,100581,100,100134,162,100594,162,100068,84,100607,100,100053,162,100687,162,100041,162,100772,162,100040,100,100773,62,99993,100,,,99956,100,,,99955,100,,,99940,100
2019-06-28 09:44:30.000000000,100548,178,100191,178,100581,178,100134,178,100594,178,100068,100,100607,178,100053,178,100687,100,100041,100,100772,100,100040,100,,,99993,100,,,99956,100,,,99955,100,,,99940,100
2019-06-28 09:44:40.000000000,100548,206,100191,206,100581,203,100134,203,100594,203,100068,125,100607,100,100053,100,100687,100,100041,100,100772,100,100040,100,,,99993,100,,,99956,100,,,99955,100,,,99940,100
2019-06-28 09:44:50.000000000,100548,256,100191,256,100581,256,100134,256,100594,100,100068,22,100607,100,100053,100,100687,100,100041,100,100772,100,100040,100,,,99993,100,,,99956,100,,,99955,100,,,99940,100
2019-06-28 09:44:53.436366647,100548,256,100191,256,100581,256,100166,100,100594,100,100134,256,100607,100,100068,22,100687,100,100053,100,100772,100,100041,100,,,100040,100,,,99993,100,,,99956,100,,,99955,100
2019-06-28 09:45:00.000000000,100548,206,100191,206,100581,203,100166,203,100594,203,100134,203,100607,100,100068,22,100687,100,100053,100,100772,100,100041,100,,,100040,100,,,99993,100,,,99956,100,,,99955,100
2019-06-28 09:45:01.196902636,100548,206,100218,100,100581,203,100191,206,100594,203,100166,203,100607,100,100134,203,100687,100,100068,22,100772,100,100053,100,,,100041,100,,,100040,100,,,99993,100,,,99956,100
2019-06-28 09:45:10.000000000,100548,206,100218,206,100581,203,100191,203,100594,203,100166,203,100607,100,100134,100,100687,100,100068,22,100772,100,100053,100,,,100041,100,,,100040,100,,,99993,100,,,99956,100
2019-06-28 09:45:20.000000000,100548,162,100218,162,100581,162,100191,162,100594,162,100166,162,100607,162,100134,162,100687,162,100068,84,100772,100,100053,100,,,100041,100,,,100040,100,,,99993,100,,,99956,100
2019-06-28 09:45:30.000000000,100548,411,100218,411,100581,100,100191,100,100594,100,100166,100,100607,100,100134,100,100687,100,100068,22,100772,100,100053,100,,,100041,100,,,100040,100,,,99993,100,,,99956,100
2019-06-28 09:45:40.000000000,100548,256,100218,256,100581,256,100191,256,100594,100,100166,100,100607,100,100134,100,100687,100,100068,22,100772,100,100053,100,,,100041,100,,,100040,100,,,99993,100,,,99956,100
2019-06-28 09:45:40.672583381,100548,256,100302,100,100581,256,100218,256,100594,100,100191,256,100607,100,100166,100,100687,100,100134,100,100772,100,100068,22,,,100053,100,,,100041,100,,,100040,100,,,99993,100
2019-06-28 09:45:43.527427217,100548,256,100302,100,100581,256,100218,256,100594,100,100191,256,100607,100,100175,100,100687,100,100166,100,100772,100,100134,100,,,100068,22,,,100053,100,,,100041,100,,,100040,100
2019-06-28 09:45:50.000000000,100548,162,100302,162,100581,162,100218,162,100594,162,100191,162,100607,162,100175,162,100687,162,100166,162,100772,100,100134,100,,,100068,22,,,100053,100,,,100041,100,,,100040,100
2019-06-28 09:45:50.166955830,100548,162,100302,162,100581,162,100218,162,100594,162,100191,162,100607,162,100175,162,100687,162,100166,162,100772,100,100162,100,,,100134,100,,,100068,22,,,100053,100,,,100041,100
2019-06-28 09:45:53.009729479,100504,100,100302,162,100548,162,100218,162,100581,162,100191,162,100594,162,100175,162,100607,162,100166,162,100687,162,100162,100,100772,100,100134,100,,,100068,22,,,100053,100,,,100041,100
2019-06-28 09:46:00.000000000,100504,411,100302,411,100548,100,100218,100,100581,100,100191,100,100594,100,100175,100,100607,100,100166,100,100687,100,100162,100,100772,100,100134,100,,,100068,22,,,100053,100,,,100041,100
2019-06-28 09:46:09.517383718,100431,100,100302,411,100504,411,100218,100,100548,100,100191,100,100581,100,100175,100,100594,100,100166,100,100607,100,100162,100,100687,100,100134,100,100772,100,100068,22,,,100053,100,,,100041,100
2019-06-28 09:46:10.000000000,100431,162,100302,162,100504,162,100218,162,100548,162,100191,162,100581,162,100175,162,100594,162,100166,162,100607,100,100162,100,100687,100,100134,100,100772,100,100068,22,,,100053,100,,,100041,100
2019-06-28 09:46:19.078420057,100431,162,100302,162,100504,162,100218,162,100548,162,100191,162,100568,100,100175,162,100581,162,100166,162,100594,162,100162,100,100607,100,100134,100,100687,100,100068,22,100772,100,100053,100,,,100041,100
2019-06-28 09:46:20.000000000,100431,206,100302,206,100504,203,100218,203,100548,203,100191,203,100568,100,100175,100,100581,100,100166,100,100594,100,100162,100,100607,100,100134,100,100687,100,100068,22,100772,100,100053,100,,,100041,100
2019-06-28 09:46:30.000000000,100431,162,100302,162,100504,162,100218,162,100548,162,100191,162,100568,162,100175,162,100581,162,100166,162,100594,100,100162,100,100607,100,100134,100,100687,100,100068,22,100772,100,100053,100,,,100041,100
2019-06-28 09:46:40.000000000,100431,162,100302,162,100504,162,100218,162,100548,162,100191,162,100568,162,100175,162,100581,162,100166,162,100594,100,100162,100,100607,100,100134,100,100687,100,100068,22,100772,100,100053,100,,,100041,100
2019-06-28 09:46:50.000000000,100431,206,100302,206,100504,203,100218,203,100548,203,100191,203,100568,100,100175,100,100581,100,100166,100,100594,100,100162,100,100607,100,100134,100,100687,100,100068,22,100772,100,100053,100,,,100041,100
2019-06-28 09:47:00.000000000,100431,256,100302,256,100504,256,100218,256,100548,100,100191,100,100568,100,100175,100,100581,100,100166,100,100594,100,100162,100,100607,100,100134,100,100687,100,100068,22,100772,100,100053,100,,,100041,100
2019-06-28 09:47:10.000000000,100431,178,100302,178,100504,178,100218,178,100548,178,100191,178,100568,178,100175,178,100581,100,100166,100,100594,100,100162,100,100607,100,100134,100,100687,100,100068,22,100772,100,100053,100,,,100041,100
2019-06-28 09:47:16.841585718,100431,178,100302,178,100504,178,100218,178,100548,178,100191,178,100568,178,100175,178,100581,100,100162,100,100594,100,100134,100,100607,100,100068,22,100687,100,100053,100,100772,100,100041,100,,,100040,100
2019-06-28 09:47:20.000000000,100431,256,100302,256,100504,256,100218,256,100548,100,100191,100,100568,100,100175,100,100581,100,100162,100,100594,100,100134,100,100607,100,100068,22,100687,100,100053,100,100772,100,100041,100,,,100040,100
2019-06-28 09:47:30.000000000,100431,411,100302,411,100504,100,100218,100,100548,100,100191,100,100568,100,100175,100,100581,100,100162,100,100594,100,100134,100,100607,100,100068,22,100687,100,100053,100,100772,100,100041,100,,,100040,100
2019-06-28 09:47:40.000000000,100431,162,100302,162,100504,162,100218,162,100548,162,100191,162,100568,162,100175,162,100581,162,100162,162,100594,100,100134,100,100607,100,100068,22,100687,100,100053,100,100772,100,100041,100,,,100040,100
2019-06-28 09:47:50.000000000,100431,411,100302,411,100504,100,100218,100,100548,100,100191,100,100568,100,100175,100,100581,100,100162,100,100594,100,100134,100,100607,100,100068,22,100687,100,100053,100,100772,100,100041,100,,,100040,100
2019-06-28 09:47:57.893694702,100431,411,100302,511,100504,100,100218,100,100548,100,100191,100,100568,100,100175,100,100581,100,100162,100,100594,100,100134,100,100607,100,100068,22,100687,100,100053,100,100772,100,100040,100,,,99993,100
2019-06-28 09:48:00.000000000,100431,206,100302,306,100504,203,100218,203,100548,203,100191,203,100568,100,100175,100,100581,100,100162,100,100594,100,100134,100,100607,100,100068,22,100687,100,100053,100,100772,100,100040,100,,,99993,100
2019-06-28 09:48:05.515580830,100431,206,100302,306,100504,203,100218,203,100548,203,100191,203,100568,100,100175,100,100581,100,100162,100,100607,100,100134,100,100679,100,100068,22,100687,100,100053,100,100772,100,100040,100,,,99993,100
2019-06-28 09:48:10.000000000,100431,411,100302,511,100504,100,100218,100,100548,100,100191,100,100568,100,100175,100,100581,100,100162,100,100607,100,100134,100,100679,100,100068,22,100687,100,100053,100,100772,100,100040,100,,,99993,100
2019-06-28 09:48:15.655642145,100431,411,100302,511,100504,100,100218,100,100548,100,100191,100,100568,100,100175,100,100581,100,100162,100,100607,100,100134,100,100679,100,100068,22,100687,100,100053,100,100772,100,100040,100,,,99956,100
2019-06-28 09:48:20.000000000,100431,206,100302,306,100504,203,100218,203,100548,203,100191,203,100568,100,100175,100,100581,100,100162,100,100607,100,100134,100,100679,100,100068,22,100687,100,100053,100,100772,100,100040,100,,,99956,100
2019-06-28 09:48:20.157032162,100431,206,100302,306,100504,203,100218,203,100548,203,100191,203,100568,100,100175,100,100581,100,100162,100,100607,100,100134,100,100679,100,100068,22,100687,100,100053,100,100772,100,100040,100,,,99956,100
2019-06-28 09:48:30.000000000,100431,411,100302,511,100504,100,100218,100,100548,100,100191,100,100568,100,100175,100,100581,100,100162,100,100607,100,100134,100,100679,100,100068,22,100687,100,100053,100,100772,100,100040,100,,,99956,100
2019-06-28 09:48:40.000000000,100431,162,100302,262,100504,162,100218,162,100548,162,100191,162,100568,162,100175,162,100581,162,100162,162,100607,100,100134,100,100679,100,100068,22,100687,100,100053,100,100772,100,100040,100,,,99956,100
2019-06-28 09:48:50.000000000,100431,178,100302,278,100504,178,100218,178,100548,178,100191,178,100568,178,100175,178,100581,100,100162,100,100607,100,100134,100,100679,100,100068,22,100687,100,100053,100,100772,100,100040,100,,,99956,100
2019-06-28 09:48:52.347911459,100431,78,100302,278,100504,178,100218,178,100548,178,100191,178,100568,78,100175,178,100581,100,100162,100,100607,100,100134,100,100679,100,100068,22,100687,100,100053,100,100772,100,100040,100,,,99956,100
2019-06-28 09:49:00.000000000,100504,411,100302,511,100548,100,100218,100,100581,100,100191,100,100607,100,100175,100,100679,100,100162,100,100687,100,100134,100,100772,100,100068,22,,,100053,100,,,100040,100,,,99956,100
2019-06-28 09:49:10.000000000,100504,256,100302,356,100548,256,100218,256,100581,100,100191,100,100607,100,100175,100,100679,100,100162,100,100687,100,100134,100,100772,100,100068,22,,,100053,100,,,100040,100,,,99956,100
2019-06-28 09:49:17.105035741,100504,156,100302,356,100548,256,100218,256,100581,100,100191,100,100607,100,100175,100,100679,100,100162,100,100687,100,100134,100,100772,100,100068,22,,,100053,100,,,100040,100,,,99956,100
2019-06-28 09:49:20.000000000,100548,162,100302,262,100581,162,100218,162,100607,162,100191,162,100679,162,100175,162,100687,162,100162,162,100772,100,100134,100,,,100068,22,,,100053,100,,,100040,100,,,99956,100
2019-06-28 09:49:20.472927397,100548,162,100431,100,100581,162,100302,262,100607,162,100218,162,100679,162,100191,162,100687,162,100175,162,100772,100,100162,162,,,100134,100,,,100068,22,,,100053,100,,,100040,100
2019-06-28 09:49:22.829362922,100548,162,100431,100,100581,162,100302,262,100607,162,100218,162,100679,162,100191,162,100687,162,100175,162,100772,100,100162,162,100966,100,100134,100,,,100068,22,,,100053,100,,,100040,100
2019-06-28 09:49:27.311489218,100548,162,100431,100,100581,162,100302,262,100607,162,100218,162,100679,162,100191,162,100687,162,100175,162,100688,100,100162,62,100772,100,100134,100,100966,100,100068,22,,,100053,100,,,100040,100
2019-06-28 09:49:30.000000000,100548,206,100431,206,100581,203,100302,303,100607,203,100218,203,100679,100,100191,100,100687,100,100175,100,100688,100,100134,100,100772,100,100068,22,100966,100,100053,100,,,100040,100,,,99956,100
2019-06-28 09:49:40.000000000,100548,411,100431,411,100581,100,100302,200,100607,100,100218,100,100679,100,100191,100,100687,100,100175,100,100688,100,100134,100,100772,100,100068,22,100966,100,100053,100,,,100040,100,,,99956,100
2019-06-28 09:49:50.000000000,100548,411,100431,411,100581,100,100302,200,100607,100,100218,100,100679,100,100191,100,100687,100,100175,100,100688,100,100134,100,100772,100,100068,22,100966,100,100053,100,,,100040,100,,,99956,100
2019-06-28 09:50:00.000000000,100548,162,100431,162,100581,162,100302,262,100607,162,100218,162,100679,162,100191,162,100687,162,100175,162,100688,100,100134,100,100772,100,100068,22,100966,100,100053,100,,,100040,100,,,99956,100
2019-06-28 09:50:05.677753534,100548,162,100431,162,100581,162,100302,162,100607,162,100218,162,100679,162,100191,162,100687,162,100175,162,100688,100,100134,100,100772,100,100068,22,100966,100,100053,100,,,100040,100,,,99956,100
2019-06-28 09:50:10.000000000,100548,256,100431,256,100581,256,100302,256,100607,100,100218,100,100679,100,100191,100,100687,100,100175,100,100688,100,100134,100,100772,100,100068,22,100966,100,100053,100,,,100040,100,,,99956,100
2019-06-28 09:50:11.017749091,100548,256,100431,256,100581,256,100302,256,100607,100,100218,100,100679,100,100191,100,100687,100,100175,100,100688,100,100134,100,100772,100,100068,22,100966,100,100053,100,101010,100,100040,100,,,99956,100
2019-06-28 09:50:20.000000000,100548,162,100431,162,100581,162,100302,162,100607,162,100218,162,100679,162,100191,162,100687,162,100175,162,100688,100,100134,100,100772,100,100068,22,100966,100,100053,100,101010,100,100040,100,,,99956,100
2019-06-28 09:50:21.030820766,100548,162,100431,262,100581,162,100302,162,100607,162,100218,162,100679,162,100191,162,100687,162,100175,162,100688,100,100134,100,100772,100,100068,22,100966,100,100053,100,101010,100,100040,100,,,99956,100
2019-06-28 09:50:30.000000000,100548,256,100431,356,100581,256,100302,256,100607,100,100218,100,100679,100,100191,100,100687,100,100175,100,100688,100,100134,100,100772,100,100068,22,100966,100,100053,100,101010,100,100040,100,,,99956,100
2019-06-28 09:50:36.064837464,100548,256,100431,456,100581,256,100302,256,100607,100,100218,100,100679,100,100191,100,100687,100,100175,100,100688,100,100134,100,100772,100,100068,22,100966,100,100053,100,101010,100,100040,100,,,99956,100
2019-06-28 09:50:40.000000000,100548,162,100431,362,100581,162,100302,162,100607,162,100218,162,100679,162,100191,162,100687,162,100175,162,100688,100,100134,100,100772,100,100068,22,100966,100,100053,100,101010,100,100040,100,,,99956,100
2019-06-28 09:50:46.793589915,100548,162,100431,362,100581,162,100302,162,100607,162,100218,162,100679,162,100191,162,100684,100,100175,162,100687,162,100134,100,100688,100,100068,22,100772,100,100053,100,100966,100,100040,100,101010,100,99940,100
2019-06-28 09:50:50.000000000,100548,256,100431,456,100581,256,100302,256,100607,100,100218,100,100679,100,100191,100,100684,100,100175,100,100687,100,100134,100,100688,100,100068,22,100772,100,100053,100,100966,100,100040,100,101010,100,99940,100
2019-06-28 09:51:00.000000000,100548,178,100431,378,100581,178,100302,178,100607,178,100218,178,100679,178,100191,178,100684,100,100175,100,100687,100,100134,100,100688,100,100068,22,100772,100,100053,100,100966,100,100040,100,101010,100,99940,100
2019-06-28 09:51:09.344978818,100548,178,100431,278,100581,178,100302,178,100607,178,100218,178,100679,178,100191,178,100684,100,100175,100,100687,100,100134,100,100688,100,100053,100,100772,100,100040,100,100966,100,99940,100,101010,100,99916,100
2019-06-28 09:51:10.000000000,100548,178,100431,278,100581,178,100302,178,100607,178,100218,178,100679,178,100191,178,100684,100,100175,100,100687,100,100134,100,100688,100,100053,100,100772,100,100040,100,100966,100,99940,100,101010,100,99916,100
2019-06-28 09:51:17.573745025,100548,178,100431,278,100581,178,100302,178,100607,178,100265,100,100679,178,100218,178,100684,100,100191,178,100687,100,100175,100,100688,100,100134,100,100772,100,100053,100,100966,100,100040,100,101010,100,99940,100
2019-06-28 09:51:20.000000000,100548,206,100431,306,100581,203,100302,203,100607,203,100265,203,100679,100,100218,100,100684,100,100191,100,100687,100,100175,100,100688,100,100134,100,100772,100,100053,100,100966,100,100040,100,101010,100,99940,100
2019-06-28 09:51:26.223449632,100548,206,100431,306,100581,203,100376,100,100607,203,100302,203,100679,100,100265,203,100684,100,100218,100,100687,100,100191,100,100688,100,100175,100,100772,100,100134,100,101010,100,100053,100,,,100040,100
2019-06-28 09:51:30.000000000,100548,411,100431,511,100581,100,100376,100,100607,100,100302,100,100679,100,100265,100,100684,100,100218,100,100687,100,100191,100,100688,100,100175,100,100772,100,100134,100,101010,100,100053,100,,,100040,100
2019-06-28 09:51:40.000000000,100548,411,100431,511,100581,100,100376,100,100607,100,100302,100,100679,100,100265,100,100684,100,100218,100,100687,100,100191,100,100688,100,100175,100,100772,100,100134,100,101010,100,100053,100,,,100040,100
2019-06-28 09:51:50.000000000,100548,162,100431,262,100581,162,100376,162,100607,162,100302,162,100679,162,100265,162,100684,162,100218,162,100687,100,100191,100,100688,100,100175,100,100772,100,100134,100,101010,100,100053,100,,,100040,100
2019-06-28 09:51:54.131437115,100548,162,100431,262,100581,162,100376,162,100607,162,100302,162,100679,162,100265,162,100684,162,100218,162,100687,100,100191,100,100688,100,100175,100,100772,100,100134,100,101010,100,100053,100,,,100040,100
2019-06-28 09:52:00.000000000,100548,256,100431,356,100581,256,100376,256,100607,100,100302,100,100679,100,100265,100,100684,100,100218,100,100687,100,100191,100,100688,100,100175,100,100772,100,100134,100,101010,100,100053,100,,,100040,100
2019-06-28 09:52:10.000000000,100548,162,100431,262,100581,162,100376,162,100607,162,100302,162,100679,162,100265,162,100684,162,100218,162,100687,100,100191,100,100688,100,100175,100,100772,100,100134,100,101010,100,100053,100,,,100040,100
2019-06-28 09:52:12.431673872,100548,162,100432,100,100581,162,100431,262,100607,162,100376,162,100679,162,100302,162,100684,162,100265,162,100687,100,100218,162,100688,100,100191,100,100772,100,100175,100,101010,100,100134,100,,,100053,100
2019-06-28 09:52:20.000000000,100548,256,100432,256,100581,256,100431,356,100607,100,100376,100,100679,100,100302,100,100684,100,100265,100,100687,100,100218,100,100688,100,100191,100,100772,100,100175,100,101010,100,100134,100,,,100053,100
2019-06-28 09:52:26.191758200,100503,100,100432,256,100548,256,100431,356,100581,256,100376,100,100607,100,100302,100,100679,100,100265,100,100684,100,100218,100,100687,100,100191,100,100688,100,100175,100,100772,100,100134,100,101010,100,100053,100
2019-06-28 09:52:30.000000000,100503,178,100432,178,100548,178,100431,278,100581,178,100376,178,100607,178,100302,178,100679,100,100265,100,100684,100,100218,100,100687,100,100191,100,100688,100,100175,100,100772,100,100134,100,101010,100,100053,100
2019-06-28 09:52:30.967103635,100501,100,100432,178,100503,178,100431,278,100548,178,100376,178,100581,178,100302,178,100607,178,100265,100,100679,100,100218,100,100684,100,100191,100,100687,100,100175,100,100688,100,100134,100,100772,100,100053,100
2019-06-28 09:52:40.000000000,100501,162,100432,162,100503,162,100431,262,100548,162,100376,162,100581,162,100302,162,100607,162,100265,162,100679,100,100218,100,100684,100,100191,100,100687,100,100175,100,100688,100,100134,100,100772,100,100053,100
2019-06-28 09:52:44.675503278,100471,100,100432,162,100501,162,100431,262,100503,162,100376,162,100548,162,100302,162,100581,162,100265,162,100607,162,100218,100,100679,100,100191,100,100684,100,100175,100,100687,100,100134,100,100688,100,100053,100
2019-06-28 09:52:50.000000000,100471,162,100432,162,100501,162,100431,262,100503,162,100376,162,100548,162,100302,162,100581,162,100265,162,100607,100,100218,100,100679,100,100191,100,100684,100,100175,100,100687,100,100134,100,100688,100,100053,100
2019-06-28 09:53:00.000000000,100471,411,100432,411,100501,100,100431,200,100503,100,100376,100,100548,100,100302,100,100581,100,100265,100,100607,100,100218,100,100679,100,100191,100,100684,100,100175,100,100687,100,100134,100,100688,100,100053,100
2019-06-28 09:53:10.000000000,100471,411,100432,411,100501,100,100431,200,100503,100,100376,100,100548,100,100302,100,100581,100,100265,100,100607,100,100218,100,100679,100,100191,100,100684,100,100175,100,100687,100,100134,100,100688,100,100053,100
2019-06-28 09:53:20.000000000,100471,162,100432,162,100501,162,100431,262,100503,162,100376,162,100548,162,100302,162,100581,162,100265,162,100607,100,100218,100,100679,100,100191,100,100684,100,100175,100,100687,100,100134,100,100688,100,100053,100
2019-06-28 09:53:27.377174400,100471,162,100432,162,100501,162,100431,262,100503,162,100376,162,100548,162,100302,162,100581,162,100265,162,100607,100,100218,100,100679,100,100191,100,100684,100,100175,100,100687,100,100134,100,100688,100,100053,100
2019-06-28 09:53:30.000000000,100471,256,100432,256,100501,256,100431,356,100503,100,100376,100,100548,100,100302,100,100581,100,100265,100,100607,100,100218,100,100679,100,100191,100,100684,100,100175,100,100687,100,100134,100,100688,100,100053,100
2019-06-28 09:53:37.062651534,100471,256,100432,256,100474,100,100431,356,100501,256,100376,100,100503,100,100302,100,100548,100,100265,100,100581,100,100218,100,100607,100,100191,100,100679,100,100175,100,100684,100,100134,100,100687,100,100053,100
2019-06-28 09:53:39.978314457,100471,256,100432,256,100474,100,100431,356,100501,256,100376,100,100503,100,100302,100,100548,100,100279,100,100581,100,100265,100,100607,100,100218,100,100679,100,100191,100,100684,100,100175,100,100687,100,100134,100
2019-06-28 09:53:40.000000000,100471,411,100432,411,100474,100,100431,200,100501,100,100376,100,100503,100,100302,100,100548,100,100279,100,100581,100,100265,100,100607,100,100218,100,100679,100,100191,100,100684,100,100175,100,100687,100,100134,100
2019-06-28 09:53:50.000000000,100471,162,100432,162,100474,162,100431,262,100501,162,100376,162,100503,162,100302,162,100548,162,100279,162,100581,100,100265,100,100607,100,100218,100,100679,100,100191,100,100684,100,100175,100,100687,100,100134,100
2019-06-28 09:53:51.833667964,100471,162,100432,162,100474,162,100431,262,100497,100,100376,162,100501,162,100302,162,100503,162,100279,62,100548,162,100265,100,100581,100,100218,100,100607,100,100191,100,100679,100,100175,100,100684,100,100134,100
2019-06-28 09:53:55.524615654,100471,162,100432,162,100474,162,100431,162,100497,100,100376,162,100501,162,100302,162,100503,162,100279,62,100548,162,100265,100,100581,100,100218,100,100607,100,100191,100,100679,100,100175,100,100684,100,100134,100
2019-06-28 09:54:00.000000000,100471,178,100432,178,100474,178,100431,178,100497,178,100376,178,100501,178,100302,178,100503,100,100265,100,100548,100,100218,100,100581,100,100191,100,100607,100,100175,100,100679,100,100134,100,100684,100,100053,100
2019-06-28 09:54:04.719286314,100471,78,100432,178,100474,178,100431,178,100497,178,100376,178,100501,178,100357,100,100503,100,100302,178,100548,100,100265,100,100581,100,100218,100,100607,100,100191,100,100679,100,100175,100,100684,100,100134,100
2019-06-28 09:54:10.000000000,100474,411,100432,411,100497,100,100431,100,100501,100,100376,100,100503,100,100357,100,100548,100,100302,100,100581,100,100265,100,100607,100,100218,100,100679,100,100191,100,100684,100,100175,100,100687,100,100134,100
2019-06-28 09:54:12.704146173,100474,411,100432,411,100497,100,100431,100,100501,100,100376,100,100503,100,100357,100,100548,100,100339,100,100581,100,100302,100,100607,100,100265,100,100679,100,100218,100,100684,100,100191,100,100687,100,100175,100
2019-06-28 09:54:12.706892856,100474,411,100432,411,100497,100,100431,100,100501,100,100376,100,100503,100,100357,100,100548,100,100339,100,100581,100,100302,100,100607,100,100265,100,100679,100,100218,100,100684,100,100191,100,100687,100,100175,100
2019-06-28 09:54:20.000000000,100474,256,100432,256,100497,256,100431,256,100501,100,100376,100,100503,100,100357,100,100548,100,100339,100,100581,100,100302,100,100607,100,100265,100,100679,100,100218,100,100684,100,100191,100,100687,100,100175,100
2019-06-28 09:54:20.137336422,100474,256,100432,156,100497,256,100431,256,100501,100,100376,100,100503,100,100357,100,100548,100,100339,100,100581,100,100302,100,100607,100,100265,100,100679,100,100218,100,100684,100,100191,100,100687,100,100175,100
2019-06-28 09:54:27.246929583,100474,256,100432,156,100497,256,100431,256,100501,100,100376,100,100503,100,100357,100,100548,100,100339,100,100581,100,100302,100,100607,100,100265,100,100679,100,100218,100,100684,100,100191,100,100687,100,100175,100
2019-06-28 09:54:30.000000000,100474,178,100431,178,100497,178,100376,178,100501,178,100357,178,100503,178,100339,178,100548,100,100302,100,100581,100,100265,100,100607,100,100218,100,100679,100,100191,100,100684,100,100175,100,100687,100,100170,100
2019-06-28 09:54:40.000000000,100474,178,100431,178,100497,178,100376,178,100501,178,100357,178,100503,178,100339,178,100548,100,100302,100,100581,100,100265,100,100607,100,100218,100,100679,100,100191,100,100684,100,100175,100,100687,100,100170,100
2019-06-28 09:54:50.000000000,100474,411,100431,411,100497,100,100376,100,100501,100,100357,100,100503,100,100339,100,100548,100,100302,100,100581,100,100265,100,100607,100,100218,100,100679,100,100191,100,100684,100,100175,100,100687,100,100170,100
2019-06-28 09:55:00.000000000,100474,411,100431,411,100497,100,100376,100,100501,100,100357,100,100503,100,100339,100,100548,100,100302,100,100581,100,100265,100,100607,100,100218,100,100679,100,100191,100,100684,100,100175,100,100687,100,100170,100
2019-06-28 09:55:10.000000000,100474,206,100431,206,100497,203,100376,203,100501,203,100357,203,100503,100,100339,100,100548,100,100302,100,100581,100,100265,100,100607,100,100218,100,100679,100,100191,100,100684,100,100175,100,100687,100,100170,100
2019-06-28 09:55:20.000000000,100474,178,100431,178,100497,178,100376,178,100501,178,100357,178,100503,178,100339,178,100548,100,100302,100,100581,100,100265,100,100607,100,100218,100,100679,100,100191,100,100684,100,100175,100,100687,100,100170,100
2019-06-28 09:55:30.000000000,100474,206,100431,206,100497,203,100376,203,100501,203,100357,203,100503,100,100339,100,100548,100,100302,100,100581,100,100265,100,100607,100,100218,100,100679,100,100191,100,100684,100,100175,100,100687,100,100170,100
2019-06-28 09:55:34.120711415,100474,206,100432,100,100497,203,100431,206,100501,203,100376,203,100503,100,100357,203,100548,100,100339,100,100581,100,100302,100,100607,100,100265,100,100679,100,100218,100,100684,100,100191,100,100687,100,100175,100
2019-06-28 09:55:40.000000000,100474,206,100432,206,100497,203,100431,203,100501,203,100376,203,100503,100,100357,100,100548,100,100339,100,100581,100,100302,100,100607,100,100265,100,100679,100,100218,100,100684,100,100191,100,100687,100,100175,100
2019-06-28 09:55:50.000000000,100474,206,100432,206,100497,203,100431,203,100501,203,100376,203,100503,100,100357,100,100548,100,100339,100,100581,100,100302,100,100607,100,100265,100,100679,100,100218,100,100684,100,100191,100,100687,100,100175,100
2019-06-28 09:56:00.000000000,100474,178,100432,178,100497,178,100431,178,100501,178,100376,178,100503,178,100357,178,100548,100,100339,100,100581,100,100302,100,100607,100,100265,100,100679,100,100218,100,100684,100,100191,100,100687,100,100175,100
2019-06-28 09:56:10.000000000,100474,411,100432,411,100497,100,100431,100,100501,100,100376,100,100503,100,100357,100,100548,100,100339,100,100581,100,100302,100,100607,100,100265,100,100679,100,100218,100,100684,100,100191,100,100687,100,100175,100
2019-06-28 09:56:17.778675662,100474,411,100432,411,100497,100,100431,100,100501,100,100376,100,100503,100,100357,100,100548,100,100339,100,100581,100,100302,100,100607,100,100265,100,100679,100,100218,100,100684,100,100191,100,100687,100,100175,100
2019-06-28 09:56:19.645490290,100474,411,100432,411,100497,100,100431,100,100501,100,100376,100,100503,100,100357,100,100548,100,100339,100,100581,100,100302,100,100607,100,100265,100,100679,100,100218,100,100684,100,100191,100,100687,100,100175,100
2019-06-28 09:56:20.000000000,100474,178,100432,178,100497,178,100431,178,100501,178,100376,178,100503,178,100357,178,100548,100,100339,100,100581,100,100302,100,100607,100,100265,100,100679,100,100218,100,100684,100,100191,100,100687,100,100175,100
2019-06-28 09:56:30.000000000,100474,162,100432,162,100497,162,100431,162,100501,162,100376,162,100503,162,100357,162,100548,162,100339,162,100581,100,100302,100,100607,100,100265,100,100679,100,100218,100,100684,100,100191,100,100687,100,100175,100
2019-06-28 09:56:32.736644317,100474,162,100432,162,100497,162,100431,162,100501,162,100376,162,100503,162,100357,162,100548,162,100339,162,100581,100,100302,100,100607,100,100218,100,100679,100,100191,100,100684,100,100175,100,100687,100,100170,100
2019-06-28 09:56:39.250525196,100474,162,100432,162,100497,162,100431,162,100501,162,100376,162,100503,162,100357,162,100548,162,100339,162,100581,100,100302,100,100607,100,100218,100,100679,100,100191,100,100684,100,100175,100,100687,100,100170,100
2019-06-28 09:56:40.000000000,100474,162,100432,162,100497,162,100431,162,100501,162,100376,162,100503,162,100357,162,100548,162,100339,162,100581,100,100302,100,100607,100,100218,100,100679,100,100191,100,100684,100,100175,100,100687,100,100170,100
2019-06-28 09:56:40.509417178,100474,62,100432,162,100497,162,100431,162,100501,162,100376,162,100503,162,100357,162,100548,162,100339,162,100581,100,100302,100,100607,100,100218,100,100679,100,100191,100,100684,100,100175,100,100687,100,100170,100
2019-06-28 09:56:41.675584634,100474,62,100433,100,100497,162,100432,162,100501,162,100431,162,100503,162,100376,162,100548,162,100357,162,100581,100,100339,162,100607,100,100302,100,100679,100,100218,100,100684,100,100191,100,100687,100,100175,100
2019-06-28 09:56:43.506057507,100474,62,100433,100,100497,162,100432,162,100501,162,100431,162,100503,162,100376,162,100548,162,100357,162,100581,100,100339,162,100607,100,100302,100,100679,100,100218,100,100684,100,100191,100,100687,100,100175,100
2019-06-28 09:56:45.838054306,100474,62,100433,100,100497,162,100432,162,100501,162,100431,162,100503,162,100376,162,100548,162,100357,162,100581,100,100339,162,100607,100,100302,100,100679,100,100218,100,100684,100,100191,100,100687,100,100175,100
2019-06-28 09:56:50.000000000,100497,162,100433,162,100501,162,100432,162,100503,162,100431,162,100548,162,100376,162,100581,162,100357,162,100607,100,100339,100,100679,100,100302,100,100684,100,100218,100,100687,100,100191,100,100688,100,100175,100
2019-06-28 09:57:00.000000000,100497,256,100433,256,100501,256,100432,256,100503,100,100431,100,100548,100,100376,100,100581,100,100357,100,100607,100,100339,100,100679,100,100302,100,100684,100,100218,100,100687,100,100191,100,100688,100,100175,100
2019-06-28 09:57:10.000000000,100497,178,100433,178,100501,178,100432,178,100503,178,100431,178,100548,178,100376,178,100581,100,100357,100,100607,100,100339,100,100679,100,100302,100,100684,100,100218,100,100687,100,100191,100,100688,100,100175,100
2019-06-28 09:57:14.243057527,100497,178,100433,278,100501,178,100432,178,100503,178,100431,178,100548,178,100376,178,100581,100,100357,100,100607,100,100339,100,100679,100,100218,100,100684,100,100191,100,100687,100,100175,100,100688,100,100170,100
2019-06-28 09:57:18.042888164,100497,178,100433,278,100501,178,100432,178,100503,178,100431,178,100548,178,100376,178,100581,100,100357,100,100607,100,100339,100,100679,100,100218,100,100684,100,100175,100,100687,100,100170,100,100688,100,100053,100
2019-06-28 09:57:20.000000000,100497,256,100433,356,100501,256,100432,256,100503,100,100431,100,100548,100,100376,100,100581,100,100357,100,100607,100,100339,100,100679,100,100218,100,100684,100,100175,100,100687,100,100170,100,100688,100,100053,100
2019-06-28 09:57:30.000000000,100497,162,100433,262,100501,162,100432,162,100503,162,100431,162,100548,162,100376,162,100581,162,100357,162,100607,100,100339,100,100679,100,100218,100,100684,100,100175,100,100687,100,100170,100,100688,100,100053,100
2019-06-28 09:57:30.348982621,100497,162,100433,262,100501,162,100432,162,100503,62,100431,162,100548,162,100376,162,100581,162,100357,162,100607,100,100339,100,100679,100,100218,100,100684,100,100175,100,100687,100,100170,100,100688,100,100053,100
2019-06-28 09:57:40.000000000,100497,162,100433,262,100501,162,100432,162,100548,162,100431,162,100581,162,100376,162,100607,162,100357,162,100679,100,100339,100,100684,100,100218,100,100687,100,100175,100,100688,100,100170,100,100772,100,100053,100
2019-06-28 09:57:48.819711367,100497,162,100433,262,100501,162,100432,162,100548,162,100431,162,100581,162,100376,62,100607,162,100357,162,100679,100,100339,100,100684,100,100218,100,100687,100,100175,100,100688,100,100170,100,100700,100,100053,100
2019-06-28 09:57:50.000000000,100497,178,100433,278,100501,178,100432,178,100548,178,100431,178,100581,178,100357,178,100607,100,100339,100,100679,100,100218,100,100684,100,100175,100,100687,100,100170,100,100688,100,100053,100,100700,100,100040,100
2019-06-28 09:57:51.731071843,100497,178,100433,278,100501,178,100432,178,100548,178,100431,178,100581,178,100357,178,100607,100,100339,100,100679,100,100218,100,100684,100,100175,100,100687,100,100170,100,100688,100,100053,100,100700,100,100040,100
2019-06-28 09:58:00.000000000,100497,256,100433,356,100501,256,100432,256,100548,100,100431,100,100581,100,100357,100,100607,100,100339,100,100679,100,100218,100,100684,100,100175,100,100687,100,100170,100,100688,100,100053,100,100700,100,100040,100
2019-06-28 09:58:01.951788803,100497,256,100433,356,100501,256,100432,256,100548,100,100431,100,100581,100,100357,100,100607,100,100339,100,100679,100,100218,100,100684,100,100175,100,100687,100,100170,100,100688,100,100040,100,100700,100,99916,100
2019-06-28 09:58:10.000000000,100497,411,100433,511,100501,100,100432,100,100548,100,100431,100,100581,100,100357,100,100607,100,100339,100,100679,100,100218,100,100684,100,100175,100,100687,100,100170,100,100688,100,100040,100,100700,100,99916,100
2019-06-28 09:58:20.000000000,100497,411,100433,511,100501,100,100432,100,100548,100,100431,100,100581,100,100357,100,100607,100,100339,100,100679,100,100218,100,100684,100,100175,100,100687,100,100170,100,100688,100,100040,100,100700,100,99916,100
2019-06-28 09:58:30.000000000,100497,178,100433,278,100501,178,100432,178,100548,178,100431,178,100581,178,100357,178,100607,100,100339,100,100679,100,100218,100,100684,100,100175,100,100687,100,100170,100,100688,100,100040,100,100700,100,99916,100
2019-06-28 09:58:40.000000000,100497,162,100433,262,100501,162,100432,162,100548,162,100431,162,100581,162,100357,162,100607,162,100339,162,100679,100,100218,100,100684,100,100175,100,100687,100,100170,100,100688,100,100040,100,100700,100,99916,100
2019-06-28 09:58:50.000000000,100497,178,100433,278,100501,178,100432,178,100548,178,100431,178,100581,178,100357,178,100607,100,100339,100,100679,100,100218,100,100684,100,100175,100,100687,100,100170,100,100688,100,100040,100,100700,100,99916,100
2019-06-28 09:59:00.000000000,100497,178,100433,278,100501,178,100432,178,100548,178,100431,178,100581,178,100357,178,100607,100,100339,100,100679,100,100218,100,100684,100,100175,100,100687,100,100170,100,100688,100,100040,100,100700,100,99916,100
2019-06-28 09:59:08.900528650,100451,100,100433,278,100497,178,100432,178,100501,178,100431,178,100548,178,100357,178,100581,178,100339,100,100607,100,100218,100,100679,100,100175,100,100684,100,100170,100,100687,100,100040,100,100700,100,99916,100
2019-06-28 09:59:10.000000000,100451,162,100433,262,100497,162,100432,162,100501,162,100431,162,100548,162,100357,162,100581,162,100339,162,100607,100,100218,100,100679,100,100175,100,100684,100,100170,100,100687,100,100040,100,100700,100,99916,100
2019-06-28 09:59:17.948857164,100451,162,100433,362,100497,162,100432,162,100501,162,100431,162,100548,162,100357,162,100581,162,100339,162,100607,100,100218,100,100679,100,100175,100,100684,100,100170,100,100687,100,100040,100,100700,100,99916,100
2019-06-28 09:59:20.000000000,100451,411,100433,611,100497,100,100432,100,100501,100,100431,100,100548,100,100357,100,100581,100,100339,100,100607,100,100218,100,100679,100,100175,100,100684,100,100170,100,100687,100,100040,100,100700,100,99916,100
2019-06-28 09:59:30.000000000,100451,206,100433,406,100497,203,100432,203,100501,203,100431,203,100548,100,100357,100,100581,100,100339,100,100607,100,100218,100,100679,100,100175,100,100684,100,100170,100,100687,100,100040,100,100700,100,99916,100
2019-06-28 09:59:40.000000000,100451,411,100433,611,100497,100,100432,100,100501,100,100431,100,100548,100,100357,100,100581,100,100339,100,100607,100,100218,100,100679,100,100175,100,100684,100,100170,100,100687,100,100040,100,100700,100,99916,100
2019-06-28 09:59:50.000000000,100451,162,100433,362,100497,162,100432,162,100501,162,100431,162,100548,162,100357,162,100581,162,100339,162,100607,100,100218,100,100679,100,100175,100,100684,100,100170,100,100687,100,100040,100,100700,100,99916,100
2019-06-28 10:00:00.000000000,100451,162,100433,362,100497,162,100432,162,100501,162,100431,162,100548,162,100357,162,100581,162,100339,162,100607,100,100218,100,100679,100,100175,100,100684,100,100170,100,100687,100,100040,100,100700,100,99916,100
2019-06-28 10:00:10.000000000,100451,411,100433,611,100497,100,100432,100,100501,100,100431,100,100548,100,100357,100,100581,100,100339,100,100607,100,100218,100,100679,100,100175,100,100684,100,100170,100,100687,100,100040,100,100700,100,99916,100
2019-06-28 10:00:20.000000000,100451,162,100433,362,100497,162,100432,162,100501,162,100431,162,100548,162,100357,162,100581,162,100339,162,100607,100,100218,100,100679,100,100175,100,100684,100,100170,100,100687,100,100040,100,100700,100,99916,100
2019-06-28 10:00:26.422647209,100451,162,100433,362,100470,100,100432,162,100497,162,100431,162,100501,162,100357,162,100548,162,100339,162,100581,162,100218,100,100607,100,100175,100,100679,100,100170,100,100684,100,100040,100,100687,100,99916,100
2019-06-28 10:00:30.000000000,100451,256,100433,456,100470,256,100432,256,100497,100,100431,100,100501,100,100357,100,100548,100,100339,100,100581,100,100218,100,100607,100,100175,100,100679,100,100170,100,100684,100,100040,100,100687,100,99916,100
2019-06-28 10:00:40.000000000,100451,411,100433,611,100470,100,100432,100,100497,100,100431,100,100501,100,100357,100,100548,100,100339,100,100581,100,100218,100,100607,100,100175,100,100679,100,100170,100,100684,100,100040,100,100687,100,99916,100
2019-06-28 10:00:50.000000000,100451,411,100433,611,100470,100,100432,100,100497,100,100431,100,100501,100,100357,100,100548,100,100339,100,100581,100,100218,100,100607,100,100175,100,100679,100,100170,100,100684,100,100040,100,100687,100,99916,100
2019-06-28 10:01:00.000000000,100451,178,100433,378,100470,178,100432,178,100497,178,100431,178,100501,178,100357,178,100548,100,100339,100,100581,100,100218,100,100607,100,100175,100,100679,100,100170,100,100684,100,100040,100,100687,100,99916,100
2019-06-28 10:01:01.705635032,100451,178,100433,378,100470,178,100432,178,100497,178,100431,178,100501,178,100357,178,100548,100,100339,100,100581,100,100218,100,100607,100,100175,100,100679,100,100170,100,100684,100,100040,100,100687,100,99916,100
2019-06-28 10:01:10.000000000,100451,206,100433,406,100470,203,100432,203,100497,203,100431,203,100501,100,100357,100,100548,100,100339,100,100581,100,100218,100,100607,100,100175,100,100679,100,100170,100,100684,100,100040,100,100687,100,99916,100
2019-06-28 10:01:20.000000000,100451,162,100433,362,100470,162,100432,162,100497,162,100431,162,100501,162,100357,162,100548,162,100339,162,100581,100,100218,100,100607,100,100175,100,100679,100,100170,100,100684,100,100040,100,100687,100,99916,100
2019-06-28 10:01:21.533826440,100451,162,100433,362,100470,162,100432,162,100497,162,100431,162,100501,162,100357,162,100548,162,100339,162,100581,100,100218,100,100607,100,100175,100,100679,100,100170,100,100684,100,100040,100,100687,100,99916,100
2019-06-28 10:01:30.000000000,100451,206,100433,406,100470,203,100432,203,100497,203,100431,203,100501,100,100357,100,100548,100,100339,100,100581,100,100218,100,100607,100,100175,100,100679,100,100170,100,100684,100,100040,100,100687,100,99916,100
2019-06-28 10:01:40.000000000,100451,162,100433,362,100470,162,100432,162,100497,162,100431,162,100501,162,100357,162,100548,162,100339,162,100581,100,100218,100,100607,100,100175,100,100679,100,100170,100,100684,100,100040,100,100687,100,99916,100
2019-06-28 10:01:49.322661839,100451,162,100433,362,100470,162,100432,162,100497,162,100431,162,100501,162,100357,162,100548,162,100339,162,100581,100,100218,100,100607,100,100175,100,100679,100,100170,100,100684,100,100040,100,100687,100,99916,100
2019-06-28 10:01:50.000000000,100451,256,100433,456,100470,256,100432,256,100497,100,100431,100,100501,100,100357,100,100548,100,100339,100,100581,100,100218,100,100607,100,100175,100,100679,100,100170,100,100684,100,100040,100,100687,100,99916,100
2019-06-28 10:01:52.518152936,100451,256,100433,456,100470,256,100432,256,100497,100,100431,100,100501,100,100357,100,100548,100,100339,100,100581,100,100218,100,100607,100,100175,100,100679,100,100170,100,100684,100,100040,100,100687,100,99916,100
2019-06-28 10:02:00.000000000,100451,256,100433,456,100470,256,100432,256,100497,100,100431,100,100501,100,100357,100,100548,100,100339,100,100581,100,100218,100,100607,100,100175,100,100679,100,100170,100,100684,100,100040,100,100687,100,99916,100
2019-06-28 10:02:02.997455421,100451,256,100433,356,100470,256,100432,256,100497,100,100431,100,100501,100,100357,100,100548,100,100339,100,100581,100,100218,100,100607,100,100175,100,100679,100,100170,100,100684,100,100040,100,100687,100,99916,100
2019-06-28 10:02:04.283039022,100451,256,100433,256,100470,256,100432,256,100497,100,100431,100,100501,100,100357,100,100548,100,100339,100,100581,100,100218,100,100607,100,100175,100,100679,100,100170,100,100684,100,100040,100,100687,100,99916,100
2019-06-28 10:02:04.755061570,100451,256,100433,156,100470,256,100432,256,100497,100,100431,100,100501,100,100357,100,100548,100,100339,100,100581,100,100218,100,100607,100,100175,100,100679,100,100170,100,100684,100,100040,100,100700,100,99916,100
2019-06-28 10:02:06.975119133,100451,256,100433,156,100470,256,100432,256,100497,100,100431,100,100501,100,100357,100,100548,100,100339,100,100581,100,100218,100,100607,100,100175,100,100679,100,100170,100,100684,100,100040,100,100700,100,99916,100
2019-06-28 10:02:08.892794651,100451,256,100433,156,100470,256,100432,256,100497,100,100431,100,100501,100,100357,100,100548,100,100339,100,100581,100,100218,100,100607,100,100175,100,100679,100,100170,100,100684,100,100040,100,100700,100,99916,100
2019-06-28 10:02:10.000000000,100451,256,100432,256,100470,256,100431,256,100497,100,100357,100,100501,100,100339,100,100548,100,100218,100,100581,100,100175,100,100607,100,100170,100,100679,100,100040,100,100684,100,99916,100,100700,100,99911,100
2019-06-28 10:02:20.000000000,100451,411,100432,411,100470,100,100431,100,100497,100,100357,100,100501,100,100339,100,100548,100,100218,100,100581,100,100175,100,100607,100,100170,100,100679,100,100040,100,100684,100,99916,100,100700,100,99911,100
2019-06-28 10:02:30.000000000,100451,206,100432,206,100470,203,100431,203,100497,203,100357,203,100501,100,100339,100,100548,100,100218,100,100581,100,100175,100,100607,100,100170,100,100679,100,100040,100,100684,100,99916,100,100700,100,99911,100
2019-06-28 10:02:37.095651401,100451,106,100432,106,100470,203,100431,203,100497,203,100357,203,100501,100,100339,100,100548,100,100218,100,100581,100,100175,100,100607,100,100170,100,100679,100,100040,100,100684,100,99916,100,100700,100,99911,100
2019-06-28 10:02:40.000000000,100470,206,100431,206,100497,203,100357,203,100501,203,100339,203,100548,100,100218,100,100581,100,100175,100,100607,100,100170,100,100679,100,100040,100,100684,100,99916,100,100700,100,99911,100,100772,100,99873,100
2019-06-28 10:02:50.000000000,100470,162,100431,162,100497,162,100357,162,100501,162,100339,162,100548,162,100218,162,100581,162,100175,162,100607,100,100170,100,100679,100,100040,100,100684,100,99916,100,100700,100,99911,100,100772,100,99873,100
2019-06-28 10:02:57.572003941,100433,100,100431,162,100470,162,100357,162,100497,162,100339,162,100501,162,100218,162,100548,162,100175,162,100581,162,100170,100,100607,100,100040,100,100679,100,99916,100,100684,100,99911,100,100700,100,99873,100
2019-06-28 10:03:00.000000000,100433,178,100431,178,100470,178,100357,178,100497,178,100339,178,100501,178,100218,178,100548,100,100175,100,100581,100,100170,100,100607,100,100040,100,100679,100,99916,100,100684,100,99911,100,100700,100,99873,100
2019-06-28 10:03:06.395109088,100433,178,100431,178,100470,178,100357,178,100497,178,100339,178,100501,178,100218,178,100548,100,100175,100,100581,100,100170,100,100607,100,100040,100,100679,100,99916,100,100684,100,99911,100,100700,100,99873,100
2019-06-28 10:03:09.498563139,100433,178,100431,178,100470,178,100357,178,100497,178,100339,178,100501,178,100218,178,100548,100,100175,100,100581,100,100170,100,100607,100,100040,100,100679,100,99916,100,100684,100,99911,100,100700,100,99873,100
2019-06-28 10:03:10.000000000,100433,256,100431,256,100470,256,100357,256,100497,100,100339,100,100501,100,100218,100,100548,100,100175,100,100581,100,100170,100,100607,100,100040,100,100679,100,99916,100,100684,100,99911,100,100700,100,99873,100
2019-06-28 10:03:20.000000000,100433,162,100431,162,100470,162,100357,162,100497,162,100339,162,100501,162,100218,162,100548,162,100175,162,100581,100,100170,100,100607,100,100040,100,100679,100,99916,100,100684,100,99911,100,100700,100,99873,100
2019-06-28 10:03:30.000000000,100433,411,100431,411,100470,100,100357,100,100497,100,100339,100,100501,100,100218,100,100548,100,100175,100,100581,100,100170,100,100607,100,100040,100,100679,100,99916,100,100684,100,99911,100,100700,100,99873,100
2019-06-28 10:03:40.000000000,100433,162,100431,162,100470,162,100357,162,100497,162,100339,162,100501,162,100218,162,100548,162,100175,162,100581,100,100170,100,100607,100,100040,100,100679,100,99916,100,100684,100,99911,100,100700,100,99873,100
2019-06-28 10:03:50.000000000,100433,162,100431,162,100470,162,100357,162,100497,162,100339,162,100501,162,100218,162,100548,162,100175,162,100581,100,100170,100,100607,100,100040,100,100679,100,99916,100,100684,100,99911,100,100700,100,99873,100
2019-06-28 10:03:54.284280956,100433,162,100431,62,100470,162,100357,162,100497,162,100339,162,100501,162,100218,162,100548,162,100175,162,100581,100,100170,100,100607,100,100040,100,100679,100,99916,100,100684,100,99911,100,100700,100,99873,100
2019-06-28 10:04:00.000000000,100433,256,100357,256,100470,256,100339,256,100497,100,100218,100,100501,100,100175,100,100548,100,100170,100,100581,100,100040,100,100607,100,99916,100,100679,100,99911,100,100684,100,99873,100,100700,100,99840,100
2019-06-28 10:04:10.000000000,100433,256,100357,256,100470,256,100339,256,100497,100,100218,100,100501,100,100175,100,100548,100,100170,100,100581,100,100040,100,100607,100,99916,100,100679,100,99911,100,100684,100,99873,100,100700,100,99840,100
2019-06-28 10:04:20.000000000,100433,178,100357,178,100470,178,100339,178,100497,178,100218,178,100501,178,100175,178,100548,100,100170,100,100581,100,100040,100,100607,100,99916,100,100679,100,99911,100,100684,100,99873,100,100700,100,99840,100
2019-06-28 10:04:28.300741010,100433,178,100357,78,100470,178,100339,178,100497,178,100218,178,100501,178,100175,178,100581,100,100170,100,100607,100,100040,100,100679,100,99916,100,100684,100,99911,100,100700,100,99873,100,100772,100,99840,100
2019-06-28 10:04:30.000000000,100433,178,100339,178,100470,178,100218,178,100497,178,100175,178,100501,178,100170,178,100581,100,100040,100,100607,100,99916,100,100679,100,99911,100,100684,100,99873,100,100700,100,99840,100,100772,100,99780,100
2019-06-28 10:04:40.000000000,100433,206,100339,206,100470,203,100218,203,100497,203,100175,203,100501,100,100170,100,100581,100,100040,100,100607,100,99916,100,100679,100,99911,100,100684,100,99873,100,100700,100,99840,100,100772,100,99780,100
2019-06-28 10:04:42.886703425,100433,206,100339,206,100470,203,100218,203,100497,203,100175,203,100501,100,100170,100,100581,100,100098,100,100607,100,100040,100,100679,100,99916,100,100684,100,99911,100,100700,100,99873,100,100772,100,99840,100
2019-06-28 10:04:50.000000000,100433,206,100339,206,100470,203,100218,203,100497,203,100175,203,100501,100,100170,100,100581,100,100098,100,100607,100,100040,100,100679,100,99916,100,100684,100,99911,100,100700,100,99873,100,100772,100,99840,100
2019-06-28 10:05:00.000000000,100433,256,100339,256,100470,256,100218,256,100497,100,100175,100,100501,100,100170,100,100581,100,100098,100,100607,100,100040,100,100679,100,99916,100,100684,100,99911,100,100700,100,99873,100,100772,100,99840,100
2019-06-28 10:05:07.454174142,100433,256,100339,256,100470,256,100218,256,100497,100,100175,100,100501,100,100170,100,100581,100,100098,100,100607,100,100040,100,100679,100,99916,100,100684,100,99911,100,100700,100,99873,100,100772,100,99840,100
2019-06-28 10:05:08.317794243,100433,256,100339,156,100470,256,100218,256,100497,100,100175,100,100501,100,100170,100,100581,100,100098,100,100607,100,100040,100,100679,100,99916,100,100684,100,99911,100,100700,100,99873,100,100772,100,99840,100
2019-06-28 10:05:10.000000000,100433,256,100218,256,100470,256,100175,256,100497,100,100170,100,100501,100,100098,100,100581,100,100040,100,100607,100,99916,100,100679,100,99911,100,100684,100,99873,100,100700,100,99840,100,100772,100,99836,100
2019-06-28 10:05:18.752769291,100241,100,100218,256,100433,256,100175,256,100470,256,100170,100,100497,100,100098,100,100501,100,100040,100,100581,100,99916,100,100607,100,99911,100,100679,100,99873,100,100684,100,99840,100,100700,100,99836,100
2019-06-28 10:05:20.000000000,100241,162,100218,162,100433,162,100175,162,100470,162,100170,162,100497,162,100098,162,100501,162,100040,162,100581,100,99916,100,100607,100,99911,100,100679,100,99873,100,100684,100,99840,100,100700,100,99836,100
2019-06-28 10:05:30.000000000,100241,256,100218,256,100433,256,100175,256,100470,100,100170,100,100497,100,100098,100,100501,100,100040,100,100581,100,99916,100,100607,100,99911,100,100679,100,99873,100,100684,100,99840,100,100700,100,99836,100
2019-06-28 10:05:40.000000000,100241,206,100218,206,100433,203,100175,203,100470,203,100170,203,100497,100,100098,100,100501,100,100040,100,100581,100,99916,100,100607,100,99911,100,100679,100,99873,100,100684,100,99840,100,100700,100,99836,100
2019-06-28 10:05:50.000000000,100241,411,100218,411,100433,100,100175,100,100470,100,100170,100,100497,100,100098,100,100501,100,100040,100,100581,100,99916,100,100607,100,99911,100,100679,100,99873,100,100684,100,99840,100,100700,100,99836,100
2019-06-28 10:05:54.771918986,100241,311,100218,411,100433,100,100175,100,100470,100,100170,100,100497,100,100098,100,100581,100,100040,100,100607,100,99916,100,100679,100,99911,100,100684,100,99873,100,100700,100,99840,100,100772,100,99836,100
2019-06-28 10:06:00.000000000,100433,256,100218,256,100470,256,100175,256,100497,100,100170,100,100581,100,100098,100,100607,100,100040,100,100679,100,99916,100,100684,100,99911,100,100700,100,99873,100,100772,100,99840,100,100784,100,99836,100
2019-06-28 10:06:08.145092402,100433,156,100218,256,100470,256,100175,256,100497,100,100170,100,100581,100,100098,100,100607,100,100040,100,100679,100,99916,100,100684,100,99911,100,100700,100,99873,100,100772,100,99840,100,100784,100,99836,100
2019-06-28 10:06:10.000000000,100470,178,100218,178,100497,178,100175,178,100581,178,100170,178,100607,178,100098,178,100679,100,100040,100,100684,100,99916,100,100700,100,99911,100,100772,100,99873,100,100784,100,99840,100,100797,100,99836,100
2019-06-28 10:06:20.000000000,100470,206,100218,206,100497,203,100175,203,100581,203,100170,203,100607,100,100098,100,100679,100,100040,100,100684,100,99916,100,100700,100,99911,100,100772,100,99873,100,100784,100,99840,100,100797,100,99836,100
2019-06-28 10:06:30.000000000,100470,206,100218,206,100497,203,100175,203,100581,203,100170,203,100607,100,100098,100,100679,100,100040,100,100684,100,99916,100,100700,100,99911,100,100772,100,99873,100,100784,100,99840,100,100797,100,99836,100
2019-06-28 10:06:40.000000000,100470,256,100218,256,100497,256,100175,256,100581,100,100170,100,100607,100,100098,100,100679,100,100040,100,100684,100,99916,100,100700,100,99911,100,100772,100,99873,100,100784,100,99840,100,100797,100,99836,100
2019-06-28 10:06:50.000000000,100470,178,100218,178,100497,178,100175,178,100581,178,100170,178,100607,178,100098,178,100679,100,100040,100,100684,100,99916,100,100700,100,99911,100,100772,100,99873,100,100784,100,99840,100,100797,100,99836,100
2019-06-28 10:07:00.000000000,100470,256,100218,256,100497,256,100175,256,100581,100,100170,100,100607,100,100098,100,100679,100,100040,100,100684,100,99916,100,100700,100,99911,100,100772,100,99873,100,100784,100,99840,100,100797,100,99836,100
2019-06-28 10:07:00.232463397,100470,256,100218,156,100497,256,100175,156,100581,100,100170,100,100607,100,100098,100,100679,100,100040,100,100684,100,99916,100,100700,100,99911,100,100772,100,99873,100,100784,100,99840,100,100797,100,99836,100
2019-06-28 10:07:10.000000000,100470,206,100170,206,100497,203,100098,203,100581,203,100040,203,100607,100,99916,100,100679,100,99911,100,100684,100,99873,100,100700,100,99840,100,100772,100,99836,100,100784,100,99780,100,100797,100,99776,100
2019-06-28 10:07:19.863016368,100470,206,100170,206,100497,203,100098,203,100581,203,100040,203,100607,100,99916,100,100679,100,99914,100,100684,100,99911,100,100700,100,99873,100,100772,100,99840,100,100784,100,99836,100,100797,100,99780,100
2019-06-28 10:07:20.000000000,100470,206,100170,206,100497,203,100098,203,100581,203,100040,203,100607,100,99916,100,100679,100,99914,100,100684,100,99911,100,100700,100,99873,100,100772,100,99840,100,100784,100,99836,100,100797,100,99780,100
2019-06-28 10:07:24.785900331,100470,206,100170,106,100497,203,100098,203,100581,203,100040,203,100607,100,99916,100,100679,100,99914,100,100684,100,99911,100,100700,100,99873,100,100772,100,99840,100,100784,100,99836,100,100797,100,99780,100
2019-06-28 10:07:30.000000000,100470,178,100098,178,100497,178,100040,178,100581,178,99916,178,100607,178,99914,178,100679,100,99911,100,100684,100,99873,100,100700,100,99840,100,100772,100,99836,100,100784,100,99780,100,100797,100,99776,100
2019-06-28 10:07:34.155799430,100470,178,100098,178,100497,178,100040,178,100581,178,99916,178,100607,178,99914,178,100679,100,99911,100,100684,100,99873,100,100700,100,99840,100,100772,100,99836,100,100784,100,99780,100,100797,100,99776,100
2019-06-28 10:07:40.000000000,100470,178,100098,178,100497,178,100040,178,100581,178,99916,178,100607,178,99914,178,100679,100,99911,100,100684,100,99873,100,100700,100,99840,100,100772,100,99836,100,100784,100,99780,100,100797,100,99776,100
2019-06-28 10:07:44.993435875,100218,100,100098,178,100470,178,100040,178,100497,178,99916,178,100581,178,99914,178,100607,178,99911,100,100679,100,99873,100,100684,100,99840,100,100700,100,99836,100,100772,100,99780,100,100784,100,99776,100
2019-06-28 10:07:50.000000000,100218,411,100098,411,100470,100,100040,100,100497,100,99916,100,100581,100,99914,100,100607,100,99911,100,100679,100,99873,100,100684,100,99840,100,100700,100,99836,100,100772,100,99780,100,100784,100,99776,100
2019-06-28 10:08:00.000000000,100218,162,100098,162,100470,162,100040,162,100497,162,99916,162,100581,162,99914,162,100607,162,99911,162,100679,100,99873,100,100684,100,99840,100,100700,100,99836,100,100772,100,99780,100,100784,100,99776,100
