,ask_price_1,ask_size_1,bid_price_1,bid_size_1,ask_price_2,ask_size_2,bid_price_2,bid_size_2,ask_price_3,ask_size_3,bid_price_3,bid_size_3,ask_price_4,ask_size_4,bid_price_4,bid_size_4,ask_price_5,ask_size_5,bid_price_5,bid_size_5,ask_price_6,ask_size_6,bid_price_6,bid_size_6,ask_price_7,ask_size_7,bid_price_7,bid_size_7,ask_price_8,ask_size_8,bid_price_8,bid_size_8,ask_price_9,ask_size_9,bid_price_9,bid_size_9,ask_price_10,ask_size_10,bid_price_10,bid_size_10
2019-06-28 09:30:00.000000001,,,100012,100,,,,,,,,,,,,,,,,,,,,,,,,,,,,,,,,,,,,
2019-06-28 09:30:00.000000004,,,100012,100,,,99974,100,,,,,,,,,,,,,,,,,,,,,,,,,,,,,,,,
2019-06-28 09:30:00.000000006,100164,100,100012,100,100193,100,99996,100,,,99974,100,,,,,,,,,,,,,,,,,,,,,,,,,,,,
2019-06-28 09:30:00.000000007,100164,100,99996,100,100193,100,99974,100,,,,,,,,,,,,,,,,,,,,,,,,,,,,,,,,
2019-06-28 09:30:00.000000011,100060,100,99996,100,100164,100,99974,100,100193,100,,,,,,,,,,,,,,,,,,,,,,,,,,,,,,
2019-06-28 09:30:00.000000012,100060,100,99996,100,100164,100,99974,100,100193,100,99903,100,,,,,,,,,,,,,,,,,,,,,,,,,,,,
2019-06-28 09:30:00.000000013,100060,100,99996,100,100155,100,99974,100,100164,100,99903,100,100193,100,,,,,,,,,,,,,,,,,,,,,,,,,,
2019-06-28 09:30:00.000000014,100060,100,99996,100,100155,100,99974,100,100164,100,99942,100,100193,100,99903,100,,,,,,,,,,,,,,,,,,,,,,,,
2019-06-28 09:30:00.000000015,100010,100,99996,100,100060,100,99974,100,100150,100,99942,100,100155,100,99903,100,100164,100,,,100193,100,,,,,,,,,,,,,,,,,,
2019-06-28 09:30:00.000000016,100010,100,99996,100,100060,100,99974,100,100150,100,99967,100,100155,100,99942,100,100164,100,99903,100,100193,100,,,,,,,,,,,,,,,,,,
2019-06-28 09:30:00.000000018,100010,100,99996,100,100060,100,99974,100,100150,100,99967,100,100155,100,99942,100,100162,100,99903,100,100164,100,,,100193,100,,,,,,,,,,,,,,
2019-06-28 09:30:00.000000021,100010,100,99996,100,100060,100,99974,100,100087,100,99967,100,100150,100,99942,100,100155,100,99939,100,100162,100,99903,100,100164,100,,,100193,100,,,,,,,,,,
2019-06-28 09:30:00.000000022,100010,100,99996,100,100060,100,99974,100,100087,100,99967,100,100150,100,99942,100,100155,100,99939,100,100162,100,99903,100,100164,100,,,100170,100,,,100193,100,,,,,,
2019-06-28 09:30:00.000000023,100060,100,99996,100,100087,100,99974,100,100150,100,99967,100,100155,100,99942,100,100162,100,99939,100,100164,100,99903,100,100170,100,,,100193,100,,,,,,,,,,
2019-06-28 09:30:00.000000024,100060,100,99996,100,100087,100,99974,100,100150,100,99967,100,100155,100,99942,100,100162,100,99941,100,100164,100,99939,100,100170,100,99903,100,100193,100,99789,100,,,,,,,,
2019-06-28 09:30:00.000000028,100060,100,99996,100,100087,100,99974,100,100150,100,99967,100,100155,100,99942,100,100162,100,99941,100,100164,100,99939,100,100170,100,99933,100,100193,100,99903,100,,,99789,100,,,,
2019-06-28 09:30:00.000000030,100060,100,99996,100,100087,100,99974,100,100150,100,99967,100,100155,100,99942,100,100162,100,99941,100,100164,100,99939,100,100170,100,99933,100,100193,100,99903,100,,,99851,100,,,99789,100
2019-06-28 09:30:00.000000031,100060,100,99996,100,100087,100,99974,100,100095,100,99967,100,100150,100,99942,100,100155,100,99941,100,100162,100,99939,100,100164,100,99933,100,100170,100,99903,100,100193,100,99883,100,,,99851,100
2019-06-28 09:30:00.000000032,100060,100,100010,100,100087,100,99996,100,100095,100,99974,100,100150,100,99967,100,100155,100,99942,100,100162,100,99941,100,100164,100,99939,100,100170,100,99933,100,100193,100,99903,100,,,99883,100
2019-06-28 09:30:00.000000033,100060,100,100010,200,100087,100,99996,100,100095,100,99974,100,100150,100,99967,100,100155,100,99942,100,100162,100,99941,100,100164,100,99939,100,100170,100,99933,100,100193,100,99903,100,,,99883,100
2019-06-28 09:30:00.000000036,100060,100,100010,200,100087,100,99996,100,100093,100,99974,100,100095,100,99967,100,100150,100,99942,100,100155,100,99941,100,100162,100,99939,100,100164,100,99933,100,100170,100,99903,100,100193,100,99883,100
2019-06-28 09:30:00.000000038,100060,100,100020,100,100087,100,100010,200,100093,100,99996,100,100095,100,99974,100,100150,100,99967,100,100155,100,99942,100,100162,100,99941,100,100164,100,99939,100,100170,100,99933,100,100193,100,99903,100
2019-06-28 09:30:00.000000042,100060,100,100020,100,100087,100,100010,200,100093,100,99996,100,100095,100,99974,100,100150,100,99967,100,100155,100,99942,100,100162,100,99941,100,100164,100,99939,100,100170,100,99933,100,100193,100,99903,100
2019-06-28 09:30:00.000000044,100060,100,100010,200,100087,100,99996,100,100093,100,99974,100,100095,100,99967,100,100150,100,99942,100,100155,100,99941,100,100162,100,99939,100,100164,100,99933,100,100170,100,99903,100,100193,100,99883,100
2019-06-28 09:30:00.000000046,100060,100,100010,200,100087,100,99996,100,100093,100,99974,100,100095,100,99967,100,100150,100,99942,100,100155,100,99941,100,100162,100,99939,100,100164,100,99933,100,100170,100,99903,100,100193,100,99887,100
2019-06-28 09:30:00.000000051,100060,100,100018,100,100087,100,100010,200,100093,100,99996,100,100095,100,99974,100,100150,100,99967,100,100155,100,99942,100,100162,100,99941,100,100164,100,99939,100,100170,100,99933,100,100193,100,99903,100
2019-06-28 09:30:00.000000052,100060,100,100010,200,100087,100,99996,100,100093,100,99974,100,100095,100,99967,100,100150,100,99942,100,100155,100,99941,100,100162,100,99939,100,100164,100,99933,100,100170,100,99903,100,100193,100,99887,100
2019-06-28 09:30:00.000000053,100060,100,100010,200,100087,100,99996,100,100093,100,99974,100,100095,100,99967,100,100150,100,99942,100,100155,100,99941,100,100162,100,99939,100,100164,100,99933,100,100170,100,99903,100,100193,100,99888,100
2019-06-28 09:30:00.000000055,100020,100,100010,200,100060,100,99996,100,100087,100,99974,100,100093,100,99967,100,100095,100,99942,100,100150,100,99941,100,100155,100,99939,100,100162,100,99933,100,100164,100,99903,100,100170,100,99888,100
2019-06-28 09:30:00.000000057,100020,100,100010,200,100060,100,99996,100,100087,100,99974,100,100093,100,99967,100,100095,100,99942,100,100150,100,99941,100,100155,100,99939,100,100162,100,99933,100,100164,100,99903,100,100170,100,99888,100
2019-06-28 09:30:00.000000060,100020,100,100010,100,100060,100,99996,100,100087,100,99974,100,100093,100,99967,100,100095,100,99942,100,100150,100,99941,100,100155,100,99939,100,100162,100,99933,100,100164,100,99903,100,100170,100,99888,100
2019-06-28 09:30:00.000000061,100020,100,100010,100,100060,100,99996,100,100087,100,99980,100,100093,100,99974,100,100095,100,99967,100,100150,100,99942,100,100155,100,99941,100,100162,100,99939,100,100164,100,99933,100,100170,100,99929,100
2019-06-28 09:30:00.000000062,100018,100,100010,100,100020,100,99996,100,100060,100,99980,100,100087,100,99974,100,100093,100,99967,100,100095,100,99942,100,100150,100,99941,100,100155,100,99939,100,100162,100,99933,100,100164,100,99929,100
2019-06-28 09:30:00.000000065,100018,100,100010,200,100020,100,99996,100,100060,100,99980,100,100087,100,99974,100,100093,100,99967,100,100095,100,99942,100,100150,100,99941,100,100155,100,99939,100,100162,100,99933,100,100164,100,99929,100
2019-06-28 09:30:00.000000067,100018,100,100010,200,100020,100,99996,100,100060,100,99980,100,100064,100,99974,100,100087,100,99967,100,100093,100,99942,100,100095,100,99941,100,100150,100,99939,100,100155,100,99933,100,100162,100,99929,100
2019-06-28 09:30:00.000000068,100018,100,100010,200,100020,100,99996,100,100060,100,99980,100,100064,100,99974,100,100087,100,99967,100,100093,100,99942,100,100095,100,99941,100,100150,100,99939,100,100155,100,99933,100,100162,100,99929,100
2019-06-28 09:30:00.000000071,100018,100,100010,200,100020,100,99996,100,100060,100,99980,100,100064,100,99974,100,100087,100,99967,100,100093,100,99942,100,100095,100,99941,100,100123,100,99939,100,100150,100,99933,100,100155,100,99929,100
2019-06-28 09:30:00.000000072,100018,200,100010,200,100020,100,99996,100,100060,100,99980,100,100064,100,99974,100,100087,100,99967,100,100093,100,99942,100,100095,100,99941,100,100123,100,99939,100,100150,100,99933,100,100155,100,99929,100
2019-06-28 09:30:00.000000077,100018,200,100010,200,100020,100,99996,100,100021,100,99980,100,100060,100,99974,100,100064,100,99967,100,100087,100,99965,100,100093,100,99942,100,100095,100,99941,100,100123,100,99939,100,100150,100,99933,100
2019-06-28 09:30:00.000000078,100018,200,100010,200,100020,100,99996,100,100021,100,99980,100,100060,100,99974,100,100064,100,99967,100,100087,100,99965,100,100093,100,99942,100,100095,100,99941,100,100123,100,99939,100,100150,100,99933,100
2019-06-28 09:30:00.000000080,100018,200,100010,200,100020,100,99996,100,100021,100,99980,100,100060,100,99974,100,100064,100,99967,100,100087,100,99965,100,100093,100,99942,100,100095,100,99941,100,100123,100,99939,100,100150,100,99933,100
2019-06-28 09:30:00.000000087,100018,100,100010,200,100020,100,99996,100,100021,100,99980,100,100060,100,99974,100,100064,100,99967,100,100087,100,99965,100,100093,100,99942,100,100095,100,99941,100,100123,100,99939,100,100150,100,99933,100
2019-06-28 09:30:00.000000089,100014,100,100010,200,100018,100,99996,100,100020,100,99983,100,100021,100,99980,100,100060,100,99974,100,100064,100,99967,100,100087,100,99965,100,100093,100,99942,100,100095,100,99941,100,100123,100,99939,100
2019-06-28 09:30:00.000000093,100014,100,100010,200,100018,100,99996,100,100020,100,99983,100,100021,100,99980,100,100031,100,99974,200,100060,100,99967,100,100064,100,99965,100,100087,100,99942,100,100093,100,99941,100,100095,100,99939,100
2019-06-28 09:30:00.000000094,100017,100,100010,200,100018,100,99996,100,100020,100,99983,100,100021,100,99980,100,100031,100,99974,200,100060,100,99967,100,100064,100,99965,100,100087,100,99942,100,100093,100,99941,100,100095,100,99939,100
2019-06-28 09:30:00.000000096,100017,100,100014,100,100018,100,100010,200,100020,100,99996,100,100021,100,99983,100,100031,100,99980,100,100060,100,99974,200,100064,100,99967,100,100087,100,99965,100,100093,100,99942,100,100095,100,99941,100
2019-06-28 09:30:00.000000097,100017,100,100010,100,100018,100,100007,100,100020,100,99996,100,100021,100,99983,100,100031,100,99980,100,100060,100,99974,200,100064,100,99967,100,100087,100,99965,100,100093,100,99942,100,100095,100,99941,100
2019-06-28 09:30:00.000000098,100017,100,100010,100,100018,100,100007,100,100020,100,99996,100,100021,100,99983,100,100031,100,99980,100,100055,100,99974,200,100060,100,99967,100,100064,100,99965,100,100087,100,99942,100,100093,100,99941,100
2019-06-28 09:30:05.490580294,100017,100,100010,100,100018,100,100007,100,100020,100,99996,100,100021,100,99983,100,100031,100,99980,100,100055,100,99974,200,100060,100,99967,100,100064,100,99965,100,100087,100,99942,100,100093,100,99941,100
2019-06-28 09:30:10.000000000,100017,327,100010,327,100018,327,100007,327,100020,100,99996,100,100021,100,99983,100,100031,100,99980,100,100055,100,99974,200,100060,100,99967,100,100064,100,99965,100,100087,100,99942,100,100093,100,99941,100
2019-06-28 09:30:20.000000000,100017,554,100010,554,100018,100,100007,100,100020,100,99996,100,100021,100,99983,100,100031,100,99980,100,100055,100,99974,200,100060,100,99967,100,100064,100,99965,100,100087,100,99942,100,100093,100,99941,100
2019-06-28 09:30:24.088646559,100017,554,100010,454,100018,100,100007,100,100020,100,99996,100,100021,100,99983,100,100031,100,99980,100,100055,100,99974,200,100060,100,99967,100,100064,100,99965,100,100087,100,99942,100,100093,100,99941,100
2019-06-28 09:30:30.000000000,100017,214,100007,214,100018,214,99996,214,100020,214,99983,214,100021,214,99980,214,100031,100,99974,200,100055,100,99967,100,100060,100,99965,100,100064,100,99942,100,100087,100,99941,100,100093,100,99939,100
2019-06-28 09:30:34.234256128,100017,214,100007,214,100018,214,99996,214,100020,214,99983,214,100021,214,99980,214,100031,100,99974,200,100055,100,99967,100,100060,100,99965,100,100064,100,99942,100,100080,100,99941,100,100087,100,99939,100
2019-06-28 09:30:40.000000000,100017,191,100007,191,100018,191,99996,191,100020,191,99983,191,100021,191,99980,191,100031,191,99974,291,100055,100,99967,100,100060,100,99965,100,100064,100,99942,100,100080,100,99941,100,100087,100,99939,100
2019-06-28 09:30:45.924790451,100017,191,100007,191,100018,191,99996,191,100020,191,99983,191,100021,191,99980,191,100031,191,99974,291,100055,100,99967,100,100060,100,99965,100,100064,100,99942,100,100080,100,99941,100,100087,100,99939,100
2019-06-28 09:30:50.000000000,100017,191,100007,191,100018,191,99996,191,100020,191,99983,191,100021,191,99980,191,100031,191,99974,291,100055,100,99967,100,100060,100,99965,100,100064,100,99942,100,100080,100,99941,100,100087,100,99939,100
2019-06-28 09:31:00.000000000,100017,254,100007,254,100018,250,99996,250,100020,250,99983,250,100021,100,99980,100,100031,100,99974,200,100055,100,99967,100,100060,100,99965,100,100064,100,99942,100,100080,100,99941,100,100087,100,99939,100
2019-06-28 09:31:10.000000000,100017,254,100007,254,100018,250,99996,250,100020,250,99983,250,100021,100,99980,100,100031,100,99974,200,100055,100,99967,100,100060,100,99965,100,100064,100,99942,100,100080,100,99941,100,100087,100,99939,100
2019-06-28 09:31:10.752122920,100017,254,100007,254,100018,250,99996,250,100020,250,99983,150,100021,100,99980,100,100031,100,99974,200,100055,100,99967,100,100060,100,99965,100,100064,100,99942,100,100080,100,99941,100,100087,100,99939,100
2019-06-28 09:31:20.000000000,100017,191,100007,191,100018,191,99996,191,100020,191,99980,191,100021,191,99974,291,100031,191,99967,191,100055,100,99965,100,100060,100,99942,100,100064,100,99941,100,100080,100,99939,100,100087,100,99933,100
2019-06-28 09:31:27.764186272,100017,191,100007,91,100018,191,99996,191,100020,191,99980,191,100021,191,99974,191,100031,191,99967,191,100055,100,99965,100,100060,100,99942,100,100064,100,99941,100,100080,100,99939,100,100087,100,99933,100
2019-06-28 09:31:30.000000000,100017,554,99996,554,100018,100,99980,100,100020,100,99974,100,100021,100,99967,100,100031,100,99965,100,100055,100,99942,100,100060,100,99941,100,100064,100,99939,100,100080,100,99933,100,100087,100,99929,100
2019-06-28 09:31:40.000000000,100017,214,99996,214,100018,214,99980,214,100020,214,99974,214,100021,214,99967,214,100031,100,99965,100,100055,100,99942,100,100060,100,99941,100,100064,100,99939,100,100080,100,99933,100,100087,100,99929,100
2019-06-28 09:31:50.000000000,100017,214,99996,214,100018,214,99980,214,100020,214,99974,214,100021,214,99967,214,100031,100,99965,100,100055,100,99942,100,100060,100,99941,100,100064,100,99939,100,100080,100,99933,100,100087,100,99929,100
2019-06-28 09:32:00.000000000,100017,214,99996,214,100018,214,99980,214,100020,214,99974,214,100021,214,99967,214,100031,100,99965,100,100055,100,99942,100,100060,100,99941,100,100064,100,99939,100,100080,100,99933,100,100087,100,99929,100
2019-06-28 09:32:10.000000000,100017,191,99996,191,100018,191,99980,191,100020,191,99974,191,100021,191,99967,191,100031,191,99965,191,100055,100,99942,100,100060,100,99941,100,100064,100,99939,100,100080,100,99933,100,100087,100,99929,100
2019-06-28 09:32:20.000000000,100017,254,99996,254,100018,250,99980,250,100020,250,99974,250,100021,100,99967,100,100031,100,99965,100,100055,100,99942,100,100060,100,99941,100,100064,100,99939,100,100080,100,99933,100,100087,100,99929,100
2019-06-28 09:32:24.687128604,100017,254,99996,154,100018,250,99980,250,100020,250,99974,250,100021,100,99967,100,100031,100,99965,100,100055,100,99942,100,100060,100,99941,100,100064,100,99939,100,100080,100,99933,100,100087,100,99929,100
2019-06-28 09:32:30.000000000,100017,327,99980,327,100018,327,99974,327,100020,100,99967,100,100021,100,99965,100,100031,100,99942,100,100055,100,99941,100,100060,100,99939,100,100064,100,99933,100,100080,100,99929,100,100087,100,99922,100
2019-06-28 09:32:32.761032620,100017,327,99980,327,100018,327,99974,327,100020,100,99967,100,100021,100,99965,100,100031,100,99942,100,100055,100,99941,100,100060,100,99939,100,100064,100,99933,100,100080,100,99929,100,100087,100,99922,100
2019-06-28 09:32:40.000000000,100017,254,99980,254,100018,250,99974,250,100020,250,99967,250,100021,100,99965,100,100031,100,99942,100,100055,100,99941,100,100060,100,99939,100,100064,100,99933,100,100080,100,99929,100,100087,100,99922,100
2019-06-28 09:32:49.076109194,100017,254,99980,154,100018,250,99974,250,100020,250,99967,250,100021,100,99965,100,100031,100,99942,100,100055,100,99941,100,100060,100,99939,100,100064,100,99933,100,100087,100,99929,100,100093,100,99922,100
2019-06-28 09:32:50.000000000,100017,214,99974,214,100018,214,99967,214,100020,214,99965,214,100021,214,99942,214,100031,100,99941,100,100055,100,99939,100,100060,100,99933,100,100064,100,99929,100,100087,100,99922,100,100093,100,99905,100
2019-06-28 09:33:00.000000000,100017,327,99974,327,100018,327,99967,327,100020,100,99965,100,100021,100,99942,100,100031,100,99941,100,100055,100,99939,100,100060,100,99933,100,100064,100,99929,100,100087,100,99922,100,100093,100,99905,100
2019-06-28 09:33:10.000000000,100017,214,99974,214,100018,214,99967,214,100020,214,99965,214,100021,214,99942,214,100031,100,99941,100,100055,100,99939,100,100060,100,99933,100,100064,100,99929,100,100087,100,99922,100,100093,100,99905,100
2019-06-28 09:33:15.302905094,100017,214,99974,214,100018,214,99967,214,100020,214,99965,214,100021,214,99942,214,100031,100,99941,100,100055,100,99939,100,100060,100,99933,100,100064,100,99929,100,100087,100,99922,100,100093,100,99905,100
2019-06-28 09:33:20.000000000,100017,554,99974,554,100018,100,99967,100,100020,100,99965,100,100021,100,99942,100,100031,100,99941,100,100055,100,99939,100,100060,100,99933,100,100064,100,99929,100,100087,100,99922,100,100093,100,99905,100
2019-06-28 09:33:29.083821615,100017,554,99974,554,100018,100,99967,100,100020,100,99965,100,100021,100,99942,100,100031,100,99941,100,100055,100,99939,100,100060,100,99929,100,100064,100,99922,100,100087,100,99905,100,100093,100,99903,100
2019-06-28 09:33:30.000000000,100017,554,99974,554,100018,100,99967,100,100020,100,99965,100,100021,100,99942,100,100031,100,99941,100,100055,100,99939,100,100060,100,99929,100,100064,100,99922,100,100087,100,99905,100,100093,100,99903,100
2019-06-28 09:33:33.771720955,100017,554,99974,554,100018,100,99967,100,100020,100,99965,100,100021,100,99942,100,100031,100,99941,100,100055,100,99939,100,100060,100,99929,100,100064,100,99922,100,100087,100,99905,100,100093,100,99903,100
2019-06-28 09:33:40.000000000,100017,554,99974,554,100018,100,99967,100,100020,100,99965,100,100021,100,99942,100,100031,100,99941,100,100055,100,99939,100,100060,100,99929,100,100064,100,99922,100,100087,100,99905,100,100093,100,99903,100
2019-06-28 09:33:41.658358756,100017,554,99997,100,100018,100,99974,554,100020,100,99967,100,100021,100,99965,100,100031,100,99942,100,100055,100,99941,100,100060,100,99939,100,100064,100,99929,100,100087,100,99922,100,100093,100,99905,100
2019-06-28 09:33:50.000000000,100017,554,99997,554,100018,100,99974,100,100020,100,99967,100,100021,100,99965,100,100031,100,99942,100,100055,100,99941,100,100060,100,99939,100,100064,100,99929,100,100087,100,99922,100,100093,100,99905,100
2019-06-28 09:34:00.000000000,100017,254,99997,254,100018,250,99974,250,100020,250,99967,250,100021,100,99965,100,100031,100,99942,100,100055,100,99941,100,100060,100,99939,100,100064,100,99929,100,100087,100,99922,100,100093,100,99905,100
2019-06-28 09:34:08.879008249,100017,254,99997,354,100018,250,99974,250,100020,250,99967,250,100021,100,99965,100,100031,100,99942,100,100055,100,99941,100,100060,100,99939,100,100064,100,99929,100,100087,100,99922,100,100093,100,99905,100
2019-06-28 09:34:10.000000000,100017,191,99997,291,100018,191,99974,191,100020,191,99967,191,100021,191,99965,191,100031,191,99942,191,100055,100,99941,100,100060,100,99939,100,100064,100,99929,100,100087,100,99922,100,100093,100,99905,100
2019-06-28 09:34:20.000000000,100017,327,99997,427,100018,327,99974,327,100020,100,99967,100,100021,100,99965,100,100031,100,99942,100,100055,100,99941,100,100060,100,99939,100,100064,100,99929,100,100087,100,99922,100,100093,100,99905,100
2019-06-28 09:34:30.000000000,100017,327,99997,427,100018,327,99974,327,100020,100,99967,100,100021,100,99965,100,100031,100,99942,100,100055,100,99941,100,100060,100,99939,100,100064,100,99929,100,100087,100,99922,100,100093,100,99905,100
2019-06-28 09:34:34.051901294,100017,327,99997,427,100018,327,99974,327,100020,100,99967,100,100021,100,99965,100,100031,100,99962,100,100055,100,99942,100,100060,100,99941,100,100064,100,99939,100,100087,100,99929,100,100093,100,99922,100
2019-06-28 09:34:40.000000000,100017,327,99997,427,100018,327,99974,327,100020,100,99967,100,100021,100,99965,100,100031,100,99962,100,100055,100,99942,100,100060,100,99941,100,100064,100,99939,100,100087,100,99929,100,100093,100,99922,100
2019-06-28 09:34:48.674405086,100017,327,99997,427,100018,327,99974,327,100020,100,99967,100,100021,100,99965,100,100031,100,99962,100,100055,100,99942,100,100060,100,99941,100,100064,100,99929,100,100087,100,99922,100,100093,100,99905,100
2019-06-28 09:34:50.000000000,100017,191,99997,291,100018,191,99974,191,100020,191,99967,191,100021,191,99965,191,100031,191,99962,191,100055,100,99942,100,100060,100,99941,100,100064,100,99929,100,100087,100,99922,100,100093,100,99905,100
2019-06-28 09:35:00.000000000,100017,191,99997,291,100018,191,99974,191,100020,191,99967,191,100021,191,99965,191,100031,191,99962,191,100055,100,99942,100,100060,100,99941,100,100064,100,99929,100,100087,100,99922,100,100093,100,99905,100
2019-06-28 09:35:03.909540024,100017,91,99997,291,100018,191,99974,191,100020,191,99967,191,100021,191,99965,191,100031,191,99962,191,100055,100,99942,100,100060,100,99941,100,100064,100,99929,100,100087,100,99922,100,100093,100,99905,100
2019-06-28 09:35:10.000000000,100018,254,99997,354,100020,250,99974,250,100021,250,99967,250,100031,100,99965,100,100055,100,99962,100,100060,100,99942,100,100064,100,99941,100,100087,100,99929,100,100093,100,99922,100,100095,100,99905,100
2019-06-28 09:35:20.000000000,100018,214,99997,314,100020,214,99974,214,100021,214,99967,214,100031,214,99965,214,100055,100,99962,100,100060,100,99942,100,100064,100,99941,100,100087,100,99929,100,100093,100,99922,100,100095,100,99905,100
2019-06-28 09:35:30.000000000,100018,254,99997,354,100020,250,99974,250,100021,250,99967,250,100031,100,99965,100,100055,100,99962,100,100060,100,99942,100,100064,100,99941,100,100087,100,99929,100,100093,100,99922,100,100095,100,99905,100
2019-06-28 09:35:40.000000000,100018,191,99997,291,100020,191,99974,191,100021,191,99967,191,100031,191,99965,191,100055,191,99962,191,100060,100,99942,100,100064,100,99941,100,100087,100,99929,100,100093,100,99922,100,100095,100,99905,100
2019-06-28 09:35:50.000000000,100018,327,99997,427,100020,327,99974,327,100021,100,99967,100,100031,100,99965,100,100055,100,99962,100,100060,100,99942,100,100064,100,99941,100,100087,100,99929,100,100093,100,99922,100,100095,100,99905,100
2019-06-28 09:36:00.000000000,100018,554,99997,654,100020,100,99974,100,100021,100,99967,100,100031,100,99965,100,100055,100,99962,100,100060,100,99942,100,100064,100,99941,100,100087,100,99929,100,100093,100,99922,100,100095,100,99905,100
2019-06-28 09:36:01.847111231,100018,554,99997,654,100020,100,99974,100,100021,100,99967,100,100031,100,99965,100,100055,100,99962,100,100060,100,99942,100,100064,100,99941,100,100087,100,99929,100,100093,100,99922,100,100095,100,99905,100
2019-06-28 09:36:10.000000000,100018,214,99997,314,100020,214,99974,214,100021,214,99967,214,100031,214,99965,214,100055,100,99962,100,100060,100,99942,100,100064,100,99941,100,100087,100,99929,100,100093,100,99922,100,100095,100,99905,100
2019-06-28 09:36:20.000000000,100018,214,99997,314,100020,214,99974,214,100021,214,99967,214,100031,214,99965,214,100055,100,99962,100,100060,100,99942,100,100064,100,99941,100,100087,100,99929,100,100093,100,99922,100,100095,100,99905,100
2019-06-28 09:36:20.629335759,100018,114,99998,100,100020,214,99997,314,100021,214,99974,214,100031,214,99967,214,100055,100,99965,214,100060,100,99962,100,100064,100,99942,100,100087,100,99941,100,100093,100,99929,100,100095,100,99922,100
2019-06-28 09:36:30.000000000,100020,214,99998,214,100021,214,99997,314,100031,214,99974,214,100055,214,99967,214,100060,100,99965,100,100064,100,99962,100,100087,100,99942,100,100093,100,99941,100,100095,100,99929,100,100122,100,99922,100
2019-06-28 09:36:40.000000000,100020,214,99998,214,100021,214,99997,314,100031,214,99974,214,100055,214,99967,214,100060,100,99965,100,100064,100,99962,100,100087,100,99942,100,100093,100,99941,100,100095,100,99929,100,100122,100,99922,100
2019-06-28 09:36:50.000000000,100020,214,99998,214,100021,214,99997,314,100031,214,99974,214,100055,214,99967,214,100060,100,99965,100,100064,100,99962,100,100087,100,99942,100,100093,100,99941,100,100095,100,99929,100,100122,100,99922,100
2019-06-28 09:37:00.000000000,100020,214,99998,214,100021,214,99997,314,100031,214,99974,214,100055,214,99967,214,100060,100,99965,100,100064,100,99962,100,100087,100,99942,100,100093,100,99941,100,100095,100,99929,100,100122,100,99922,100
2019-06-28 09:37:10.000000000,100020,327,99998,327,100021,327,99997,427,100031,100,99974,100,100055,100,99967,100,100060,100,99965,100,100064,100,99962,100,100087,100,99942,100,100093,100,99941,100,100095,100,99929,100,100122,100,99922,100
2019-06-28 09:37:20.000000000,100020,327,99998,327,100021,327,99997,427,100031,100,99974,100,100055,100,99967,100,100060,100,99965,100,100064,100,99962,100,100087,100,99942,100,100093,100,99941,100,100095,100,99929,100,100122,100,99922,100
2019-06-28 09:37:22.589718917,100020,327,99998,427,100021,327,99997,427,100031,100,99974,100,100055,100,99967,100,100060,100,99965,100,100064,100,99962,100,100087,100,99942,100,100093,100,99941,100,100095,100,99929,100,100122,100,99922,100
2019-06-28 09:37:30.000000000,100020,191,99998,291,100021,191,99997,291,100031,191,99974,191,100055,191,99967,191,100060,191,99965,191,100064,100,99962,100,100087,100,99942,100,100093,100,99941,100,100095,100,99929,100,100122,100,99922,100
2019-06-28 09:37:40.000000000,100020,254,99998,354,100021,250,99997,350,100031,250,99974,250,100055,100,99967,100,100060,100,99965,100,100064,100,99962,100,100087,100,99942,100,100093,100,99941,100,100095,100,99929,100,100122,100,99922,100
2019-06-28 09:37:40.143979408,100020,254,99998,454,100021,250,99997,350,100031,250,99974,250,100055,100,99967,100,100060,100,99965,100,100064,100,99962,100,100087,100,99942,100,100093,100,99941,100,100095,100,99929,100,100122,100,99922,100
2019-06-28 09:37:42.195286730,100020,254,99998,554,100021,250,99997,350,100031,250,99974,250,100055,100,99967,100,100060,100,99965,100,100064,100,99962,100,100087,100,99942,100,100093,100,99941,100,100095,100,99929,100,100122,100,99922,100
2019-06-28 09:37:45.204845530,100020,154,99998,554,100021,250,99997,350,100031,250,99974,250,100055,100,99967,100,100060,100,99965,100,100064,100,99962,100,100087,100,99942,100,100093,100,99941,100,100095,100,99929,100,100122,100,99922,100
2019-06-28 09:37:50.000000000,100021,254,99998,554,100031,250,99997,350,100055,250,99974,250,100060,100,99967,100,100064,100,99965,100,100087,100,99962,100,100093,100,99942,100,100095,100,99941,100,100122,100,99929,100,100123,100,99922,100
2019-06-28 09:37:55.714637408,100021,254,99998,554,100031,250,99997,350,100055,250,99974,250,100060,100,99967,100,100064,100,99965,100,100087,100,99962,100,100093,100,99942,100,100095,100,99941,100,100122,100,99929,100,100123,100,99922,100
2019-06-28 09:37:58.664551371,100021,154,99998,554,100031,250,99997,350,100055,250,99974,250,100060,100,99967,100,100087,100,99965,100,100093,100,99962,100,100095,100,99942,100,100122,100,99941,100,100123,100,99929,100,100150,100,99922,100
2019-06-28 09:38:00.000000000,100031,214,99998,514,100055,214,99997,314,100060,214,99974,214,100087,214,99967,214,100093,100,99965,100,100095,100,99962,100,100122,100,99942,100,100123,100,99941,100,100150,100,99929,100,100155,100,99922,100
2019-06-28 09:38:10.000000000,100031,191,99998,491,100055,191,99997,291,100060,191,99974,191,100087,191,99967,191,100093,191,99965,191,100095,100,99962,100,100122,100,99942,100,100123,100,99941,100,100150,100,99929,100,100155,100,99922,100
2019-06-28 09:38:20.000000000,100031,254,99998,554,100055,250,99997,350,100060,250,99974,250,100087,100,99967,100,100093,100,99965,100,100095,100,99962,100,100122,100,99942,100,100123,100,99941,100,100150,100,99929,100,100155,100,99922,100
2019-06-28 09:38:20.000486769,100031,254,99998,554,100055,250,99997,350,100060,250,99974,250,100087,100,99967,100,100093,100,99965,100,100095,100,99962,100,100122,100,99942,100,100123,100,99941,100,100150,100,99929,100,100155,100,99922,100
2019-06-28 09:38:30.000000000,100031,554,99998,854,100055,100,99997,200,100060,100,99974,100,100087,100,99967,100,100093,100,99965,100,100095,100,99962,100,100122,100,99942,100,100123,100,99941,100,100150,100,99929,100,100155,100,99922,100
2019-06-28 09:38:36.471872634,100031,454,99998,854,100055,100,99997,200,100060,100,99974,100,100087,100,99967,100,100093,100,99965,100,100095,100,99962,100,100122,100,99942,100,100123,100,99941,100,100150,100,99929,100,100155,100,99922,100
2019-06-28 09:38:40.000000000,100055,327,99998,627,100060,327,99997,427,100087,100,99974,100,100093,100,99967,100,100095,100,99965,100,100122,100,99962,100,100123,100,99942,100,100150,100,99941,100,100155,100,99929,100,100162,100,99922,100
2019-06-28 09:38:50.000000000,100055,254,99998,554,100060,250,99997,350,100087,250,99974,250,100093,100,99967,100,100095,100,99965,100,100122,100,99962,100,100123,100,99942,100,100150,100,99941,100,100155,100,99929,100,100162,100,99922,100
2019-06-28 09:38:59.538603731,100055,254,99998,554,100060,250,99997,350,100087,250,99974,250,100093,100,99967,100,100095,100,99965,100,100122,100,99962,100,100123,100,99942,100,100150,100,99941,100,100155,100,99929,100,100162,100,99922,100
2019-06-28 09:39:00.000000000,100055,191,99998,491,100060,191,99997,291,100087,191,99974,191,100093,191,99967,191,100095,191,99965,191,100122,100,99962,100,100123,100,99942,100,100150,100,99941,100,100155,100,99929,100,100162,100,99922,100
2019-06-28 09:39:05.858496051,100055,191,99998,491,100060,191,99997,291,100087,191,99974,191,100093,191,99967,191,100095,191,99965,191,100122,100,99962,100,100123,100,99942,100,100150,100,99941,100,100155,100,99929,100,100162,100,99922,100
2019-06-28 09:39:10.000000000,100055,254,99998,554,100060,250,99997,350,100087,250,99974,250,100093,100,99967,100,100095,100,99965,100,100122,100,99962,100,100123,100,99942,100,100150,100,99941,100,100155,100,99929,100,100162,100,99922,100
2019-06-28 09:39:20.000000000,100055,214,99998,514,100060,214,99997,314,100087,214,99974,214,100093,214,99967,214,100095,100,99965,100,100122,100,99962,100,100123,100,99942,100,100150,100,99941,100,100155,100,99929,100,100162,100,99922,100
2019-06-28 09:39:30.000000000,100055,214,99998,514,100060,214,99997,314,100087,214,99974,214,100093,214,99967,214,100095,100,99965,100,100122,100,99962,100,100123,100,99942,100,100150,100,99941,100,100155,100,99929,100,100162,100,99922,100
2019-06-28 09:39:40.000000000,100055,327,99998,627,100060,327,99997,427,100087,100,99974,100,100093,100,99967,100,100095,100,99965,100,100122,100,99962,100,100123,100,99942,100,100150,100,99941,100,100155,100,99929,100,100162,100,99922,100
2019-06-28 09:39:50.000000000,100055,254,99998,554,100060,250,99997,350,100087,250,99974,250,100093,100,99967,100,100095,100,99965,100,100122,100,99962,100,100123,100,99942,100,100150,100,99941,100,100155,100,99929,100,100162,100,99922,100
2019-06-28 09:39:58.013416453,100055,154,99998,554,100060,250,99997,350,100087,250,99974,250,100093,100,99967,100,100095,100,99965,100,100122,100,99962,100,100123,100,99942,100,100150,100,99941,100,100155,100,99929,100,100162,100,99922,100
2019-06-28 09:40:00.000000000,100060,214,99998,514,100087,214,99997,314,100093,214,99974,214,100095,214,99967,214,100122,100,99965,100,100123,100,99962,100,100150,100,99942,100,100155,100,99941,100,100162,100,99929,100,100170,100,99922,100
2019-06-28 09:40:00.849572046,100060,214,99998,514,100087,214,99997,314,100093,214,99974,214,100095,214,99967,214,100122,100,99965,100,100123,100,99962,100,100150,100,99942,100,100155,100,99941,100,100162,100,99929,100,100170,100,99922,100
2019-06-28 09:40:10.000000000,100060,254,99998,554,100087,250,99997,350,100093,250,99974,250,100095,100,99967,100,100122,100,99965,100,100123,100,99962,100,100150,100,99942,100,100155,100,99941,100,100162,100,99929,100,100170,100,99922,100
2019-06-28 09:40:13.146180813,100060,254,99998,554,100087,250,99997,350,100093,250,99974,250,100095,100,99967,100,100122,100,99965,100,100123,100,99942,100,100150,100,99941,100,100155,100,99929,100,100162,100,99922,100,100170,100,99905,100
2019-06-28 09:40:19.989749559,100060,154,99998,554,100087,250,99997,350,100093,250,99974,250,100095,100,99967,100,100122,100,99965,100,100123,100,99942,100,100150,100,99941,100,100155,100,99929,100,100162,100,99922,100,100170,100,99905,100
2019-06-28 09:40:20.000000000,100087,554,99998,854,100093,100,99997,200,100095,100,99974,100,100122,100,99967,100,100123,100,99965,100,100150,100,99942,100,100155,100,99941,100,100162,100,99929,100,100170,100,99922,100,100285,100,99905,100
2019-06-28 09:40:24.842656735,100087,554,99998,854,100093,100,99997,200,100095,100,99974,100,100122,100,99967,100,100123,100,99965,100,100150,100,99942,100,100155,100,99941,100,100162,100,99929,100,100170,100,99922,100,100285,100,99905,100
2019-06-28 09:40:25.659355327,100087,454,99998,854,100093,100,99997,200,100095,100,99974,100,100122,100,99967,100,100123,100,99965,100,100150,100,99942,100,100155,100,99941,100,100162,100,99929,100,100170,100,99922,100,100285,100,99905,100
2019-06-28 09:40:30.000000000,100093,214,99998,514,100095,214,99997,314,100122,214,99974,214,100123,214,99967,214,100150,100,99965,100,100155,100,99942,100,100162,100,99941,100,100170,100,99929,100,100285,100,99922,100,100399,100,99905,100
2019-06-28 09:40:32.185287397,100093,214,100055,100,100095,214,99998,514,100122,214,99997,314,100123,214,99974,214,100150,100,99967,214,100155,100,99965,100,100162,100,99942,100,100170,100,99941,100,100285,100,99929,100,100399,100,99922,100
2019-06-28 09:40:40.000000000,100093,327,100055,327,100095,327,99998,627,100122,100,99997,200,100123,100,99974,100,100150,100,99967,100,100155,100,99965,100,100162,100,99942,100,100170,100,99941,100,100285,100,99929,100,100399,100,99922,100
2019-06-28 09:40:47.897255217,100093,327,100055,427,100095,327,99998,627,100122,100,99997,200,100123,100,99974,100,100150,100,99967,100,100155,100,99965,100,100162,100,99942,100,100170,100,99941,100,100285,100,99929,100,100399,100,99922,100
2019-06-28 09:40:48.120584670,100093,327,100055,427,100095,327,99998,627,100122,100,99997,200,100123,100,99974,100,100150,100,99967,100,100155,100,99965,100,100162,100,99942,100,100170,100,99941,100,100285,100,99929,100,100399,100,99922,100
2019-06-28 09:40:50.000000000,100093,214,100055,314,100095,214,99998,514,100122,214,99997,314,100123,214,99974,214,100150,100,99967,100,100155,100,99965,100,100162,100,99942,100,100170,100,99941,100,100285,100,99929,100,100399,100,99922,100
2019-06-28 09:40:50.946592021,100093,114,100055,314,100095,214,99998,514,100122,214,99997,314,100123,214,99974,214,100150,100,99967,100,100155,100,99965,100,100162,100,99942,100,100170,100,99941,100,100285,100,99929,100,100399,100,99922,100
2019-06-28 09:41:00.000000000,100095,214,100055,314,100122,214,99998,514,100123,214,99997,314,100150,214,99974,214,100155,100,99967,100,100162,100,99965,100,100170,100,99942,100,100285,100,99941,100,100399,100,99929,100,100544,100,99922,100
2019-06-28 09:41:10.000000000,100095,214,100055,314,100122,214,99998,514,100123,214,99997,314,100150,214,99974,214,100155,100,99967,100,100162,100,99965,100,100170,100,99942,100,100285,100,99941,100,100399,100,99929,100,100544,100,99922,100
2019-06-28 09:41:17.300734281,100095,214,100055,314,100122,214,99998,514,100123,214,99997,314,100150,214,99974,214,100155,100,99967,100,100162,100,99965,100,100170,100,99942,100,100285,100,99941,100,100399,100,99929,100,100544,100,99922,100
2019-06-28 09:41:20.000000000,100095,327,100055,427,100122,327,99998,627,100123,100,99997,200,100150,100,99974,100,100155,100,99967,100,100162,100,99965,100,100170,100,99942,100,100285,100,99941,100,100399,100,99929,100,100544,100,99922,100
2019-06-28 09:41:26.501154171,100095,327,100055,427,100122,327,99998,627,100123,100,99997,200,100150,100,99974,100,100155,100,99967,100,100162,100,99965,100,100170,100,99942,100,100285,100,99941,100,100399,100,99929,100,100544,100,99922,100
2019-06-28 09:41:30.000000000,100095,214,100055,314,100122,214,99998,514,100123,214,99997,314,100150,214,99974,214,100155,100,99967,100,100162,100,99965,100,100170,100,99942,100,100285,100,99941,100,100399,100,99929,100,100544,100,99922,100
2019-06-28 09:41:38.061596241,100095,114,100055,314,100122,214,99998,514,100123,214,99997,314,100150,214,99974,214,100155,100,99967,100,100162,100,99965,100,100170,100,99942,100,100285,100,99941,100,100399,100,99929,100,100544,100,99922,100
2019-06-28 09:41:40.000000000,100122,327,100055,427,100123,327,99998,627,100150,100,99997,200,100155,100,99974,100,100162,100,99967,100,100170,100,99965,100,100285,100,99942,100,100399,100,99941,100,100544,100,99929,100,100570,100,99922,100
2019-06-28 09:41:49.015634435,100122,327,100055,427,100123,327,99998,627,100150,100,99997,200,100155,100,99974,100,100162,100,99967,100,100285,100,99965,100,100399,100,99942,100,100544,100,99941,100,100570,100,99929,100,100834,100,99922,100
2019-06-28 09:41:50.000000000,100122,554,100055,654,100123,100,99998,400,100150,100,99997,200,100155,100,99974,100,100162,100,99967,100,100285,100,99965,100,100399,100,99942,100,100544,100,99941,100,100570,100,99929,100,100834,100,99922,100
2019-06-28 09:41:53.073244760,100122,554,100087,100,100123,100,100055,654,100150,100,99998,400,100155,100,99997,200,100162,100,99974,100,100285,100,99967,100,100399,100,99965,100,100544,100,99942,100,100570,100,99941,100,100834,100,99929,100
2019-06-28 09:42:00.000000000,100122,554,100087,554,100123,100,100055,200,100150,100,99998,400,100155,100,99997,200,100162,100,99974,100,100285,100,99967,100,100399,100,99965,100,100544,100,99942,100,100570,100,99941,100,100834,100,99929,100
2019-06-28 09:42:09.589714310,100122,554,100087,554,100123,100,100055,200,100150,100,99998,400,100155,100,99997,200,100162,100,99974,100,100285,100,99967,100,100399,100,99965,100,100544,100,99942,100,100570,100,99941,100,100834,100,99929,100
2019-06-28 09:42:10.000000000,100122,554,100087,554,100123,100,100055,200,100150,100,99998,400,100155,100,99997,200,100162,100,99974,100,100285,100,99967,100,100399,100,99965,100,100544,100,99942,100,100570,100,99941,100,100834,100,99929,100
2019-06-28 09:42:16.451827514,100122,554,100087,654,100123,100,100055,200,100150,100,99998,400,100155,100,99997,100,100162,100,99974,100,100285,100,99967,100,100399,100,99965,100,100544,100,99942,100,100570,100,99941,100,100834,100,99929,100
2019-06-28 09:42:20.000000000,100122,191,100087,291,100123,191,100055,291,100150,191,99998,491,100155,191,99997,191,100162,191,99974,191,100285,100,99967,100,100399,100,99965,100,100544,100,99942,100,100570,100,99941,100,100834,100,99929,100
2019-06-28 09:42:23.105282390,100122,91,100087,291,100123,191,100055,291,100150,191,99998,491,100155,191,99997,191,100162,191,99974,191,100285,100,99967,100,100399,100,99965,100,100544,100,99942,100,100570,100,99941,100,100834,100,99929,100
2019-06-28 09:42:30.000000000,100123,327,100087,427,100150,327,100055,427,100155,100,99998,400,100162,100,99997,100,100285,100,99974,100,100399,100,99967,100,100544,100,99965,100,100570,100,99942,100,100834,100,99941,100,100974,100,99929,100
2019-06-28 09:42:40.000000000,100123,554,100087,654,100150,100,100055,200,100155,100,99998,400,100162,100,99997,100,100285,100,99974,100,100399,100,99967,100,100544,100,99965,100,100570,100,99942,100,100834,100,99941,100,100974,100,99929,100
2019-06-28 09:42:41.601137386,100123,454,100087,654,100150,100,100055,200,100155,100,99998,400,100162,100,99997,100,100285,100,99974,100,100399,100,99967,100,100544,100,99965,100,100570,100,99942,100,100834,100,99941,100,100974,100,99929,100
2019-06-28 09:42:50.000000000,100150,554,100087,654,100155,100,100055,200,100162,100,99998,400,100285,100,99997,100,100399,100,99974,100,100544,100,99967,100,100570,100,99965,100,100834,100,99942,100,100974,100,99941,100,101038,100,99929,100
2019-06-28 09:42:51.298889943,100150,554,100087,554,100155,100,100055,200,100162,100,99998,400,100285,100,99997,100,100399,100,99974,100,100544,100,99967,100,100570,100,99965,100,100834,100,99942,100,100974,100,99941,100,101038,100,99929,100
2019-06-28 09:42:55.429350342,100150,554,100087,554,100155,100,100055,200,100162,100,99998,400,100285,100,99997,100,100399,100,99974,100,100544,100,99967,100,100570,100,99965,100,100727,100,99942,100,100834,100,99941,100,100974,100,99929,100
2019-06-28 09:42:59.807049690,100150,554,100087,554,100155,100,100055,200,100162,100,99998,400,100285,100,99997,100,100399,100,99974,100,100544,100,99967,100,100570,100,99942,100,100727,100,99941,100,100834,100,99929,100,100883,100,99905,100
2019-06-28 09:43:00.000000000,100150,254,100087,254,100155,250,100055,350,100162,250,99998,550,100285,100,99997,100,100399,100,99974,100,100544,100,99967,100,100570,100,99942,100,100727,100,99941,100,100834,100,99929,100,100883,100,99905,100
2019-06-28 09:43:08.239723806,100150,154,100087,254,100155,250,100055,350,100162,250,99998,550,100285,100,99997,100,100399,100,99974,100,100544,100,99967,100,100570,100,99942,100,100727,100,99941,100,100834,100,99929,100,100883,100,99905,100
2019-06-28 09:43:10.000000000,100155,214,100087,214,100162,214,100055,314,100285,214,99998,514,100399,214,99997,214,100544,100,99974,100,100570,100,99967,100,100727,100,99942,100,100834,100,99941,100,100883,100,99929,100,100974,100,99905,100
2019-06-28 09:43:14.003508065,100155,214,100123,100,100162,214,100087,214,100285,214,100055,314,100399,214,99998,514,100544,100,99997,214,100570,100,99974,100,100727,100,99967,100,100834,100,99942,100,100883,100,99941,100,100974,100,99929,100
2019-06-28 09:43:15.088338042,100155,214,100123,200,100162,214,100087,214,100285,214,100055,214,100399,214,99998,514,100544,100,99997,214,100570,100,99974,100,100727,100,99967,100,100834,100,99942,100,100883,100,99941,100,100974,100,99929,100
2019-06-28 09:43:17.822497658,100155,214,100123,200,100162,214,100087,214,100285,214,100055,214,100399,214,99998,414,100544,100,99997,214,100570,100,99974,100,100727,100,99967,100,100834,100,99942,100,100883,100,99941,100,100974,100,99929,100
2019-06-28 09:43:20.000000000,100155,191,100123,291,100162,191,100087,191,100285,191,100055,191,100399,191,99998,391,100544,191,99997,191,100570,100,99974,100,100727,100,99967,100,100834,100,99942,100,100883,100,99941,100,100974,100,99929,100
2019-06-28 09:43:30.000000000,100155,327,100123,427,100162,327,100087,327,100285,100,100055,100,100399,100,99998,300,100544,100,99997,100,100570,100,99974,100,100727,100,99967,100,100834,100,99942,100,100883,100,99941,100,100974,100,99929,100
2019-06-28 09:43:40.000000000,100155,327,100123,427,100162,327,100087,327,100285,100,100055,100,100399,100,99998,300,100544,100,99997,100,100570,100,99974,100,100727,100,99967,100,100834,100,99942,100,100883,100,99941,100,100974,100,99929,100
2019-06-28 09:43:42.944280577,100155,327,100123,527,100162,327,100087,327,100285,100,99998,300,100399,100,99997,100,100544,100,99974,100,100570,100,99967,100,100727,100,99942,100,100834,100,99941,100,100883,100,99929,100,100974,100,99905,100
2019-06-28 09:43:43.661172538,100155,327,100123,627,100162,327,100087,327,100285,100,99998,200,100399,100,99997,100,100544,100,99974,100,100570,100,99967,100,100727,100,99942,100,100834,100,99941,100,100883,100,99929,100,100974,100,99905,100
2019-06-28 09:43:43.905848491,100155,327,100123,727,100162,327,100087,327,100285,100,99998,200,100399,100,99997,100,100544,100,99974,100,100570,100,99967,100,100727,100,99942,100,100834,100,99941,100,100883,100,99929,100,100974,100,99905,100
2019-06-28 09:43:50.000000000,100155,554,100123,954,100162,100,100087,100,100285,100,99998,200,100399,100,99997,100,100544,100,99974,100,100570,100,99967,100,100727,100,99942,100,100834,100,99941,100,100883,100,99929,100,100974,100,99905,100
2019-06-28 09:44:00.000000000,100155,254,100123,654,100162,250,100087,250,100285,250,99998,350,100399,100,99997,100,100544,100,99974,100,100570,100,99967,100,100727,100,99942,100,100834,100,99941,100,100883,100,99929,100,100974,100,99905,100
2019-06-28 09:44:10.000000000,100155,554,100123,954,100162,100,100087,100,100285,100,99998,200,100399,100,99997,100,100544,100,99974,100,100570,100,99967,100,100727,100,99942,100,100834,100,99941,100,100883,100,99929,100,100974,100,99905,100
2019-06-28 09:44:17.028640787,100155,554,100123,854,100162,100,100087,100,100285,100,99998,200,100399,100,99997,100,100544,100,99974,100,100570,100,99967,100,100727,100,99942,100,100834,100,99941,100,100883,100,99929,100,100974,100,99905,100
2019-06-28 09:44:20.000000000,100155,191,100123,491,100162,191,100087,191,100285,191,99998,291,100399,191,99997,191,100544,191,99974,191,100570,100,99967,100,100727,100,99942,100,100834,100,99941,100,100883,100,99929,100,100974,100,99905,100
2019-06-28 09:44:24.116926908,100155,191,100123,491,100162,191,100087,191,100285,191,99998,291,100399,191,99997,191,100544,191,99974,191,100570,100,99967,100,100727,100,99942,100,100834,100,99941,100,100883,100,99929,100,100966,100,99905,100
2019-06-28 09:44:26.702491761,100155,191,100123,491,100162,191,100087,191,100285,191,99998,291,100399,191,99997,191,100544,191,99974,191,100727,100,99967,100,100834,100,99942,100,100883,100,99941,100,100966,100,99929,100,100974,100,99905,100
2019-06-28 09:44:30.000000000,100155,191,100123,491,100162,191,100087,191,100285,191,99998,291,100399,191,99997,191,100544,191,99974,191,100727,100,99967,100,100834,100,99942,100,100883,100,99941,100,100966,100,99929,100,100974,100,99905,100
2019-06-28 09:44:40.000000000,100155,254,100123,554,100162,250,100087,250,100285,250,99998,350,100399,100,99997,100,100544,100,99974,100,100727,100,99967,100,100834,100,99942,100,100883,100,99941,100,100966,100,99929,100,100974,100,99905,100
2019-06-28 09:44:45.982173869,100155,154,100123,554,100162,250,100087,250,100285,250,99998,350,100399,100,99997,100,100544,100,99974,100,100727,100,99967,100,100883,100,99942,100,100966,100,99941,100,100974,100,99929,100,100977,100,99905,100
2019-06-28 09:44:50.000000000,100162,254,100123,554,100285,250,100087,250,100399,250,99998,350,100544,100,99997,100,100727,100,99974,100,100883,100,99967,100,100966,100,99942,100,100974,100,99941,100,100977,100,99929,100,101038,100,99905,100
2019-06-28 09:44:59.435109209,100162,254,100150,100,100285,250,100123,454,100399,250,100087,250,100544,100,99998,350,100727,100,99997,100,100883,100,99974,100,100966,100,99967,100,100974,100,99942,100,100977,100,99941,100,101038,100,99929,100
2019-06-28 09:45:00.000000000,100162,191,100150,191,100285,191,100123,391,100399,191,100087,191,100544,191,99998,291,100727,191,99997,191,100883,100,99974,100,100966,100,99967,100,100974,100,99942,100,100977,100,99941,100,101038,100,99929,100
2019-06-28 09:45:10.000000000,100162,554,100150,554,100285,100,100123,300,100399,100,100087,100,100544,100,99998,200,100727,100,99997,100,100883,100,99974,100,100966,100,99967,100,100974,100,99942,100,100977,100,99941,100,101038,100,99929,100
2019-06-28 09:45:12.277113139,100162,554,100150,554,100285,100,100123,300,100399,100,100087,100,100727,100,99998,200,100883,100,99997,100,100966,100,99974,100,100974,100,99967,100,100977,100,99942,100,101038,100,99941,100,101045,100,99929,100
2019-06-28 09:45:20.000000000,100162,254,100150,254,100285,250,100123,450,100399,250,100087,250,100727,100,99998,200,100883,100,99997,100,100966,100,99974,100,100974,100,99967,100,100977,100,99942,100,101038,100,99941,100,101045,100,99929,100
2019-06-28 09:45:30.000000000,100162,327,100150,327,100285,327,100123,527,100399,100,100087,100,100727,100,99998,200,100883,100,99997,100,100966,100,99974,100,100974,100,99967,100,100977,100,99942,100,101038,100,99941,100,101045,100,99929,100
2019-06-28 09:45:40.000000000,100162,214,100150,214,100285,214,100123,414,100399,214,100087,214,100727,214,99998,314,100883,100,99997,100,100966,100,99974,100,100974,100,99967,100,100977,100,99942,100,101038,100,99941,100,101045,100,99929,100
2019-06-28 09:45:49.672575211,100162,114,100150,214,100285,214,100123,414,100399,214,100087,214,100727,214,99998,314,100883,100,99997,100,100966,100,99974,100,100974,100,99967,100,100977,100,99942,100,101045,100,99941,100,101064,100,99929,100
2019-06-28 09:45:50.000000000,100285,327,100150,327,100399,327,100123,527,100727,100,100087,100,100883,100,99998,200,100966,100,99997,100,100974,100,99974,100,100977,100,99967,100,101045,100,99942,100,101064,100,99941,100,101108,100,99929,100
2019-06-28 09:45:51.923906476,100285,127,100150,327,100399,327,100123,527,100727,100,100087,100,100883,100,99998,200,100966,100,99997,100,100974,100,99974,100,100977,100,99967,100,101045,100,99942,100,101064,100,99941,100,101108,100,99929,100
2019-06-28 09:45:53.449487061,100285,127,100162,100,100399,327,100150,327,100727,100,100123,527,100883,100,100087,100,100966,100,99998,200,100974,100,99997,100,100977,100,99974,100,101045,100,99967,100,101064,100,99942,100,101108,100,99941,100
2019-06-28 09:45:57.728113528,100285,127,100162,100,100399,327,100150,327,100727,100,100123,527,100966,100,100087,100,100974,100,99998,200,100977,100,99997,100,101045,100,99974,100,101064,100,99967,100,101108,100,99942,100,101160,100,99941,100
2019-06-28 09:46:00.000000000,100399,554,100162,554,100727,100,100150,100,100966,100,100123,300,100974,100,100087,100,100977,100,99998,200,101045,100,99997,100,101064,100,99974,100,101108,100,99967,100,101160,100,99942,100,101208,100,99941,100
2019-06-28 09:46:10.000000000,100399,554,100162,554,100727,100,100150,100,100966,100,100123,300,100974,100,100087,100,100977,100,99998,200,101045,100,99997,100,101064,100,99974,100,101108,100,99967,100,101160,100,99942,100,101208,100,99941,100
2019-06-28 09:46:20.000000000,100399,214,100162,214,100727,214,100150,214,100966,214,100123,414,100974,214,100087,214,100977,100,99998,200,101045,100,99997,100,101064,100,99974,100,101108,100,99967,100,101160,100,99942,100,101208,100,99941,100
2019-06-28 09:46:28.756400025,100399,214,100162,214,100727,214,100150,214,100966,214,100123,414,100974,214,100087,214,100977,100,99998,200,101045,100,99997,100,101064,100,99974,100,101108,100,99967,100,101160,100,99942,100,101208,100,99941,100
2019-06-28 09:46:30.000000000,100399,191,100162,191,100727,191,100150,191,100966,191,100123,391,100974,191,100087,191,100977,191,99998,291,101045,100,99997,100,101064,100,99974,100,101108,100,99967,100,101160,100,99942,100,101208,100,99941,100
2019-06-28 09:46:37.330065002,100399,91,100162,191,100727,191,100150,191,100966,191,100123,391,100974,191,100087,191,100977,191,99998,291,101045,100,99997,100,101064,100,99974,100,101108,100,99967,100,101160,100,99942,100,101208,100,99941,100
2019-06-28 09:46:40.000000000,100727,214,100162,214,100966,214,100150,214,100974,214,100123,414,100977,214,100087,214,101045,100,99998,200,101064,100,99997,100,101108,100,99974,100,101160,100,99967,100,101208,100,99942,100,101312,100,99941,100
2019-06-28 09:46:50.000000000,100727,327,100162,327,100966,327,100150,327,100974,100,100123,300,100977,100,100087,100,101045,100,99998,200,101064,100,99997,100,101108,100,99974,100,101160,100,99967,100,101208,100,99942,100,101312,100,99941,100
2019-06-28 09:47:00.000000000,100727,191,100162,191,100966,191,100150,191,100974,191,100123,391,100977,191,100087,191,101045,191,99998,291,101064,100,99997,100,101108,100,99974,100,101160,100,99967,100,101208,100,99942,100,101312,100,99941,100
2019-06-28 09:47:06.632659414,100727,191,100285,100,100966,191,100162,191,100974,191,100150,191,100977,191,100123,291,101045,191,100087,191,101064,100,99998,291,101108,100,99997,100,101160,100,99974,100,101208,100,99967,100,101312,100,99942,100
2019-06-28 09:47:10.000000000,100727,554,100285,554,100966,100,100162,100,100974,100,100150,100,100977,100,100123,200,101045,100,100087,100,101064,100,99998,200,101108,100,99997,100,101160,100,99974,100,101208,100,99967,100,101312,100,99942,100
2019-06-28 09:47:18.079596945,100727,454,100285,554,100966,100,100162,100,100974,100,100150,100,100977,100,100123,200,101045,100,100087,100,101064,100,99998,200,101108,100,99997,100,101160,100,99974,100,101208,100,99967,100,101312,100,99942,100
2019-06-28 09:47:20.000000000,100966,327,100285,327,100974,327,100162,327,100977,100,100150,100,101045,100,100123,200,101064,100,100087,100,101108,100,99998,200,101160,100,99997,100,101208,100,99974,100,101312,100,99967,100,101492,100,99942,100
2019-06-28 09:47:30.000000000,100966,554,100285,554,100974,100,100162,100,100977,100,100150,100,101045,100,100123,200,101064,100,100087,100,101108,100,99998,200,101160,100,99997,100,101208,100,99974,100,101312,100,99967,100,101492,100,99942,100
2019-06-28 09:47:30.225584207,100966,454,100285,554,100974,100,100162,100,100977,100,100150,100,101045,100,100123,200,101064,100,100087,100,101108,100,99998,200,101160,100,99997,100,101312,100,99974,100,101492,100,99967,100,101551,100,99942,100
2019-06-28 09:47:39.851965930,100966,454,100285,554,100974,100,100162,100,100977,100,100150,100,101045,100,100123,200,101064,100,100087,100,101073,100,99998,200,101108,100,99997,100,101160,100,99974,100,101312,100,99967,100,101492,100,99942,100
2019-06-28 09:47:40.000000000,100974,191,100285,191,100977,191,100162,191,101045,191,100150,191,101064,191,100123,291,101073,191,100087,191,101108,100,99998,200,101160,100,99997,100,101312,100,99974,100,101492,100,99967,100,101551,100,99942,100
2019-06-28 09:47:50.000000000,100974,327,100285,327,100977,327,100162,327,101045,100,100150,100,101064,100,100123,200,101073,100,100087,100,101108,100,99998,200,101160,100,99997,100,101312,100,99974,100,101492,100,99967,100,101551,100,99942,100
2019-06-28 09:47:51.226996296,100974,327,100285,327,100977,327,100162,327,101042,100,100150,100,101045,100,100123,200,101064,100,100087,100,101073,100,99998,200,101108,100,99997,100,101160,100,99974,100,101492,100,99967,100,101551,100,99942,100
2019-06-28 09:48:00.000000000,100974,191,100285,191,100977,191,100162,191,101042,191,100150,191,101045,191,100123,291,101064,191,100087,191,101073,100,99998,200,101108,100,99997,100,101160,100,99974,100,101492,100,99967,100,101551,100,99942,100
2019-06-28 09:48:10.000000000,100974,191,100285,191,100977,191,100162,191,101042,191,100150,191,101045,191,100123,291,101064,191,100087,191,101073,100,99998,200,101108,100,99997,100,101160,100,99974,100,101492,100,99967,100,101551,100,99942,100
2019-06-28 09:48:20.000000000,100974,254,100285,254,100977,250,100162,250,101042,250,100150,250,101045,100,100123,200,101064,100,100087,100,101073,100,99998,200,101108,100,99997,100,101160,100,99974,100,101492,100,99967,100,101551,100,99942,100
2019-06-28 09:48:30.000000000,100974,254,100285,254,100977,250,100162,250,101042,250,100150,250,101045,100,100123,200,101064,100,100087,100,101073,100,99998,200,101108,100,99997,100,101160,100,99974,100,101492,100,99967,100,101551,100,99942,100
2019-06-28 09:48:40.000000000,100974,254,100285,254,100977,250,100162,250,101042,250,100150,250,101045,100,100123,200,101064,100,100087,100,101073,100,99998,200,101108,100,99997,100,101160,100,99974,100,101492,100,99967,100,101551,100,99942,100
2019-06-28 09:48:50.000000000,100974,327,100285,327,100977,327,100162,327,101042,100,100150,100,101045,100,100123,200,101064,100,100087,100,101073,100,99998,200,101108,100,99997,100,101160,100,99974,100,101492,100,99967,100,101551,100,99942,100
2019-06-28 09:48:53.819619662,100726,100,100285,327,100974,327,100162,327,100977,327,100150,100,101042,100,100123,200,101045,100,100087,100,101064,100,99998,200,101073,100,99997,100,101108,100,99974,100,101160,100,99967,100,101492,100,99942,100
2019-06-28 09:49:00.000000000,100726,191,100285,191,100974,191,100162,191,100977,191,100150,191,101042,191,100123,291,101045,191,100087,191,101064,100,99998,200,101073,100,99997,100,101108,100,99974,100,101160,100,99967,100,101492,100,99942,100
2019-06-28 09:49:10.000000000,100726,191,100285,191,100974,191,100162,191,100977,191,100150,191,101042,191,100123,291,101045,191,100087,191,101064,100,99998,200,101073,100,99997,100,101108,100,99974,100,101160,100,99967,100,101492,100,99942,100
2019-06-28 09:49:13.183420216,100726,291,100285,191,100974,191,100162,191,100977,191,100150,191,101042,191,100123,291,101045,191,100087,191,101064,100,99998,200,101073,100,99997,100,101108,100,99974,100,101160,100,99967,100,101492,100,99942,100
2019-06-28 09:49:20.000000000,100726,354,100285,254,100974,250,100162,250,100977,250,100150,250,101042,100,100123,200,101045,100,100087,100,101064,100,99998,200,101073,100,99997,100,101108,100,99974,100,101160,100,99967,100,101492,100,99942,100
2019-06-28 09:49:30.000000000,100726,314,100285,214,100974,214,100162,214,100977,214,100150,214,101042,214,100123,314,101045,100,100087,100,101064,100,99998,200,101073,100,99997,100,101108,100,99974,100,101160,100,99967,100,101492,100,99942,100
2019-06-28 09:49:31.153791509,100726,314,100285,214,100974,214,100162,114,100977,214,100150,214,101042,214,100123,314,101045,100,100087,100,101064,100,99998,200,101073,100,99997,100,101108,100,99974,100,101160,100,99967,100,101492,100,99942,100
2019-06-28 09:49:40.000000000,100726,354,100285,254,100974,250,100150,250,100977,250,100123,350,101042,100,100087,100,101045,100,99998,200,101064,100,99997,100,101073,100,99974,100,101108,100,99967,100,101160,100,99942,100,101492,100,99941,100
2019-06-28 09:49:41.637679369,100726,354,100285,254,100974,250,100150,250,100977,250,100123,350,101042,100,100087,100,101064,100,99998,200,101073,100,99997,100,101108,100,99974,100,101160,100,99967,100,101492,100,99942,100,101551,100,99941,100
2019-06-28 09:49:50.000000000,100726,314,100285,214,100974,214,100150,214,100977,214,100123,314,101042,214,100087,214,101064,100,99998,200,101073,100,99997,100,101108,100,99974,100,101160,100,99967,100,101492,100,99942,100,101551,100,99941,100
2019-06-28 09:49:57.664893712,100726,314,100285,214,100974,214,100150,214,100977,214,100123,314,101042,214,100087,214,101064,100,99998,200,101073,100,99997,100,101108,100,99967,100,101160,100,99942,100,101492,100,99941,100,101551,100,99929,100
2019-06-28 09:49:58.628113067,100726,314,100285,214,100974,214,100150,214,100977,214,100123,314,101042,214,100087,214,101064,100,99998,200,101073,100,99997,100,101108,100,99967,100,101160,100,99942,100,101551,100,99941,100,,,99929,100
2019-06-28 09:50:00.000000000,100726,291,100285,191,100974,191,100150,191,100977,191,100123,291,101042,191,100087,191,101064,191,99998,291,101073,100,99997,100,101108,100,99967,100,101160,100,99942,100,101551,100,99941,100,,,99929,100
2019-06-28 09:50:01.273282295,100726,291,100285,191,100974,191,100150,191,100977,191,100123,291,101042,191,100087,191,101064,191,99998,291,101073,100,99997,100,101108,100,99967,100,101160,100,99941,100,101551,100,99929,100,,,99905,100
2019-06-28 09:50:10.000000000,100726,354,100285,254,100974,250,100150,250,100977,250,100123,350,101042,100,100087,100,101064,100,99998,200,101073,100,99997,100,101108,100,99967,100,101160,100,99941,100,101551,100,99929,100,,,99905,100
2019-06-28 09:50:10.581119953,100726,354,100285,154,100974,250,100150,250,100977,250,100123,350,101042,100,100087,100,101064,100,99998,200,101073,100,99997,100,101108,100,99967,100,101160,100,99941,100,,,99929,100,,,99905,100
2019-06-28 09:50:20.000000000,100726,314,100150,214,100974,214,100123,314,100977,214,100087,214,101042,214,99998,314,101064,100,99997,100,101073,100,99967,100,101108,100,99941,100,101160,100,99929,100,,,99905,100,,,99888,100
2019-06-28 09:50:30.000000000,100726,291,100150,191,100974,191,100123,291,100977,191,100087,191,101042,191,99998,291,101064,191,99997,191,101073,100,99967,100,101108,100,99941,100,101160,100,99929,100,,,99905,100,,,99888,100
2019-06-28 09:50:40.000000000,100726,654,100150,554,100974,100,100123,200,100977,100,100087,100,101042,100,99998,200,101064,100,99997,100,101073,100,99967,100,101108,100,99941,100,101160,100,99929,100,,,99905,100,,,99888,100
2019-06-28 09:50:42.365412141,100263,100,100150,554,100726,654,100123,200,100974,100,100087,100,100977,100,99998,200,101042,100,99997,100,101064,100,99967,100,101073,100,99941,100,101108,100,99929,100,101160,100,99905,100,,,99888,100
2019-06-28 09:50:43.719474125,100263,100,100150,554,100725,100,100123,200,100726,654,100087,100,100974,100,99998,200,100977,100,99997,100,101042,100,99967,100,101064,100,99941,100,101073,100,99929,100,101108,100,99905,100,101160,100,99888,100
2019-06-28 09:50:50.000000000,100263,214,100150,214,100725,214,100123,314,100726,314,100087,214,100974,214,99998,314,100977,100,99997,100,101042,100,99967,100,101064,100,99941,100,101073,100,99929,100,101108,100,99905,100,101160,100,99888,100
2019-06-28 09:51:00.000000000,100263,554,100150,554,100725,100,100123,200,100726,200,100087,100,100974,100,99998,200,100977,100,99997,100,101042,100,99967,100,101064,100,99941,100,101073,100,99929,100,101108,100,99905,100,101160,100,99888,100
2019-06-28 09:51:10.000000000,100263,191,100150,191,100725,191,100123,291,100726,291,100087,191,100974,191,99998,291,100977,191,99997,191,101042,100,99967,100,101064,100,99941,100,101073,100,99929,100,101108,100,99905,100,101160,100,99888,100
2019-06-28 09:51:15.768886419,100263,191,100150,191,100725,191,100123,291,100726,291,100087,191,100974,191,99998,291,100977,191,99997,191,101042,100,99967,100,101064,100,99941,100,101073,100,99929,100,101108,100,99905,100,101160,100,99898,100
2019-06-28 09:51:20.000000000,100263,214,100150,214,100725,214,100123,314,100726,314,100087,214,100974,214,99998,314,100977,100,99997,100,101042,100,99967,100,101064,100,99941,100,101073,100,99929,100,101108,100,99905,100,101160,100,99898,100
2019-06-28 09:51:22.471317366,100263,214,100150,214,100725,214,100123,314,100726,314,100087,114,100974,214,99998,314,100977,100,99997,100,101042,100,99967,100,101064,100,99941,100,101073,100,99929,100,101108,100,99905,100,101160,100,99898,100
2019-06-28 09:51:30.000000000,100263,214,100150,214,100725,214,100123,314,100726,314,99998,314,100974,214,99997,214,100977,100,99967,100,101042,100,99941,100,101064,100,99929,100,101073,100,99905,100,101108,100,99898,100,101160,100,99888,100
2019-06-28 09:51:31.041313529,100263,214,100150,114,100725,214,100123,314,100726,314,99998,314,100974,214,99997,214,100977,100,99967,100,101042,100,99941,100,101064,100,99929,100,101073,100,99905,100,101108,100,99898,100,101160,100,99888,100
2019-06-28 09:51:40.000000000,100263,214,100123,314,100725,214,99998,314,100726,314,99997,214,100974,214,99967,214,100977,100,99941,100,101042,100,99929,100,101064,100,99905,100,101073,100,99898,100,101108,100,99888,100,101160,100,99789,100
2019-06-28 09:51:47.909513438,100125,100,100123,314,100263,214,99998,314,100725,214,99997,214,100726,314,99967,214,100974,214,99941,100,101042,100,99929,100,101064,100,99905,100,101073,100,99898,100,101108,100,99888,100,101160,100,99789,100
2019-06-28 09:51:49.389374626,100125,100,100123,314,100236,100,99998,314,100263,214,99997,214,100725,214,99967,214,100726,314,99941,100,100974,214,99929,100,101042,100,99905,100,101073,100,99898,100,101108,100,99888,100,101160,100,99789,100
2019-06-28 09:51:50.000000000,100125,191,100123,291,100236,191,99998,291,100263,191,99997,191,100725,191,99967,191,100726,291,99941,191,100974,100,99929,100,101042,100,99905,100,101073,100,99898,100,101108,100,99888,100,101160,100,99789,100
2019-06-28 09:51:56.982952710,100125,191,100123,291,100236,191,99998,291,100263,191,99997,191,100725,191,99967,191,100726,291,99941,191,100974,100,99906,100,101042,100,99905,100,101073,100,99898,100,101108,100,99888,100,101160,100,99789,100
2019-06-28 09:52:00.000000000,100125,214,100123,314,100236,214,99998,314,100263,214,99997,214,100725,214,99967,214,100726,200,99941,100,100974,100,99906,100,101042,100,99905,100,101073,100,99898,100,101108,100,99888,100,101160,100,99789,100
2019-06-28 09:52:10.000000000,100125,254,100123,354,100236,250,99998,350,100263,250,99997,250,100725,100,99967,100,100726,200,99941,100,100974,100,99906,100,101042,100,99905,100,101073,100,99898,100,101108,100,99888,100,101160,100,99789,100
2019-06-28 09:52:17.994698146,100125,254,100123,354,100236,250,99998,350,100263,250,99997,250,100725,100,99967,100,100726,200,99906,100,100974,100,99905,100,101042,100,99898,100,101073,100,99888,100,101108,100,99789,100,101160,100,99686,100
2019-06-28 09:52:20.000000000,100125,191,100123,291,100236,191,99998,291,100263,191,99997,191,100725,191,99967,191,100726,291,99906,191,100974,100,99905,100,101042,100,99898,100,101073,100,99888,100,101108,100,99789,100,101160,100,99686,100
2019-06-28 09:52:30.000000000,100125,327,100123,427,100236,327,99998,427,100263,100,99997,100,100725,100,99967,100,100726,200,99906,100,100974,100,99905,100,101042,100,99898,100,101073,100,99888,100,101108,100,99789,100,101160,100,99686,100
2019-06-28 09:52:39.106010706,100125,327,100123,427,100236,327,99998,427,100263,100,99997,100,100725,100,99967,100,100726,100,99906,100,100974,100,99905,100,101042,100,99898,100,101073,100,99888,100,101108,100,99789,100,101160,100,99686,100
2019-06-28 09:52:40.000000000,100125,214,100123,314,100236,214,99998,314,100263,214,99997,214,100725,214,99967,214,100726,100,99906,100,100974,100,99905,100,101042,100,99898,100,101073,100,99888,100,101108,100,99789,100,101160,100,99686,100
2019-06-28 09:52:50.000000000,100125,214,100123,314,100236,214,99998,314,100263,214,99997,214,100725,214,99967,214,100726,100,99906,100,100974,100,99905,100,101042,100,99898,100,101073,100,99888,100,101108,100,99789,100,101160,100,99686,100
2019-06-28 09:52:52.897207328,100125,214,100123,214,100236,214,99998,314,100263,214,99997,214,100725,214,99967,214,100726,100,99906,100,100974,100,99905,100,101042,100,99898,100,101073,100,99888,100,101108,100,99789,100,,,99686,100
2019-06-28 09:52:56.446289718,100125,214,100123,214,100236,214,99998,314,100263,214,99997,214,100725,214,99967,214,100726,100,99933,100,100974,100,99906,100,101042,100,99905,100,101073,100,99898,100,101108,100,99888,100,,,99789,100
2019-06-28 09:53:00.000000000,100125,214,100123,214,100236,214,99998,314,100263,214,99997,214,100725,214,99967,214,100726,100,99933,100,100974,100,99906,100,101042,100,99905,100,101073,100,99898,100,101108,100,99888,100,,,99789,100
2019-06-28 09:53:09.105933826,100125,114,100123,214,100236,214,99998,314,100263,214,99997,214,100725,214,99967,214,100726,100,99933,100,100974,100,99906,100,101042,100,99905,100,101073,100,99898,100,101108,100,99888,100,,,99789,100
2019-06-28 09:53:10.000000000,100236,327,100123,327,100263,327,99998,427,100725,100,99997,100,100726,100,99967,100,100974,100,99933,100,101042,100,99906,100,101073,100,99905,100,101108,100,99898,100,,,99888,100,,,99789,100
2019-06-28 09:53:20.000000000,100236,191,100123,191,100263,191,99998,291,100725,191,99997,191,100726,191,99967,191,100974,191,99933,191,101042,100,99906,100,101073,100,99905,100,101108,100,99898,100,,,99888,100,,,99789,100
2019-06-28 09:53:21.967581039,100236,191,100123,191,100263,191,99998,291,100515,100,99997,191,100725,191,99967,191,100726,191,99933,191,100974,191,99906,100,101042,100,99905,100,101073,100,99898,100,101108,100,99888,100,,,99789,100
2019-06-28 09:53:30.000000000,100236,254,100123,254,100263,250,99998,350,100515,250,99997,250,100725,100,99967,100,100726,100,99933,100,100974,100,99906,100,101042,100,99905,100,101073,100,99898,100,101108,100,99888,100,,,99789,100
2019-06-28 09:53:40.000000000,100236,191,100123,191,100263,191,99998,291,100515,191,99997,191,100725,191,99967,191,100726,191,99933,191,100974,100,99906,100,101042,100,99905,100,101073,100,99898,100,101108,100,99888,100,,,99789,100
2019-06-28 09:53:45.428577389,100236,91,100123,191,100263,191,99998,291,100515,191,99997,191,100725,191,99967,191,100726,191,99933,191,100974,100,99906,100,101042,100,99905,100,101073,100,99898,100,101108,100,99888,100,,,99789,100
2019-06-28 09:53:46.803487915,100236,91,100142,100,100263,191,100123,191,100515,191,99998,291,100725,191,99997,191,100726,191,99967,191,100974,100,99933,191,101042,100,99906,100,101073,100,99905,100,101108,100,99898,100,,,99888,100
2019-06-28 09:53:48.492805868,100236,91,100123,191,100263,191,99998,291,100515,191,99997,191,100725,191,99967,191,100726,191,99933,191,100974,100,99906,100,101042,100,99905,100,101073,100,99898,100,101108,100,99888,100,,,99789,100
2019-06-28 09:53:50.000000000,100263,554,100123,554,100515,100,99998,200,100725,100,99997,100,100726,100,99967,100,100974,100,99933,100,101042,100,99906,100,101073,100,99905,100,101108,100,99898,100,,,99888,100,,,99789,100
2019-06-28 09:53:53.011953038,100263,554,100123,554,100344,100,99998,200,100515,100,99997,100,100725,100,99967,100,100726,100,99933,100,100974,100,99906,100,101042,100,99905,100,101073,100,99898,100,101108,100,99888,100,,,99789,100
2019-06-28 09:54:00.000000000,100263,214,100123,214,100344,214,99998,314,100515,214,99997,214,100725,214,99967,214,100726,100,99933,100,100974,100,99906,100,101042,100,99905,100,101073,100,99898,100,101108,100,99888,100,,,99789,100
2019-06-28 09:54:10.000000000,100263,214,100123,214,100344,214,99998,314,100515,214,99997,214,100725,214,99967,214,100726,100,99933,100,100974,100,99906,100,101042,100,99905,100,101073,100,99898,100,101108,100,99888,100,,,99789,100
2019-06-28 09:54:16.241563403,100263,214,100123,214,100344,214,99998,314,100514,100,99997,214,100515,214,99967,214,100725,214,99933,100,100726,100,99906,100,100974,100,99905,100,101042,100,99898,100,101073,100,99888,100,101108,100,99789,100
2019-06-28 09:54:16.621850970,100232,100,100123,214,100263,214,99998,314,100344,214,99997,214,100514,100,99967,214,100515,214,99933,100,100725,214,99906,100,100726,100,99905,100,100974,100,99898,100,101042,100,99888,100,101073,100,99789,100
2019-06-28 09:54:20.000000000,100232,214,100123,214,100263,214,99998,314,100344,214,99997,214,100514,214,99967,214,100515,100,99933,100,100725,100,99906,100,100726,100,99905,100,100974,100,99898,100,101042,100,99888,100,101073,100,99789,100
2019-06-28 09:54:29.245166568,100232,214,100142,100,100263,214,100123,214,100344,214,99998,214,100514,214,99997,214,100515,100,99967,214,100725,100,99933,100,100726,100,99906,100,100974,100,99905,100,101042,100,99898,100,101073,100,99888,100
2019-06-28 09:54:30.000000000,100232,327,100142,327,100263,327,100123,327,100344,100,99998,100,100514,100,99997,100,100515,100,99967,100,100725,100,99933,100,100726,100,99906,100,100974,100,99905,100,101042,100,99898,100,101073,100,99888,100
2019-06-28 09:54:34.767062198,100232,327,100142,427,100263,327,100123,327,100344,100,99998,100,100514,100,99997,100,100515,100,99967,100,100726,100,99933,100,100974,100,99906,100,101042,100,99905,100,101073,100,99898,100,101108,100,99888,100
2019-06-28 09:54:39.741297483,100232,327,100148,100,100263,327,100142,427,100344,100,100123,327,100514,100,99998,100,100515,100,99997,100,100726,100,99967,100,100974,100,99933,100,101042,100,99906,100,101073,100,99905,100,101108,100,99898,100
2019-06-28 09:54:40.000000000,100232,327,100148,327,100263,327,100142,427,100344,100,100123,100,100514,100,99998,100,100515,100,99997,100,100726,100,99967,100,100974,100,99933,100,101042,100,99906,100,101073,100,99905,100,101108,100,99898,100
2019-06-28 09:54:49.835846639,100232,327,100148,327,100263,327,100142,427,100264,100,100123,100,100344,100,99998,100,100514,100,99997,100,100515,100,99967,100,100726,100,99933,100,100974,100,99906,100,101042,100,99905,100,101073,100,99898,100
2019-06-28 09:54:50.000000000,100232,214,100148,214,100263,214,100142,314,100264,214,100123,214,100344,214,99998,214,100514,100,99997,100,100515,100,99967,100,100726,100,99933,100,100974,100,99906,100,101042,100,99905,100,101073,100,99898,100
2019-06-28 09:54:54.759982559,100232,114,100148,214,100263,214,100142,314,100264,214,100123,214,100344,214,99998,214,100514,100,99997,100,100726,100,99967,100,100974,100,99933,100,101042,100,99906,100,101073,100,99905,100,101108,100,99898,100
2019-06-28 09:55:00.000000000,100263,327,100148,327,100264,327,100142,427,100344,100,100123,100,100514,100,99998,100,100726,100,99997,100,100974,100,99967,100,101042,100,99933,100,101073,100,99906,100,101108,100,99905,100,,,99898,100
2019-06-28 09:55:01.629003616,100263,327,100148,327,100264,327,100142,427,100344,100,100123,100,100366,100,99998,100,100514,100,99997,100,100726,100,99967,100,100974,100,99933,100,101042,100,99906,100,101073,100,99905,100,101108,100,99898,100
2019-06-28 09:55:10.000000000,100263,554,100148,554,100264,100,100142,200,100344,100,100123,100,100366,100,99998,100,100514,100,99997,100,100726,100,99967,100,100974,100,99933,100,101042,100,99906,100,101073,100,99905,100,101108,100,99898,100
2019-06-28 09:55:12.126474162,100263,554,100148,554,100264,100,100142,200,100344,100,100123,100,100366,100,100075,100,100514,100,99998,100,100726,100,99997,100,100974,100,99967,100,101042,100,99933,100,101073,100,99906,100,101108,100,99905,100
2019-06-28 09:55:18.307447753,100231,100,100148,554,100263,554,100142,200,100264,100,100123,100,100344,100,100075,100,100366,100,99998,100,100514,100,99997,100,100726,100,99967,100,100974,100,99933,100,101042,100,99906,100,101073,100,99905,100
2019-06-28 09:55:20.000000000,100231,191,100148,191,100263,191,100142,291,100264,191,100123,191,100344,191,100075,191,100366,191,99998,191,100514,100,99997,100,100726,100,99967,100,100974,100,99933,100,101042,100,99906,100,101073,100,99905,100
2019-06-28 09:55:24.302272750,100231,191,100219,100,100263,191,100148,191,100264,191,100142,291,100344,191,100123,191,100366,191,100075,191,100514,100,99998,191,100726,100,99997,100,100974,100,99967,100,101042,100,99933,100,101073,100,99906,100
2019-06-28 09:55:30.000000000,100231,327,100219,327,100263,327,100148,327,100264,100,100142,200,100344,100,100123,100,100366,100,100075,100,100514,100,99998,100,100726,100,99997,100,100974,100,99967,100,101042,100,99933,100,101073,100,99906,100
2019-06-28 09:55:40.000000000,100231,554,100219,554,100263,100,100148,100,100264,100,100142,200,100344,100,100123,100,100366,100,100075,100,100514,100,99998,100,100726,100,99997,100,100974,100,99967,100,101042,100,99933,100,101073,100,99906,100
2019-06-28 09:55:46.870284556,100231,454,100219,554,100263,100,100148,100,100264,100,100142,200,100344,100,100123,100,100366,100,100075,100,100514,100,99998,100,100726,100,99997,100,100974,100,99967,100,101042,100,99933,100,101073,100,99906,100
2019-06-28 09:55:47.169831401,100231,454,100219,554,100263,100,100148,100,100264,100,100142,200,100344,100,100123,100,100366,100,100075,100,100514,100,99998,100,100591,100,99997,100,100726,100,99967,100,100974,100,99933,100,101042,100,99906,100
2019-06-28 09:55:50.000000000,100263,327,100219,327,100264,327,100148,327,100344,100,100142,200,100366,100,100123,100,100514,100,100075,100,100591,100,99998,100,100726,100,99997,100,100974,100,99967,100,101042,100,99933,100,101108,100,99906,100
2019-06-28 09:56:00.000000000,100263,327,100219,327,100264,327,100148,327,100344,100,100142,200,100366,100,100123,100,100514,100,100075,100,100591,100,99998,100,100726,100,99997,100,100974,100,99967,100,101042,100,99933,100,101108,100,99906,100
2019-06-28 09:56:08.560991553,100263,327,100219,327,100264,327,100148,327,100344,100,100142,200,100366,100,100123,100,100514,100,100075,100,100591,100,99998,100,100726,100,99997,100,100864,100,99967,100,100974,100,99933,100,101042,100,99906,100
2019-06-28 09:56:09.402544826,100263,227,100219,327,100264,327,100148,327,100344,100,100142,200,100366,100,100123,100,100514,100,100075,100,100591,100,99998,100,100726,100,99997,100,100864,100,99967,100,100974,100,99933,100,101042,100,99906,100
2019-06-28 09:56:10.000000000,100264,554,100219,554,100344,100,100148,100,100366,100,100142,200,100514,100,100123,100,100591,100,100075,100,100726,100,99998,100,100864,100,99997,100,100974,100,99967,100,101042,100,99933,100,101108,100,99906,100
2019-06-28 09:56:20.000000000,100264,254,100219,254,100344,250,100148,250,100366,250,100142,350,100514,100,100123,100,100591,100,100075,100,100726,100,99998,100,100864,100,99997,100,100974,100,99967,100,101042,100,99933,100,101108,100,99906,100
2019-06-28 09:56:28.545200692,100264,154,100219,254,100344,250,100148,250,100366,250,100142,350,100514,100,100123,100,100591,100,100075,100,100726,100,99998,100,100864,100,99997,100,100974,100,99967,100,101042,100,99933,100,101108,100,99906,100
2019-06-28 09:56:30.000000000,100344,554,100219,554,100366,100,100148,100,100514,100,100142,200,100591,100,100123,100,100726,100,100075,100,100864,100,99998,100,100974,100,99997,100,101042,100,99967,100,101108,100,99933,100,,,99906,100
2019-06-28 09:56:36.509598463,100344,454,100219,554,100366,100,100148,100,100514,100,100142,200,100591,100,100123,100,100726,100,99998,100,100864,100,99997,100,100974,100,99967,100,101042,100,99933,100,101108,100,99906,100,,,99905,100
2019-06-28 09:56:40.000000000,100366,191,100219,191,100514,191,100148,191,100591,191,100142,291,100726,191,100123,191,100864,191,99998,191,100974,100,99997,100,101042,100,99967,100,101108,100,99933,100,,,99906,100,,,99905,100
2019-06-28 09:56:47.721534692,100366,91,100219,191,100514,191,100148,191,100591,191,100142,291,100726,191,100123,191,100864,191,99998,191,100974,100,99997,100,101042,100,99967,100,101108,100,99933,100,,,99906,100,,,99905,100
2019-06-28 09:56:50.000000000,100514,327,100219,327,100591,327,100148,327,100726,100,100142,200,100864,100,100123,100,100974,100,99998,100,101042,100,99997,100,101108,100,99967,100,,,99933,100,,,99906,100,,,99905,100
2019-06-28 09:57:00.000000000,100514,554,100219,554,100591,100,100148,100,100726,100,100142,200,100864,100,100123,100,100974,100,99998,100,101042,100,99997,100,101108,100,99967,100,,,99933,100,,,99906,100,,,99905,100
2019-06-28 09:57:05.850889284,100514,554,100219,554,100591,100,100148,100,100618,100,100142,200,100726,100,100123,100,100864,100,99998,100,100974,100,99997,100,101042,100,99967,100,101108,100,99933,100,,,99906,100,,,99905,100
2019-06-28 09:57:10.000000000,100514,191,100219,191,100591,191,100148,191,100618,191,100142,291,100726,191,100123,191,100864,191,99998,191,100974,100,99997,100,101042,100,99967,100,101108,100,99933,100,,,99906,100,,,99905,100
2019-06-28 09:57:20.000000000,100514,191,100219,191,100591,191,100148,191,100618,191,100142,291,100726,191,100123,191,100864,191,99998,191,100974,100,99997,100,101042,100,99967,100,101108,100,99933,100,,,99906,100,,,99905,100
2019-06-28 09:57:30.000000000,100514,327,100219,327,100591,327,100148,327,100618,100,100142,200,100726,100,100123,100,100864,100,99998,100,100974,100,99997,100,101042,100,99967,100,101108,100,99933,100,,,99906,100,,,99905,100
2019-06-28 09:57:33.038262223,100514,327,100219,327,100591,327,100148,327,100618,100,100142,200,100726,100,100123,100,100860,100,99998,100,100864,100,99997,100,100974,100,99967,100,101042,100,99933,100,101108,100,99906,100,,,99905,100
2019-06-28 09:57:34.804588164,100514,327,100219,327,100591,327,100148,327,100618,100,100142,200,100726,100,100123,100,100860,100,99998,100,100864,100,99997,100,100974,100,99967,100,101023,100,99933,100,101042,100,99906,100,101108,100,99905,100
2019-06-28 09:57:40.000000000,100514,191,100219,191,100591,191,100148,191,100618,191,100142,291,100726,191,100123,191,100860,191,99998,191,100864,100,99997,100,100974,100,99967,100,101023,100,99933,100,101042,100,99906,100,101108,100,99905,100
2019-06-28 09:57:50.000000000,100514,554,100219,554,100591,100,100148,100,100618,100,100142,200,100726,100,100123,100,100860,100,99998,100,100864,100,99997,100,100974,100,99967,100,101023,100,99933,100,101042,100,99906,100,101108,100,99905,100
2019-06-28 09:57:58.074510780,100514,454,100219,554,100591,100,100148,100,100618,100,100142,200,100726,100,100123,100,100864,100,99998,100,100974,100,99997,100,101023,100,99967,100,101042,100,99933,100,101108,100,99906,100,,,99905,100
2019-06-28 09:58:00.000000000,100591,214,100219,214,100618,214,100148,214,100726,214,100142,314,100864,214,100123,214,100974,100,99998,100,101023,100,99997,100,101042,100,99967,100,101108,100,99933,100,,,99906,100,,,99905,100
2019-06-28 09:58:08.585565930,100591,214,100366,100,100618,214,100219,214,100726,214,100148,214,100864,214,100142,314,100974,100,100123,214,101023,100,99998,100,101042,100,99997,100,101108,100,99967,100,,,99933,100,,,99906,100
2019-06-28 09:58:10.000000000,100591,191,100366,191,100618,191,100219,191,100726,191,100148,191,100864,191,100142,291,100974,191,100123,191,101023,100,99998,100,101042,100,99997,100,101108,100,99967,100,,,99933,100,,,99906,100
2019-06-28 09:58:20.000000000,100591,554,100366,554,100618,100,100219,100,100726,100,100148,100,100864,100,100142,200,100974,100,100123,100,101023,100,99998,100,101042,100,99997,100,101108,100,99967,100,,,99933,100,,,99906,100
2019-06-28 09:58:30.000000000,100591,214,100366,214,100618,214,100219,214,100726,214,100148,214,100864,214,100142,314,100974,100,100123,100,101023,100,99998,100,101042,100,99997,100,101108,100,99967,100,,,99933,100,,,99906,100
2019-06-28 09:58:40.000000000,100591,191,100366,191,100618,191,100219,191,100726,191,100148,191,100864,191,100142,291,100974,191,100123,191,101023,100,99998,100,101042,100,99997,100,101108,100,99967,100,,,99933,100,,,99906,100
2019-06-28 09:58:50.000000000,100591,254,100366,254,100618,250,100219,250,100726,250,100148,250,100864,100,100142,200,100974,100,100123,100,101023,100,99998,100,101042,100,99997,100,101108,100,99967,100,,,99933,100,,,99906,100
2019-06-28 09:59:00.000000000,100591,327,100366,327,100618,327,100219,327,100726,100,100148,100,100864,100,100142,200,100974,100,100123,100,101023,100,99998,100,101042,100,99997,100,101108,100,99967,100,,,99933,100,,,99906,100
2019-06-28 09:59:10.000000000,100591,214,100366,214,100618,214,100219,214,100726,214,100148,214,100864,214,100142,314,100974,100,100123,100,101023,100,99998,100,101042,100,99997,100,101108,100,99967,100,,,99933,100,,,99906,100
2019-06-28 09:59:20.000000000,100591,554,100366,554,100618,100,100219,100,100726,100,100148,100,100864,100,100142,200,100974,100,100123,100,101023,100,99998,100,101042,100,99997,100,101108,100,99967,100,,,99933,100,,,99906,100
2019-06-28 09:59:30.000000000,100591,254,100366,254,100618,250,100219,250,100726,250,100148,250,100864,100,100142,200,100974,100,100123,100,101023,100,99998,100,101042,100,99997,100,101108,100,99967,100,,,99933,100,,,99906,100
2019-06-28 09:59:40.000000000,100591,554,100366,554,100618,100,100219,100,100726,100,100148,100,100864,100,100142,200,100974,100,100123,100,101023,100,99998,100,101042,100,99997,100,101108,100,99967,100,,,99933,100,,,99906,100
2019-06-28 09:59:50.000000000,100591,554,100366,554,100618,100,100219,100,100726,100,100148,100,100864,100,100142,200,100974,100,100123,100,101023,100,99998,100,101042,100,99997,100,101108,100,99967,100,,,99933,100,,,99906,100
2019-06-28 10:00:00.000000000,100591,214,100366,214,100618,214,100219,214,100726,214,100148,214,100864,214,100142,314,100974,100,100123,100,101023,100,99998,100,101042,100,99997,100,101108,100,99967,100,,,99933,100,,,99906,100
2019-06-28 10:00:10.000000000,100591,327,100366,327,100618,327,100219,327,100726,100,100148,100,100864,100,100142,200,100974,100,100123,100,101023,100,99998,100,101042,100,99997,100,101108,100,99967,100,,,99933,100,,,99906,100
2019-06-28 10:00:10.058522536,100591,327,100366,427,100618,327,100219,327,100726,100,100148,100,100864,100,100142,200,100974,100,100123,100,101023,100,99997,100,101042,100,99967,100,101108,100,99933,100,,,99906,100,,,99905,100
2019-06-28 10:00:11.750755475,100591,327,100366,427,100618,327,100219,327,100726,100,100148,100,100864,100,100142,200,100974,100,100123,100,101023,100,99997,100,101042,100,99967,100,101108,100,99933,100,101577,100,99906,100,,,99905,100
2019-06-28 10:00:20.000000000,100591,327,100366,427,100618,327,100219,327,100726,100,100148,100,100864,100,100142,200,100974,100,100123,100,101023,100,99997,100,101042,100,99967,100,101108,100,99933,100,101577,100,99906,100,,,99905,100
2019-06-28 10:00:21.032650028,100591,127,100366,427,100618,327,100219,327,100726,100,100148,100,100864,100,100142,200,100974,100,100123,100,101023,100,99997,100,101042,100,99967,100,101108,100,99933,100,101577,100,99906,100,,,99905,100
2019-06-28 10:00:30.000000000,100618,327,100366,427,100726,327,100219,327,100864,100,100148,100,100974,100,100142,200,101023,100,100123,100,101042,100,99997,100,101108,100,99967,100,101577,100,99933,100,,,99906,100,,,99905,100
2019-06-28 10:00:38.886677861,100618,327,100366,427,100726,327,100219,327,100864,100,100148,100,100974,100,100142,200,101023,100,100123,100,101042,100,99997,100,101108,100,99967,100,101577,100,99933,100,101927,100,99906,100,,,99905,100
2019-06-28 10:00:40.000000000,100618,327,100366,427,100726,327,100219,327,100864,100,100148,100,100974,100,100142,200,101023,100,100123,100,101042,100,99997,100,101108,100,99967,100,101577,100,99933,100,101927,100,99906,100,,,99905,100
2019-06-28 10:00:40.137671511,100618,327,100514,100,100726,327,100366,427,100864,100,100219,327,100974,100,100148,100,101023,100,100142,200,101042,100,100123,100,101108,100,99997,100,101577,100,99967,100,101927,100,99933,100,,,99906,100
2019-06-28 10:00:43.884428222,100618,327,100514,200,100726,327,100366,427,100864,100,100219,327,100974,100,100148,100,101023,100,100142,200,101042,100,100123,100,101108,100,99997,100,101577,100,99967,100,101927,100,99933,100,,,99906,100
2019-06-28 10:00:50.000000000,100618,327,100514,427,100726,327,100366,427,100864,100,100219,100,100974,100,100148,100,101023,100,100142,200,101042,100,100123,100,101108,100,99997,100,101577,100,99967,100,101927,100,99933,100,,,99906,100
2019-06-28 10:00:58.444233439,100618,227,100514,427,100726,327,100366,427,100864,100,100219,100,100974,100,100148,100,101023,100,100142,200,101042,100,100123,100,101108,100,99997,100,101463,100,99967,100,101577,100,99933,100,101927,100,99906,100
2019-06-28 10:01:00.000000000,100726,214,100514,314,100864,214,100366,314,100974,214,100219,214,101023,214,100148,214,101042,100,100142,200,101108,100,100123,100,101463,100,99997,100,101577,100,99967,100,101927,100,99933,100,,,99906,100
2019-06-28 10:01:10.000000000,100726,327,100514,427,100864,327,100366,427,100974,100,100219,100,101023,100,100148,100,101042,100,100142,200,101108,100,100123,100,101463,100,99997,100,101577,100,99967,100,101927,100,99933,100,,,99906,100
2019-06-28 10:01:20.000000000,100726,191,100514,291,100864,191,100366,291,100974,191,100219,191,101023,191,100148,191,101042,191,100142,291,101108,100,100123,100,101463,100,99997,100,101577,100,99967,100,101927,100,99933,100,,,99906,100
2019-06-28 10:01:30.000000000,100726,254,100514,354,100864,250,100366,350,100974,250,100219,250,101023,100,100148,100,101042,100,100142,200,101108,100,100123,100,101463,100,99997,100,101577,100,99967,100,101927,100,99933,100,,,99906,100
2019-06-28 10:01:40.000000000,100726,327,100514,427,100864,327,100366,427,100974,100,100219,100,101023,100,100148,100,101042,100,100142,200,101108,100,100123,100,101463,100,99997,100,101577,100,99967,100,101927,100,99933,100,,,99906,100
2019-06-28 10:01:46.808259253,100726,327,100613,100,100864,327,100514,427,100974,100,100366,427,101023,100,100219,100,101042,100,100148,100,101463,100,100142,200,101577,100,100123,100,101927,100,99997,100,,,99967,100,,,99933,100
2019-06-28 10:01:50.000000000,100726,554,100613,554,100864,100,100514,200,100974,100,100366,200,101023,100,100219,100,101042,100,100148,100,101463,100,100142,200,101577,100,100123,100,101927,100,99997,100,,,99967,100,,,99933,100
2019-06-28 10:02:00.000000000,100726,327,100613,327,100864,327,100514,427,100974,100,100366,200,101023,100,100219,100,101042,100,100148,100,101463,100,100142,200,101577,100,100123,100,101927,100,99997,100,,,99967,100,,,99933,100
2019-06-28 10:02:08.961595668,100726,227,100613,327,100864,327,100514,427,100974,100,100366,200,101023,100,100219,100,101042,100,100148,100,101463,100,100142,200,101577,100,100123,100,101927,100,99997,100,,,99967,100,,,99933,100
2019-06-28 10:02:09.253774210,100726,227,100613,327,100864,327,100514,327,100974,100,100366,200,101023,100,100219,100,101042,100,100148,100,101463,100,100142,200,101577,100,100123,100,101927,100,99997,100,,,99967,100,,,99933,100
2019-06-28 10:02:10.000000000,100864,214,100613,214,100974,214,100514,214,101023,214,100366,314,101042,214,100219,214,101463,100,100148,100,101577,100,100142,200,101927,100,100123,100,,,99997,100,,,99967,100,,,99933,100
2019-06-28 10:02:20.000000000,100864,191,100613,191,100974,191,100514,191,101023,191,100366,291,101042,191,100219,191,101463,191,100148,191,101577,100,100142,200,101927,100,100123,100,,,99997,100,,,99967,100,,,99933,100
2019-06-28 10:02:25.237444462,100864,191,100614,100,100974,191,100613,191,101023,191,100514,191,101042,191,100366,291,101463,191,100219,191,101577,100,100148,191,101927,100,100142,200,,,100123,100,,,99997,100,,,99967,100
2019-06-28 10:02:30.000000000,100864,191,100614,191,100974,191,100613,191,101023,191,100514,191,101042,191,100366,291,101463,191,100219,191,101577,100,100148,100,101927,100,100142,200,,,100123,100,,,99997,100,,,99967,100
2019-06-28 10:02:36.577035973,100864,191,100614,291,100974,191,100613,191,101023,191,100514,191,101042,191,100366,291,101463,191,100219,191,101577,100,100148,100,101927,100,100142,200,,,100123,100,,,99997,100,,,99967,100
2019-06-28 10:02:40.000000000,100864,554,100614,654,100974,100,100613,100,101023,100,100514,100,101042,100,100366,200,101463,100,100219,100,101577,100,100148,100,101927,100,100142,200,,,100123,100,,,99997,100,,,99967,100
2019-06-28 10:02:50.000000000,100864,254,100614,354,100974,250,100613,250,101023,250,100514,250,101042,100,100366,200,101463,100,100219,100,101577,100,100148,100,101927,100,100142,200,,,100123,100,,,99997,100,,,99967,100
2019-06-28 10:02:52.213663168,100765,100,100614,354,100864,254,100613,250,100974,250,100514,250,101023,250,100366,200,101042,100,100219,100,101463,100,100148,100,101577,100,100142,200,101927,100,100123,100,,,99997,100,,,99967,100
2019-06-28 10:02:58.311128249,100765,100,100680,100,100864,254,100614,354,100974,250,100613,250,101023,250,100514,250,101042,100,100366,200,101463,100,100219,100,101577,100,100148,100,,,100142,200,,,100123,100,,,99997,100
2019-06-28 10:02:58.501662255,100765,100,100680,100,100815,100,100614,354,100864,254,100613,250,100974,250,100514,250,101023,250,100366,200,101463,100,100219,100,101577,100,100148,100,,,100142,200,,,100123,100,,,99997,100
2019-06-28 10:03:00.000000000,100765,191,100680,191,100815,191,100614,291,100864,191,100613,191,100974,191,100514,191,101023,191,100366,291,101463,100,100219,100,101577,100,100148,100,,,100142,200,,,100123,100,,,99997,100
2019-06-28 10:03:00.292341162,100765,191,100748,100,100815,191,100680,191,100864,191,100614,291,100974,191,100613,191,101023,191,100514,191,101463,100,100366,291,101577,100,100219,100,,,100148,100,,,100142,200,,,100123,100
2019-06-28 10:03:07.863743465,100765,191,100748,100,100815,191,100680,191,100864,191,100614,291,100974,191,100613,191,101023,191,100514,191,101463,100,100511,100,101577,100,100366,291,,,100219,100,,,100148,100,,,100142,200
2019-06-28 10:03:09.287019681,100765,191,100680,191,100815,191,100614,291,100864,191,100613,191,100974,191,100514,191,101023,191,100511,100,101463,100,100366,291,101577,100,100219,100,,,100148,100,,,100142,200,,,100123,100
2019-06-28 10:03:10.000000000,100765,214,100680,214,100815,214,100614,314,100864,214,100613,214,100974,214,100514,214,101023,100,100511,100,101463,100,100366,200,101577,100,100219,100,,,100148,100,,,100142,200,,,100123,100
2019-06-28 10:03:11.855290031,100765,214,100730,100,100815,214,100680,214,100864,214,100614,314,100974,214,100613,214,101023,100,100514,214,101463,100,100511,100,101577,100,100366,200,,,100219,100,,,100148,100,,,100142,200
2019-06-28 10:03:20.000000000,100765,214,100730,214,100815,214,100680,214,100864,214,100614,314,100974,214,100613,214,101023,100,100514,100,101463,100,100511,100,101577,100,100366,200,,,100219,100,,,100148,100,,,100142,200
2019-06-28 10:03:30.000000000,100765,214,100730,214,100815,214,100680,214,100864,214,100614,314,100974,214,100613,214,101023,100,100514,100,101463,100,100511,100,101577,100,100366,200,,,100219,100,,,100148,100,,,100142,200
2019-06-28 10:03:36.192781355,100765,214,100730,114,100815,214,100680,214,100864,214,100614,314,100974,214,100613,214,101023,100,100514,100,101463,100,100511,100,101577,100,100366,200,,,100219,100,,,100142,200,,,100123,100
2019-06-28 10:03:40.000000000,100765,254,100680,254,100815,250,100614,350,100864,250,100613,250,100974,100,100514,100,101023,100,100511,100,101463,100,100366,200,101577,100,100219,100,,,100142,200,,,100123,100,,,99997,100
2019-06-28 10:03:42.369206922,100765,254,100680,154,100815,250,100614,350,100864,250,100613,250,100974,100,100514,100,101023,100,100511,100,101463,100,100366,200,101577,100,100219,100,,,100142,200,,,100123,100,,,99997,100
2019-06-28 10:03:50.000000000,100765,214,100614,314,100815,214,100613,214,100864,214,100514,214,100974,214,100511,214,101023,100,100366,200,101463,100,100219,100,101577,100,100142,200,,,100123,100,,,99997,100,,,99967,100
2019-06-28 10:03:55.193959358,100730,100,100614,314,100765,214,100613,214,100815,214,100514,214,100864,214,100511,214,100974,214,100366,200,101023,100,100219,100,101463,100,100142,200,101577,100,100123,100,,,99967,100,,,99933,100
2019-06-28 10:04:00.000000000,100730,214,100614,314,100765,214,100613,214,100815,214,100514,214,100864,214,100511,214,100974,100,100366,200,101023,100,100219,100,101463,100,100142,200,101577,100,100123,100,,,99967,100,,,99933,100
2019-06-28 10:04:02.854748620,100730,314,100614,314,100765,214,100613,214,100815,214,100514,214,100864,214,100511,214,100974,100,100366,200,101023,100,100219,100,101463,100,100142,200,101577,100,100123,100,,,99967,100,,,99933,100
2019-06-28 10:04:06.889467890,100730,314,100614,314,100765,214,100613,114,100815,214,100514,214,100864,214,100511,214,100974,100,100440,100,101023,100,100366,200,101463,100,100219,100,101577,100,100142,200,,,100123,100,,,99967,100
2019-06-28 10:04:10.000000000,100730,291,100614,291,100765,191,100514,191,100815,191,100511,191,100864,191,100440,191,100974,191,100366,291,101023,100,100219,100,101463,100,100142,200,101577,100,100123,100,,,99967,100,,,99933,100
2019-06-28 10:04:15.033981439,100730,291,100614,291,100765,191,100514,191,100815,191,100511,191,100864,191,100440,191,100974,191,100366,191,101023,100,100219,100,101463,100,100142,200,101577,100,100123,100,,,99967,100,,,99933,100
2019-06-28 10:04:20.000000000,100730,314,100614,314,100765,214,100514,214,100815,214,100511,214,100864,214,100440,214,100974,100,100366,100,101023,100,100219,100,101463,100,100142,200,101577,100,100123,100,,,99967,100,,,99933,100
2019-06-28 10:04:28.654064717,100719,100,100614,314,100730,314,100514,214,100765,214,100511,214,100815,214,100440,214,100864,214,100366,100,100974,100,100219,100,101023,100,100142,200,101463,100,100123,100,101577,100,99967,100,,,99933,100
2019-06-28 10:04:29.164059898,100719,100,100614,314,100730,314,100514,214,100765,214,100511,214,100815,214,100440,214,100864,214,100388,100,100974,100,100366,100,101023,100,100219,100,101463,100,100142,200,101577,100,100123,100,,,99967,100
2019-06-28 10:04:29.836342897,100719,100,100614,314,100730,314,100514,114,100765,214,100511,214,100815,214,100440,214,100864,214,100388,100,100974,100,100366,100,101023,100,100219,100,101463,100,100142,200,101577,100,100123,100,,,99967,100
2019-06-28 10:04:30.000000000,100719,327,100614,427,100730,427,100511,327,100765,100,100440,100,100815,100,100388,100,100864,100,100366,100,100974,100,100219,100,101023,100,100142,200,101463,100,100123,100,101577,100,99967,100,,,99933,100
2019-06-28 10:04:33.614267219,100719,327,100614,427,100730,527,100511,327,100765,100,100440,100,100815,100,100388,100,100864,100,100366,100,100974,100,100219,100,101023,100,100142,200,101463,100,100123,100,101577,100,99967,100,,,99933,100
2019-06-28 10:04:37.199148286,100719,327,100614,427,100730,527,100511,327,100765,100,100440,100,100815,100,100388,100,100864,100,100366,100,100974,100,100356,100,101023,100,100219,100,101463,100,100142,200,101577,100,100123,100,,,99967,100
2019-06-28 10:04:40.000000000,100719,254,100614,354,100730,450,100511,250,100765,250,100440,250,100815,100,100388,100,100864,100,100366,100,100974,100,100356,100,101023,100,100219,100,101463,100,100142,200,101577,100,100123,100,,,99967,100
2019-06-28 10:04:42.611213251,100719,254,100614,254,100730,450,100511,250,100765,250,100440,250,100815,100,100388,100,100864,100,100366,100,100974,100,100356,100,101023,100,100219,100,101463,100,100142,200,101577,100,100123,100,,,99967,100
2019-06-28 10:04:48.025767076,100719,254,100614,254,100730,450,100511,250,100765,250,100440,250,100815,100,100388,100,100864,100,100376,100,100974,100,100366,100,101023,100,100356,100,101463,100,100219,100,,,100142,200,,,100123,100
2019-06-28 10:04:50.000000000,100719,191,100614,191,100730,391,100511,191,100765,191,100440,191,100815,191,100388,191,100864,191,100376,191,100974,100,100366,100,101023,100,100356,100,101463,100,100219,100,,,100142,200,,,100123,100
2019-06-28 10:05:00.000000000,100719,327,100614,327,100730,527,100511,327,100765,100,100440,100,100815,100,100388,100,100864,100,100376,100,100974,100,100366,100,101023,100,100356,100,101463,100,100219,100,,,100142,200,,,100123,100
2019-06-28 10:05:10.000000000,100719,554,100614,554,100730,300,100511,100,100765,100,100440,100,100815,100,100388,100,100864,100,100376,100,100974,100,100366,100,101023,100,100356,100,101463,100,100219,100,,,100142,200,,,100123,100
2019-06-28 10:05:17.315375773,100719,554,100614,554,100730,300,100511,100,100765,100,100481,100,100815,100,100440,100,100864,100,100388,100,100974,100,100376,100,101023,100,100366,100,101463,100,100356,100,,,100219,100,,,100142,200
2019-06-28 10:05:20.000000000,100719,554,100614,554,100730,300,100511,100,100765,100,100481,100,100815,100,100440,100,100864,100,100388,100,100974,100,100376,100,101023,100,100366,100,101463,100,100356,100,,,100219,100,,,100142,200
2019-06-28 10:05:30.000000000,100719,214,100614,214,100730,414,100511,214,100765,214,100481,214,100815,214,100440,214,100864,100,100388,100,100974,100,100376,100,101023,100,100366,100,101463,100,100356,100,,,100219,100,,,100142,200
2019-06-28 10:05:40.000000000,100719,327,100614,327,100730,527,100511,327,100765,100,100481,100,100815,100,100440,100,100864,100,100388,100,100974,100,100376,100,101023,100,100366,100,101463,100,100356,100,,,100219,100,,,100142,200
2019-06-28 10:05:50.000000000,100719,191,100614,191,100730,391,100511,191,100765,191,100481,191,100815,191,100440,191,100864,191,100388,191,100974,100,100376,100,101023,100,100366,100,101463,100,100356,100,,,100219,100,,,100142,200
2019-06-28 10:06:00.000000000,100719,254,100614,254,100730,450,100511,250,100765,250,100481,250,100815,100,100440,100,100864,100,100388,100,100974,100,100376,100,101023,100,100366,100,101463,100,100356,100,,,100219,100,,,100142,200
2019-06-28 10:06:10.000000000,100719,214,100614,214,100730,414,100511,214,100765,214,100481,214,100815,214,100440,214,100864,100,100388,100,100974,100,100376,100,101023,100,100366,100,101463,100,100356,100,,,100219,100,,,100142,200
2019-06-28 10:06:11.823412361,100719,214,100615,100,100730,314,100614,214,100765,214,100511,214,100815,214,100481,214,100864,100,100440,214,100974,100,100388,100,101023,100,100376,100,101463,100,100366,100,,,100356,100,,,100219,100
2019-06-28 10:06:20.000000000,100719,214,100615,214,100730,314,100614,214,100765,214,100511,214,100815,214,100481,214,100864,100,100440,100,100974,100,100388,100,101023,100,100376,100,101463,100,100366,100,,,100356,100,,,100219,100
