,ask_price_1,ask_size_1,bid_price_1,bid_size_1,ask_price_2,ask_size_2,bid_price_2,bid_size_2,ask_price_3,ask_size_3,bid_price_3,bid_size_3,ask_price_4,ask_size_4,bid_price_4,bid_size_4,ask_price_5,ask_size_5,bid_price_5,bid_size_5,ask_price_6,ask_size_6,bid_price_6,bid_size_6,ask_price_7,ask_size_7,bid_price_7,bid_size_7,ask_price_8,ask_size_8,bid_price_8,bid_size_8,ask_price_9,ask_size_9,bid_price_9,bid_size_9,ask_price_10,ask_size_10,bid_price_10,bid_size_10
2019-06-28 09:30:00.000000000,100086,100,,,,,,,,,,,,,,,,,,,,,,,,,,,,,,,,,,,,,,
2019-06-28 09:30:00.000000001,99989,100,,,100086,100,,,,,,,,,,,,,,,,,,,,,,,,,,,,,,,,,,
2019-06-28 09:30:00.000000003,100086,100,,,,,,,,,,,,,,,,,,,,,,,,,,,,,,,,,,,,,,
2019-06-28 09:30:00.000000004,100086,100,,,100138,100,,,,,,,,,,,,,,,,,,,,,,,,,,,,,,,,,,
2019-06-28 09:30:00.000000005,99937,100,,,100086,100,,,100092,100,,,100138,100,,,,,,,,,,,,,,,,,,,,,,,,,,
2019-06-28 09:30:00.000000008,99937,100,99928,100,100086,100,,,100092,100,,,100138,100,,,,,,,,,,,,,,,,,,,,,,,,,,
2019-06-28 09:30:00.000000009,99937,100,99928,100,99974,100,,,100086,100,,,100092,100,,,100138,100,,,,,,,,,,,,,,,,,,,,,,
2019-06-28 09:30:00.000000010,99937,100,99928,100,99974,100,99912,100,99998,100,,,100086,100,,,100092,100,,,100138,100,,,,,,,,,,,,,,,,,,
2019-06-28 09:30:00.000000013,99937,100,99928,100,99974,100,99925,100,99998,100,99912,100,100086,100,,,100092,100,,,100138,100,,,,,,,,,,,,,,,,,,
2019-06-28 09:30:00.000000015,99937,100,99928,100,99974,100,99925,100,99998,100,99912,100,100017,100,,,100086,100,,,100092,100,,,100138,100,,,,,,,,,,,,,,
2019-06-28 09:30:00.000000016,99937,100,99928,100,99974,100,99925,100,99998,100,99912,100,100017,100,99900,100,100086,100,,,100092,100,,,100138,100,,,,,,,,,,,,,,
2019-06-28 09:30:00.000000017,99937,100,99928,100,99974,100,99925,100,99998,100,99912,100,100017,100,99900,100,100066,100,,,100086,100,,,100092,100,,,100138,100,,,,,,,,,,
2019-06-28 09:30:00.000000022,99937,100,99928,100,99974,100,99925,100,99998,100,99912,100,100017,100,99900,100,100066,100,,,100086,100,,,100091,100,,,100092,100,,,100138,100,,,,,,
2019-06-28 09:30:00.000000024,99937,100,99928,100,99974,100,99925,100,99998,100,99912,100,100007,100,99900,100,100017,100,99817,100,100066,100,,,100086,100,,,100091,100,,,100092,100,,,100109,100,,
2019-06-28 09:30:00.000000025,99937,100,99928,100,99974,100,99925,100,99998,100,99924,100,100007,100,99912,100,100017,100,99900,100,100066,100,99817,100,100086,100,,,100091,100,,,100092,100,,,100109,100,,
2019-06-28 09:30:00.000000027,99937,100,99928,100,99974,100,99925,100,99998,100,99924,100,100007,100,99912,100,100017,100,99910,100,100066,100,99900,100,100086,100,99817,100,100091,100,,,100092,100,,,100109,100,,
2019-06-28 09:30:00.000000029,99937,100,99928,100,99974,100,99925,100,99998,100,99924,100,100007,100,99916,100,100017,100,99912,100,100066,100,99910,100,100086,100,99900,100,100091,100,99817,100,100092,100,,,100109,100,,
2019-06-28 09:30:00.000000031,99937,100,99928,100,99974,100,99925,100,99998,100,99924,100,100007,100,99916,100,100017,100,99912,100,100066,100,99910,100,100086,100,99900,100,100091,100,99817,100,100092,100,,,100109,100,,
2019-06-28 09:30:00.000000032,99974,100,99928,100,99986,100,99925,100,99989,100,99924,100,99998,100,99916,100,100007,100,99912,100,100017,100,99910,100,100066,100,99900,100,100086,100,99817,100,100091,100,,,100092,100,,
2019-06-28 09:30:00.000000033,99974,100,99937,100,99986,100,99928,100,99989,100,99925,100,99998,100,99924,100,100007,100,99916,100,100017,100,99912,100,100066,100,99910,100,100086,100,99900,100,100091,100,99817,100,100092,100,,
2019-06-28 09:30:00.000000036,99974,100,99937,200,99986,100,99928,100,99989,100,99925,100,99998,100,99924,100,100007,100,99916,100,100017,100,99912,100,100066,100,99910,100,100086,100,99900,100,100091,100,99817,100,100092,100,,
2019-06-28 09:30:00.000000037,99974,100,99937,200,99986,100,99928,100,99989,100,99925,100,99998,100,99924,100,100007,100,99916,100,100017,100,99912,100,100066,100,99910,100,100067,100,99900,100,100086,100,99817,100,100091,100,,
2019-06-28 09:30:00.000000038,99986,100,99937,200,99989,100,99928,100,99998,100,99925,100,100007,100,99924,100,100017,100,99916,100,100066,100,99912,100,100067,100,99910,100,100086,100,99900,100,100091,100,99817,100,100092,100,,
2019-06-28 09:30:00.000000041,99942,100,99937,200,99982,100,99928,100,99986,100,99925,100,99989,100,99924,100,99998,100,99916,100,100007,100,99912,100,100017,100,99910,100,100066,100,99900,100,100067,100,99817,100,100086,100,,
2019-06-28 09:30:00.000000042,99982,100,99937,200,99986,100,99928,100,99989,100,99925,100,99998,100,99924,100,100007,100,99916,100,100017,100,99912,100,100066,100,99910,100,100067,100,99900,100,100086,100,99817,100,100091,100,,
2019-06-28 09:30:00.000000044,99982,100,99937,200,99986,100,99928,100,99989,100,99925,100,99998,100,99924,100,100007,100,99916,200,100017,100,99912,100,100066,100,99910,100,100067,100,99900,100,100086,100,99817,100,100091,100,,
2019-06-28 09:30:00.000000046,99974,100,99937,200,99982,100,99928,100,99986,100,99925,100,99989,100,99924,100,99998,100,99916,200,100007,100,99912,100,100017,100,99910,100,100066,100,99900,100,100067,100,99817,100,100086,100,,
2019-06-28 09:30:00.000000047,99974,100,99937,200,99982,100,99928,100,99986,100,99925,100,99989,100,99924,100,99998,100,99916,200,100007,100,99912,100,100017,100,99910,100,100066,100,99900,100,100067,100,99817,100,100086,100,,
2019-06-28 09:30:00.000000049,99974,100,99937,200,99982,100,99928,100,99986,100,99925,100,99989,100,99924,100,99998,100,99916,200,100007,100,99912,100,100017,100,99910,100,100066,100,99900,100,100067,100,99817,100,100086,100,,
2019-06-28 09:30:00.000000053,99974,100,99937,200,99982,100,99928,100,99986,100,99925,100,99989,100,99924,100,99998,100,99916,200,100007,100,99912,100,100017,100,99910,100,100066,100,99900,100,100067,100,99817,100,100086,100,,
2019-06-28 09:30:00.000000054,99955,100,99937,200,99974,100,99928,100,99982,100,99925,100,99986,100,99924,100,99989,100,99916,200,99998,100,99912,100,100007,100,99910,100,100017,100,99900,100,100066,100,99817,100,100067,100,,
2019-06-28 09:30:00.000000055,99955,100,99937,200,99974,100,99928,100,99982,100,99925,100,99986,100,99924,100,99989,100,99916,200,99998,100,99912,100,100007,100,99910,100,100017,100,99900,100,100066,100,99817,100,100067,100,,
2019-06-28 09:30:00.000000056,99955,100,99937,200,99974,100,99928,100,99982,100,99925,100,99986,100,99924,100,99989,100,99916,200,99998,100,99912,100,100007,100,99910,100,100017,100,99900,100,100056,100,99817,100,100066,100,,
2019-06-28 09:30:00.000000059,99955,100,99942,100,99974,100,99937,200,99982,100,99928,100,99986,100,99925,100,99989,100,99924,100,99998,100,99916,200,100007,100,99912,100,100017,100,99910,100,100056,100,99900,100,100066,100,99817,100
2019-06-28 09:30:00.000000060,99947,100,99942,100,99955,100,99937,200,99974,100,99928,100,99982,100,99925,100,99986,100,99924,100,99989,100,99916,200,99998,100,99912,100,100007,100,99910,100,100017,100,99900,100,100056,100,99817,100
2019-06-28 09:30:00.000000061,99947,100,99942,100,99955,100,99937,200,99974,100,99928,100,99982,100,99925,100,99986,100,99924,100,99989,100,99916,200,99998,100,99912,100,100007,100,99910,100,100017,100,99900,100,100046,100,99817,100
2019-06-28 09:30:00.000000063,99947,100,99942,200,99955,100,99937,200,99974,100,99928,100,99982,100,99925,100,99986,100,99924,100,99989,100,99916,200,99998,100,99912,100,100007,100,99910,100,100017,100,99900,100,100046,100,99817,100
2019-06-28 09:30:00.000000066,99955,100,99942,200,99974,100,99937,200,99982,100,99928,100,99986,100,99925,100,99989,100,99924,100,99998,100,99916,200,100007,100,99912,100,100017,100,99910,100,100046,100,99900,100,100056,100,99817,100
2019-06-28 09:30:00.000000069,99955,100,99942,200,99968,100,99937,200,99974,100,99928,100,99982,100,99925,100,99983,100,99924,100,99986,100,99916,200,99989,100,99912,100,99998,100,99910,100,100005,100,99900,100,100007,100,99817,100
2019-06-28 09:30:00.000000076,99955,100,99942,200,99968,100,99937,200,99974,100,99936,100,99982,100,99928,100,99983,100,99925,100,99986,100,99924,100,99989,100,99916,200,99998,100,99912,100,100005,100,99910,100,100007,100,99900,100
2019-06-28 09:30:00.000000080,99955,100,99942,200,99968,100,99937,200,99974,100,99936,100,99982,100,99928,100,99983,100,99925,100,99986,100,99924,100,99989,100,99916,200,99998,100,99912,100,100005,100,99910,100,100007,100,99900,100
2019-06-28 09:30:00.000000084,99955,100,99943,100,99968,100,99942,200,99974,100,99937,200,99982,100,99936,100,99983,100,99928,100,99986,100,99925,100,99989,100,99924,100,99998,100,99916,200,100005,100,99912,100,100007,100,99910,100
2019-06-28 09:30:00.000000086,99955,100,99943,100,99968,100,99942,200,99974,100,99937,200,99982,100,99936,100,99983,100,99928,100,99986,100,99925,100,99989,100,99924,100,99998,100,99916,200,100005,100,99912,100,100007,100,99910,100
2019-06-28 09:30:00.000000088,99947,100,99943,100,99955,100,99942,200,99968,100,99937,200,99974,100,99936,100,99982,100,99928,100,99983,100,99925,100,99986,100,99924,100,99989,100,99916,200,99998,100,99912,100,100005,100,99910,100
2019-06-28 09:30:00.000000091,99947,100,99943,100,99955,100,99942,200,99968,100,99937,200,99974,100,99936,100,99982,100,99928,100,99983,100,99925,100,99986,100,99924,100,99989,100,99916,200,99998,100,99912,100,100005,100,99910,100
2019-06-28 09:30:00.000000093,99947,100,99943,100,99955,100,99942,200,99968,100,99937,200,99974,100,99936,100,99982,100,99928,100,99983,100,99925,100,99986,100,99924,100,99989,100,99916,200,99998,100,99912,100,100005,100,99910,100
2019-06-28 09:30:00.000000094,99947,200,99943,100,99955,100,99942,200,99968,100,99937,200,99974,100,99936,100,99982,100,99928,100,99983,100,99925,100,99986,100,99924,100,99989,100,99916,200,99998,100,99912,100,100005,100,99910,100
2019-06-28 09:30:00.000000095,99947,200,99943,100,99955,100,99942,200,99968,100,99937,200,99974,100,99936,100,99982,100,99928,100,99983,100,99925,100,99986,100,99924,100,99989,100,99916,200,99996,100,99912,100,99998,100,99910,100
2019-06-28 09:30:00.000000096,99947,300,99943,100,99955,100,99942,200,99968,100,99937,200,99974,100,99936,100,99982,100,99928,100,99983,100,99925,100,99986,100,99924,100,99989,100,99916,200,99996,100,99912,100,99998,100,99910,100
2019-06-28 09:30:10.000000000,99947,438,99943,238,99955,234,99942,334,99968,234,99937,334,99974,100,99936,100,99982,100,99928,100,99983,100,99925,100,99986,100,99924,100,99989,100,99916,200,99996,100,99912,100,99998,100,99910,100
2019-06-28 09:30:14.255637294,99947,438,99943,238,99955,234,99942,334,99968,234,99937,334,99974,100,99936,100,99982,100,99928,100,99983,100,99925,100,99986,100,99924,100,99989,100,99916,200,99996,100,99912,100,99998,100,99910,100
2019-06-28 09:30:16.192390948,99947,438,99943,138,99955,234,99942,334,99968,234,99937,334,99974,100,99936,100,99982,100,99928,100,99983,100,99925,100,99986,100,99924,100,99989,100,99916,200,99996,100,99912,100,99998,100,99910,100
2019-06-28 09:30:16.368800504,99947,438,99943,38,99955,234,99942,334,99968,234,99937,334,99974,100,99936,100,99982,100,99928,100,99983,100,99925,100,99986,100,99924,100,99989,100,99916,200,99996,100,99912,100,99998,100,99910,100
2019-06-28 09:30:20.000000000,99947,401,99942,301,99955,201,99937,301,99968,201,99936,201,99974,201,99928,201,99982,100,99925,100,99983,100,99924,100,99986,100,99916,200,99989,100,99912,100,99996,100,99910,100,99998,100,99894,100
2019-06-28 09:30:28.719381690,99947,401,99942,201,99955,201,99937,301,99968,201,99936,201,99974,201,99928,201,99982,100,99925,100,99983,100,99924,100,99986,100,99916,200,99989,100,99912,100,99996,100,99910,100,99998,100,99894,100
2019-06-28 09:30:30.000000000,99947,438,99942,238,99955,234,99937,334,99968,234,99936,234,99974,100,99928,100,99982,100,99925,100,99983,100,99924,100,99986,100,99916,200,99989,100,99912,100,99996,100,99910,100,99998,100,99894,100
2019-06-28 09:30:40.000000000,99947,705,99942,505,99955,100,99937,200,99968,100,99936,100,99974,100,99928,100,99982,100,99925,100,99983,100,99924,100,99986,100,99916,200,99989,100,99912,100,99996,100,99910,100,99998,100,99894,100
2019-06-28 09:30:41.353137569,99947,705,99942,505,99955,100,99937,200,99974,100,99936,100,99982,100,99928,100,99983,100,99925,100,99986,100,99924,100,99989,100,99916,200,99996,100,99912,100,99998,100,99910,100,100005,100,99894,100
2019-06-28 09:30:42.593016058,99947,705,99942,405,99955,100,99937,200,99974,100,99936,100,99982,100,99928,100,99983,100,99925,100,99986,100,99924,100,99989,100,99916,200,99996,100,99912,100,99998,100,99910,100,100005,100,99894,100
2019-06-28 09:30:50.000000000,99947,705,99937,605,99955,100,99936,100,99974,100,99928,100,99982,100,99925,100,99983,100,99924,100,99986,100,99916,200,99989,100,99912,100,99996,100,99910,100,99998,100,99894,100,100005,100,99817,100
2019-06-28 09:31:00.000000000,99947,705,99937,605,99955,100,99936,100,99974,100,99928,100,99982,100,99925,100,99983,100,99924,100,99986,100,99916,200,99989,100,99912,100,99996,100,99910,100,99998,100,99894,100,100005,100,99817,100
2019-06-28 09:31:07.150141169,99947,705,99937,505,99955,100,99936,100,99974,100,99928,100,99982,100,99925,100,99983,100,99924,100,99986,100,99916,200,99989,100,99912,100,99996,100,99910,100,99998,100,99894,100,100005,100,99817,100
2019-06-28 09:31:10.000000000,99947,401,99937,201,99955,201,99936,201,99974,201,99928,201,99982,201,99925,201,99983,100,99924,100,99986,100,99916,200,99989,100,99912,100,99996,100,99910,100,99998,100,99894,100,100005,100,99817,100
2019-06-28 09:31:13.991592601,99942,100,99937,201,99947,401,99936,201,99955,201,99928,201,99974,201,99925,201,99982,201,99924,100,99983,100,99916,200,99986,100,99912,100,99989,100,99910,100,99996,100,99894,100,99998,100,99817,100
2019-06-28 09:31:17.837431693,99942,100,99937,201,99947,401,99936,201,99955,201,99928,201,99974,201,99925,201,99982,201,99924,100,99983,100,99916,200,99986,100,99912,100,99989,100,99910,100,99996,100,99894,100,99998,100,99817,100
2019-06-28 09:31:20.000000000,99942,201,99937,201,99947,401,99936,201,99955,201,99928,201,99974,201,99925,201,99982,100,99924,100,99983,100,99916,200,99986,100,99912,100,99989,100,99910,100,99996,100,99894,100,99998,100,99817,100
2019-06-28 09:31:27.757486723,99942,201,99937,201,99947,401,99936,201,99955,201,99928,201,99974,201,99925,201,99982,100,99924,100,99983,100,99916,200,99986,100,99912,100,99989,100,99910,100,99996,100,99894,100,99998,100,99817,100
2019-06-28 09:31:30.000000000,99942,201,99937,201,99947,401,99936,201,99955,201,99928,201,99974,201,99925,201,99982,100,99924,100,99983,100,99916,200,99986,100,99912,100,99989,100,99910,100,99996,100,99894,100,99998,100,99817,100
2019-06-28 09:31:38.681879320,99942,201,99937,201,99947,401,99936,201,99955,201,99928,201,99974,201,99925,201,99982,100,99924,100,99986,100,99916,200,99989,100,99912,100,99996,100,99910,100,99998,100,99894,100,100005,100,99817,100
2019-06-28 09:31:40.000000000,99942,302,99937,302,99947,502,99936,302,99955,100,99928,100,99974,100,99925,100,99982,100,99924,100,99986,100,99916,200,99989,100,99912,100,99996,100,99910,100,99998,100,99894,100,100005,100,99817,100
2019-06-28 09:31:50.000000000,99942,181,99937,181,99947,381,99936,181,99955,181,99928,181,99974,181,99925,181,99982,181,99924,181,99986,100,99916,200,99989,100,99912,100,99996,100,99910,100,99998,100,99894,100,100005,100,99817,100
2019-06-28 09:31:59.224518433,99942,181,99937,181,99947,381,99936,181,99955,181,99928,181,99974,181,99925,181,99982,181,99924,181,99986,100,99916,200,99989,100,99912,100,99996,100,99910,100,99998,100,99894,100,100005,100,99817,100
2019-06-28 09:32:00.000000000,99942,302,99937,302,99947,502,99936,302,99955,100,99928,100,99974,100,99925,100,99982,100,99924,100,99986,100,99916,200,99989,100,99912,100,99996,100,99910,100,99998,100,99894,100,100005,100,99817,100
2019-06-28 09:32:02.115558937,99942,402,99937,302,99947,502,99936,302,99955,100,99928,100,99974,100,99925,100,99982,100,99924,100,99986,100,99916,200,99989,100,99912,100,99996,100,99910,100,99998,100,99894,100,100005,100,99817,100
2019-06-28 09:32:07.406323721,99942,402,99937,202,99947,502,99936,302,99955,100,99928,100,99974,100,99925,100,99982,100,99924,100,99986,100,99916,200,99989,100,99912,100,99996,100,99910,100,99998,100,99894,100,100005,100,99817,100
2019-06-28 09:32:10.000000000,99942,605,99936,505,99947,300,99928,100,99955,100,99925,100,99974,100,99924,100,99982,100,99916,200,99986,100,99912,100,99989,100,99910,100,99996,100,99894,100,99998,100,99817,100,100005,100,99476,100
2019-06-28 09:32:20.000000000,99942,281,99936,181,99947,381,99928,181,99955,181,99925,181,99974,181,99924,181,99982,181,99916,281,99986,100,99912,100,99989,100,99910,100,99996,100,99894,100,99998,100,99817,100,100005,100,99476,100
2019-06-28 09:32:30.000000000,99942,605,99936,505,99947,300,99928,100,99955,100,99925,100,99974,100,99924,100,99982,100,99916,200,99986,100,99912,100,99989,100,99910,100,99996,100,99894,100,99998,100,99817,100,100005,100,99476,100
2019-06-28 09:32:40.000000000,99942,402,99936,302,99947,502,99928,302,99955,100,99925,100,99974,100,99924,100,99982,100,99916,200,99986,100,99912,100,99989,100,99910,100,99996,100,99894,100,99998,100,99817,100,100005,100,99476,100
2019-06-28 09:32:41.084272633,99942,302,99936,302,99947,502,99928,302,99955,100,99925,100,99974,100,99924,100,99982,100,99916,200,99986,100,99912,100,99989,100,99910,100,99996,100,99894,100,99998,100,99817,100,100005,100,99476,100
2019-06-28 09:32:50.000000000,99942,201,99936,201,99947,401,99928,201,99955,201,99925,201,99974,201,99924,201,99982,100,99916,200,99986,100,99912,100,99989,100,99910,100,99996,100,99894,100,99998,100,99817,100,100005,100,99476,100
2019-06-28 09:33:00.000000000,99942,201,99936,201,99947,401,99928,201,99955,201,99925,201,99974,201,99924,201,99982,100,99916,200,99986,100,99912,100,99989,100,99910,100,99996,100,99894,100,99998,100,99817,100,100005,100,99476,100
2019-06-28 09:33:10.000000000,99942,238,99936,238,99947,434,99928,234,99955,234,99925,234,99974,100,99924,100,99982,100,99916,200,99986,100,99912,100,99989,100,99910,100,99996,100,99894,100,99998,100,99817,100,100005,100,99476,100
2019-06-28 09:33:20.000000000,99942,181,99936,181,99947,381,99928,181,99955,181,99925,181,99974,181,99924,181,99982,181,99916,281,99986,100,99912,100,99989,100,99910,100,99996,100,99894,100,99998,100,99817,100,100005,100,99476,100
2019-06-28 09:33:30.000000000,99942,181,99936,181,99947,381,99928,181,99955,181,99925,181,99974,181,99924,181,99982,181,99916,281,99986,100,99912,100,99989,100,99910,100,99996,100,99894,100,99998,100,99817,100,100005,100,99476,100
2019-06-28 09:33:40.000000000,99942,302,99936,302,99947,502,99928,302,99955,100,99925,100,99974,100,99924,100,99982,100,99916,200,99986,100,99912,100,99989,100,99910,100,99996,100,99894,100,99998,100,99817,100,100005,100,99476,100
2019-06-28 09:33:49.568619376,99942,302,99936,302,99947,502,99928,302,99955,100,99925,100,99974,100,99924,100,99982,100,99916,200,99986,100,99912,100,99989,100,99910,100,99996,100,99894,100,99998,100,99817,100,100005,100,99476,100
2019-06-28 09:33:50.000000000,99942,302,99936,302,99947,502,99928,302,99955,100,99925,100,99974,100,99924,100,99982,100,99916,200,99986,100,99912,100,99989,100,99910,100,99996,100,99894,100,99998,100,99817,100,100005,100,99476,100
2019-06-28 09:34:00.000000000,99942,505,99936,505,99947,300,99928,100,99955,100,99925,100,99974,100,99924,100,99982,100,99916,200,99986,100,99912,100,99989,100,99910,100,99996,100,99894,100,99998,100,99817,100,100005,100,99476,100
2019-06-28 09:34:10.000000000,99942,505,99936,505,99947,300,99928,100,99955,100,99925,100,99974,100,99924,100,99982,100,99916,200,99986,100,99912,100,99989,100,99910,100,99996,100,99894,100,99998,100,99817,100,100005,100,99476,100
2019-06-28 09:34:10.203098405,99942,505,99936,405,99947,300,99928,100,99955,100,99925,100,99974,100,99924,100,99982,100,99916,200,99986,100,99910,100,99989,100,99894,100,99996,100,99817,100,99998,100,99476,100,100005,100,99454,100
2019-06-28 09:34:20.000000000,99942,201,99928,201,99947,401,99925,201,99955,201,99924,201,99974,201,99916,301,99982,100,99910,100,99986,100,99894,100,99989,100,99817,100,99996,100,99476,100,99998,100,99454,100,100005,100,99211,100
2019-06-28 09:34:27.193770536,99942,201,99928,201,99947,401,99925,201,99955,201,99924,201,99974,201,99916,301,99982,100,99910,100,99986,100,99894,100,99989,100,99817,100,99996,100,99454,100,99998,100,99211,100,100005,100,98951,100
2019-06-28 09:34:30.000000000,99942,238,99928,238,99947,434,99925,234,99955,234,99924,234,99974,100,99916,200,99982,100,99910,100,99986,100,99894,100,99989,100,99817,100,99996,100,99454,100,99998,100,99211,100,100005,100,98951,100
2019-06-28 09:34:40.000000000,99942,505,99928,505,99947,300,99925,100,99955,100,99924,100,99974,100,99916,200,99982,100,99910,100,99986,100,99894,100,99989,100,99817,100,99996,100,99454,100,99998,100,99211,100,100005,100,98951,100
2019-06-28 09:34:42.845584299,99942,505,99928,405,99947,300,99925,100,99974,100,99924,100,99982,100,99916,200,99986,100,99910,100,99989,100,99894,100,99996,100,99817,100,99998,100,99454,100,100005,100,99211,100,100007,100,98951,100
2019-06-28 09:34:50.000000000,99942,505,99925,505,99947,300,99924,100,99974,100,99916,200,99982,100,99910,100,99986,100,99894,100,99989,100,99817,100,99996,100,99454,100,99998,100,99211,100,100005,100,98951,100,100007,100,98924,100
2019-06-28 09:35:00.000000000,99942,505,99925,505,99947,300,99924,100,99974,100,99916,200,99982,100,99910,100,99986,100,99894,100,99989,100,99817,100,99996,100,99454,100,99998,100,99211,100,100005,100,98951,100,100007,100,98924,100
2019-06-28 09:35:10.000000000,99942,181,99925,181,99947,381,99924,181,99974,181,99916,281,99982,181,99910,181,99986,181,99894,181,99989,100,99817,100,99996,100,99454,100,99998,100,99211,100,100005,100,98951,100,100007,100,98924,100
2019-06-28 09:35:11.533972500,99942,181,99925,181,99947,381,99924,181,99974,181,99916,281,99982,181,99910,181,99986,181,99894,181,99989,100,99817,100,99996,100,99454,100,99998,100,99211,100,100005,100,98951,100,100007,100,98924,100
2019-06-28 09:35:20.000000000,99942,181,99925,181,99947,381,99924,181,99974,181,99916,281,99982,181,99910,181,99986,181,99894,181,99989,100,99817,100,99996,100,99454,100,99998,100,99211,100,100005,100,98951,100,100007,100,98924,100
2019-06-28 09:35:25.668387550,99942,181,99925,81,99947,381,99924,181,99974,181,99916,281,99982,181,99910,181,99986,81,99894,181,99989,100,99817,100,99996,100,99454,100,99998,100,99211,100,100005,100,98951,100,100007,100,98924,100
2019-06-28 09:35:30.000000000,99942,302,99924,302,99947,502,99916,402,99974,100,99910,100,99982,100,99894,100,99989,100,99817,100,99996,100,99454,100,99998,100,99211,100,100005,100,98951,100,100007,100,98924,100,100014,100,98851,100
2019-06-28 09:35:40.000000000,99942,181,99924,181,99947,381,99916,281,99974,181,99910,181,99982,181,99894,181,99989,181,99817,181,99996,100,99454,100,99998,100,99211,100,100005,100,98951,100,100007,100,98924,100,100014,100,98851,100
2019-06-28 09:35:43.295151188,99942,181,99924,181,99947,381,99916,281,99974,181,99910,181,99982,181,99894,181,99989,181,99817,181,99996,100,99454,100,99998,100,99211,100,100005,100,98951,100,100007,100,98936,100,100014,100,98924,100
2019-06-28 09:35:50.000000000,99942,238,99924,238,99947,434,99916,334,99974,234,99910,234,99982,100,99894,100,99989,100,99817,100,99996,100,99454,100,99998,100,99211,100,100005,100,98951,100,100007,100,98936,100,100014,100,98924,100
2019-06-28 09:35:57.282828991,99942,238,99924,138,99947,434,99916,334,99974,234,99910,234,99982,100,99894,100,99989,100,99817,100,99996,100,99454,100,99998,100,99211,100,100005,100,98951,100,100007,100,98936,100,100014,100,98924,100
2019-06-28 09:36:00.000000000,99942,201,99916,301,99947,401,99910,201,99974,201,99894,201,99982,201,99817,201,99989,100,99454,100,99996,100,99211,100,99998,100,98951,100,100005,100,98936,100,100007,100,98924,100,100014,100,98851,100
2019-06-28 09:36:04.935550912,99942,201,99916,201,99947,401,99910,201,99974,201,99894,101,99982,201,99817,201,99989,100,99454,100,99996,100,99211,100,99998,100,98951,100,100005,100,98936,100,100007,100,98924,100,100014,100,98851,100
2019-06-28 09:36:08.787462989,99942,201,99916,201,99947,401,99910,201,99974,201,99894,101,99982,201,99817,201,99989,100,99454,100,99996,100,99211,100,99998,100,99115,100,100005,100,98951,100,100007,100,98936,100,100014,100,98924,100
2019-06-28 09:36:10.000000000,99942,302,99916,302,99947,502,99910,302,99974,100,99817,100,99982,100,99454,100,99989,100,99211,100,99996,100,99115,100,99998,100,98951,100,100005,100,98936,100,100007,100,98924,100,100014,100,98851,100
2019-06-28 09:36:20.000000000,99942,181,99916,181,99947,381,99910,181,99974,181,99817,181,99982,181,99454,181,99989,181,99211,181,99996,100,99115,100,99998,100,98951,100,100005,100,98936,100,100007,100,98924,100,100014,100,98851,100
2019-06-28 09:36:21.125888066,99942,181,99916,81,99947,381,99910,181,99974,181,99817,181,99982,181,99454,181,99989,181,99211,181,99996,100,99115,100,99998,100,98951,100,100005,100,98936,100,100007,100,98924,100,100014,100,98851,100
2019-06-28 09:36:30.000000000,99942,505,99910,505,99947,300,99817,100,99974,100,99454,100,99982,100,99211,100,99989,100,99115,100,99996,100,98951,100,99998,100,98936,100,100005,100,98924,100,100007,100,98851,100,100014,100,98829,100
2019-06-28 09:36:37.845280301,99942,505,99910,505,99947,300,99817,100,99974,100,99454,100,99982,100,99238,100,99989,100,99211,100,99996,100,99115,100,99998,100,98936,100,100005,100,98924,100,100007,100,98851,100,100014,100,98829,100
2019-06-28 09:36:40.000000000,99942,238,99910,238,99947,434,99817,234,99974,234,99454,234,99982,100,99238,100,99989,100,99211,100,99996,100,99115,100,99998,100,98936,100,100005,100,98924,100,100007,100,98851,100,100014,100,98829,100
2019-06-28 09:36:50.000000000,99942,181,99910,181,99947,381,99817,181,99974,181,99454,181,99982,181,99238,181,99989,181,99211,181,99996,100,99115,100,99998,100,98936,100,100005,100,98924,100,100007,100,98851,100,100014,100,98829,100
2019-06-28 09:36:53.198910835,99942,181,99910,81,99947,381,99817,181,99974,181,99454,181,99982,181,99238,181,99989,181,99211,181,99996,100,99115,100,99998,100,98936,100,100005,100,98924,100,100007,100,98851,100,100014,100,98829,100
2019-06-28 09:37:00.000000000,99942,181,99817,181,99947,381,99454,181,99974,181,99238,181,99982,181,99211,181,99989,181,99115,181,99996,100,98936,100,99998,100,98924,100,100005,100,98851,100,100007,100,98829,100,100014,100,,
2019-06-28 09:37:10.000000000,99942,201,99817,201,99947,401,99454,201,99974,201,99238,201,99982,201,99211,201,99989,100,99115,100,99996,100,98936,100,99998,100,98924,100,100005,100,98851,100,100007,100,98829,100,100014,100,,
2019-06-28 09:37:20.000000000,99942,201,99817,201,99947,401,99454,201,99974,201,99238,201,99982,201,99211,201,99989,100,99115,100,99996,100,98936,100,99998,100,98924,100,100005,100,98851,100,100007,100,98829,100,100014,100,,
2019-06-28 09:37:30.000000000,99942,181,99817,181,99947,381,99454,181,99974,181,99238,181,99982,181,99211,181,99989,181,99115,181,99996,100,98936,100,99998,100,98924,100,100005,100,98851,100,100007,100,98829,100,100014,100,,
2019-06-28 09:37:33.015828969,99942,181,99817,181,99947,381,99454,181,99974,181,99238,81,99982,181,99211,181,99989,181,99115,181,99996,100,98936,100,99998,100,98924,100,100005,100,98851,100,100007,100,98829,100,100014,100,,
2019-06-28 09:37:35.828753760,99942,81,99817,181,99947,381,99454,181,99974,181,99238,81,99982,181,99211,181,99989,181,99115,181,99996,100,98936,100,99998,100,98924,100,100005,100,98851,100,100007,100,98829,100,100014,100,,
2019-06-28 09:37:39.883588439,99947,381,99942,19,99974,181,99817,181,99982,181,99454,181,99989,181,99238,81,99996,100,99211,181,99998,100,99115,181,100005,100,98936,100,100007,100,98924,100,100017,100,98851,100,100033,100,98829,100
2019-06-28 09:37:40.000000000,99947,381,99942,100,99974,181,99817,181,99982,181,99454,181,99989,181,99211,181,99996,181,99115,181,99998,100,98936,100,100005,100,98924,100,100007,100,98851,100,100017,100,98829,100,100033,100,,
2019-06-28 09:37:50.000000000,99947,502,99942,221,99974,302,99817,302,99982,100,99454,100,99989,100,99211,100,99996,100,99115,100,99998,100,98936,100,100005,100,98924,100,100007,100,98851,100,100017,100,98829,100,100033,100,,
2019-06-28 09:38:00.000000000,99947,705,99942,424,99974,100,99817,100,99982,100,99454,100,99989,100,99211,100,99996,100,99115,100,99998,100,98936,100,100005,100,98924,100,100007,100,98851,100,100017,100,98829,100,100033,100,,
2019-06-28 09:38:09.382269480,99947,705,99942,524,99974,100,99817,100,99982,100,99454,100,99989,100,99211,100,99996,100,99115,100,99998,100,98936,100,100005,100,98924,100,100007,100,98851,100,100017,100,98829,100,100033,100,,
2019-06-28 09:38:10.000000000,99947,502,99942,321,99974,302,99817,302,99982,100,99454,100,99989,100,99211,100,99996,100,99115,100,99998,100,98936,100,100005,100,98924,100,100007,100,98851,100,100017,100,98829,100,100033,100,,
2019-06-28 09:38:20.000000000,99947,401,99942,220,99974,201,99817,201,99982,201,99454,201,99989,201,99211,201,99996,100,99115,100,99998,100,98936,100,100005,100,98924,100,100007,100,98851,100,100017,100,98829,100,100033,100,,
2019-06-28 09:38:24.708429493,99947,401,99942,220,99974,201,99817,201,99982,201,99454,201,99989,201,99211,201,99996,100,99115,100,99998,100,98936,100,100005,100,98924,100,100007,100,98851,100,100017,100,98829,100,100033,100,,
2019-06-28 09:38:30.000000000,99947,401,99942,220,99974,201,99817,201,99982,201,99454,201,99989,201,99211,201,99996,100,99115,100,99998,100,98936,100,100005,100,98924,100,100007,100,98851,100,100017,100,98829,100,100033,100,,
2019-06-28 09:38:40.000000000,99947,705,99942,524,99974,100,99817,100,99982,100,99454,100,99989,100,99211,100,99996,100,99115,100,99998,100,98936,100,100005,100,98924,100,100007,100,98851,100,100017,100,98829,100,100033,100,,
2019-06-28 09:38:50.000000000,99947,438,99942,257,99974,234,99817,234,99982,234,99454,234,99989,100,99211,100,99996,100,99115,100,99998,100,98936,100,100005,100,98924,100,100007,100,98851,100,100017,100,98829,100,100033,100,,
2019-06-28 09:38:52.610105381,99947,438,99942,257,99974,234,99817,234,99982,234,99454,234,99989,100,99211,100,99996,100,99115,100,99998,100,98936,100,100005,100,98924,100,100007,100,98851,100,100017,100,98829,100,100033,100,,
2019-06-28 09:38:56.088367907,99947,438,99942,357,99974,134,99817,234,99982,234,99454,234,99989,100,99211,100,99996,100,99115,100,99998,100,98936,100,100005,100,98924,100,100007,100,98851,100,100017,100,98829,100,100033,100,,
2019-06-28 09:39:00.000000000,99947,381,99942,300,99982,181,99817,181,99989,181,99454,181,99996,181,99211,181,99998,181,99115,181,100005,100,98936,100,100007,100,98924,100,100017,100,98851,100,100033,100,98829,100,100035,100,,
2019-06-28 09:39:01.159655086,99947,381,99942,300,99982,181,99817,181,99989,181,99454,181,99996,181,99211,181,99998,181,99115,181,100005,100,98936,100,100007,100,98924,100,100017,100,98851,100,100033,100,98829,100,100035,100,,
2019-06-28 09:39:10.000000000,99947,502,99942,421,99982,302,99817,302,99989,100,99454,100,99996,100,99211,100,99998,100,99115,100,100005,100,98936,100,100007,100,98924,100,100017,100,98851,100,100033,100,98829,100,100035,100,,
2019-06-28 09:39:20.000000000,99947,502,99942,421,99982,302,99817,302,99989,100,99454,100,99996,100,99211,100,99998,100,99115,100,100005,100,98936,100,100007,100,98924,100,100017,100,98851,100,100033,100,98829,100,100035,100,,
2019-06-28 09:39:20.370471159,99947,502,99942,421,99982,302,99817,302,99989,100,99454,100,99996,100,99211,100,99998,100,99115,100,100005,100,98936,100,100007,100,98924,100,100017,100,98851,100,100033,100,98829,100,100035,100,,
2019-06-28 09:39:30.000000000,99947,705,99942,624,99982,100,99817,100,99989,100,99454,100,99996,100,99211,100,99998,100,99115,100,100005,100,98936,100,100007,100,98924,100,100017,100,98851,100,100033,100,98829,100,100035,100,,
2019-06-28 09:39:35.525629319,99947,705,99942,624,99989,100,99817,100,99996,100,99454,100,99998,100,99211,100,100005,100,99115,100,100007,100,98936,100,100017,100,98924,100,100033,100,98851,100,100035,100,98829,100,100056,100,,
2019-06-28 09:39:40.000000000,99947,381,99942,300,99989,181,99817,181,99996,181,99454,181,99998,181,99211,181,100005,181,99115,181,100007,100,98936,100,100017,100,98924,100,100033,100,98851,100,100035,100,98829,100,100056,100,,
2019-06-28 09:39:50.000000000,99947,381,99942,300,99989,181,99817,181,99996,181,99454,181,99998,181,99211,181,100005,181,99115,181,100007,100,98936,100,100017,100,98924,100,100033,100,98851,100,100035,100,98829,100,100056,100,,
2019-06-28 09:39:50.913474155,99947,381,99942,200,99989,181,99817,181,99996,181,99454,181,99998,181,99211,181,100005,181,99115,181,100007,100,98936,100,100017,100,98924,100,100033,100,98851,100,100035,100,98829,100,100056,100,,
2019-06-28 09:40:00.000000000,99947,438,99942,257,99989,234,99817,234,99996,234,99454,234,99998,100,99211,100,100005,100,99115,100,100007,100,98936,100,100017,100,98924,100,100033,100,98851,100,100035,100,98829,100,100056,100,,
2019-06-28 09:40:10.000000000,99947,401,99942,220,99989,201,99817,201,99996,201,99454,201,99998,201,99211,201,100005,100,99115,100,100007,100,98936,100,100017,100,98924,100,100033,100,98851,100,100035,100,98829,100,100056,100,,
2019-06-28 09:40:20.000000000,99947,705,99942,524,99989,100,99817,100,99996,100,99454,100,99998,100,99211,100,100005,100,99115,100,100007,100,98936,100,100017,100,98924,100,100033,100,98851,100,100035,100,98829,100,100056,100,,
2019-06-28 09:40:30.000000000,99947,438,99942,257,99989,234,99817,234,99996,234,99454,234,99998,100,99211,100,100005,100,99115,100,100007,100,98936,100,100017,100,98924,100,100033,100,98851,100,100035,100,98829,100,100056,100,,
2019-06-28 09:40:31.124860511,99947,338,99942,357,99989,234,99817,234,99996,234,99454,234,99998,100,99211,100,100005,100,99115,100,100007,100,98936,100,100017,100,98924,100,100033,100,98851,100,100035,100,98829,100,100056,100,,
2019-06-28 09:40:40.000000000,99947,605,99942,624,99989,100,99817,100,99996,100,99454,100,99998,100,99211,100,100005,100,99115,100,100007,100,98936,100,100017,100,98924,100,100033,100,98851,100,100035,100,98829,100,100056,100,,
2019-06-28 09:40:45.966440368,99947,605,99942,724,99989,100,99817,100,99996,100,99454,100,99998,100,99211,100,100005,100,99115,100,100007,100,98936,100,100017,100,98924,100,100033,100,98851,100,100035,100,98829,100,100056,100,,
2019-06-28 09:40:48.390724387,99947,505,99942,724,99989,100,99817,100,99996,100,99454,100,99998,100,99211,100,100005,100,99115,100,100007,100,98936,100,100017,100,98924,100,100033,100,98851,100,100035,100,98829,100,100056,100,,
2019-06-28 09:40:50.000000000,99947,302,99942,521,99989,302,99817,302,99996,100,99454,100,99998,100,99211,100,100005,100,99115,100,100007,100,98936,100,100017,100,98924,100,100033,100,98851,100,100035,100,98829,100,100056,100,,
2019-06-28 09:40:51.595745353,99947,302,99942,521,99989,302,99817,302,99996,100,99454,100,99998,100,99211,100,100005,100,99115,100,100007,100,98936,100,100017,100,98924,100,100033,100,98851,100,100035,100,98829,100,100056,100,,
2019-06-28 09:41:00.000000000,99947,201,99942,420,99989,201,99817,201,99996,201,99454,201,99998,201,99211,201,100005,100,99115,100,100007,100,98936,100,100017,100,98924,100,100033,100,98851,100,100035,100,98829,100,100056,100,,
2019-06-28 09:41:10.000000000,99947,302,99942,521,99989,302,99817,302,99996,100,99454,100,99998,100,99211,100,100005,100,99115,100,100007,100,98936,100,100017,100,98924,100,100033,100,98851,100,100035,100,98829,100,100056,100,,
2019-06-28 09:41:20.000000000,99947,505,99942,724,99989,100,99817,100,99996,100,99454,100,99998,100,99211,100,100005,100,99115,100,100007,100,98936,100,100017,100,98924,100,100033,100,98851,100,100035,100,98829,100,100056,100,,
2019-06-28 09:41:30.000000000,99947,302,99942,521,99989,302,99817,302,99996,100,99454,100,99998,100,99211,100,100005,100,99115,100,100007,100,98936,100,100017,100,98924,100,100033,100,98851,100,100035,100,98829,100,100056,100,,
2019-06-28 09:41:30.820757578,99947,202,99942,521,99989,302,99817,302,99996,100,99454,100,99998,100,99211,100,100005,100,99115,100,100007,100,98936,100,100017,100,98924,100,100033,100,98851,100,100035,100,98829,100,100056,100,,
2019-06-28 09:41:40.000000000,99989,181,99942,400,99996,181,99817,181,99998,181,99454,181,100005,181,99211,181,100007,181,99115,181,100017,100,98936,100,100033,100,98924,100,100035,100,98851,100,100056,100,98829,100,100086,100,,
2019-06-28 09:41:40.281224433,99989,81,99942,400,99996,181,99817,181,99998,181,99454,181,100005,181,99211,181,100007,181,99115,181,100017,100,98936,100,100033,100,98924,100,100035,100,98851,100,100056,100,98829,100,100086,100,,
2019-06-28 09:41:48.693535821,99989,81,99942,400,99996,181,99817,181,99998,181,99454,181,100005,181,99211,181,100007,181,99115,181,100017,100,98936,100,100033,100,98924,100,100035,100,98851,100,100056,100,98829,100,100086,100,,
2019-06-28 09:41:50.000000000,99996,181,99942,400,99998,181,99817,181,100005,181,99454,181,100007,181,99211,181,100017,181,99115,181,100033,100,98936,100,100035,100,98924,100,100056,100,98851,100,100086,100,98829,100,100091,100,,
2019-06-28 09:42:00.000000000,99996,505,99942,724,99998,100,99817,100,100005,100,99454,100,100007,100,99211,100,100017,100,99115,100,100033,100,98936,100,100035,100,98924,100,100056,100,98851,100,100086,100,98829,100,100091,100,,
2019-06-28 09:42:10.000000000,99996,302,99942,521,99998,302,99817,302,100005,100,99454,100,100007,100,99211,100,100017,100,99115,100,100033,100,98936,100,100035,100,98924,100,100056,100,98851,100,100086,100,98829,100,100091,100,,
2019-06-28 09:42:20.000000000,99996,201,99942,420,99998,201,99817,201,100005,201,99454,201,100007,201,99211,201,100017,100,99115,100,100033,100,98936,100,100035,100,98924,100,100056,100,98851,100,100086,100,98829,100,100091,100,,
2019-06-28 09:42:30.000000000,99996,181,99942,400,99998,181,99817,181,100005,181,99454,181,100007,181,99211,181,100017,181,99115,181,100033,100,98936,100,100035,100,98924,100,100056,100,98851,100,100086,100,98829,100,100091,100,,
2019-06-28 09:42:33.165195497,99996,81,99942,400,99998,181,99817,181,100005,181,99454,181,100007,181,99211,181,100017,181,99115,181,100033,100,98936,100,100035,100,98924,100,100056,100,98851,100,100086,100,98829,100,100091,100,,
2019-06-28 09:42:40.000000000,99998,201,99942,420,100005,201,99817,201,100007,201,99454,201,100017,201,99211,201,100033,100,99115,100,100035,100,98936,100,100056,100,98924,100,100086,100,98851,100,100091,100,98829,100,100103,100,,
2019-06-28 09:42:50.000000000,99998,201,99942,420,100005,201,99817,201,100007,201,99454,201,100017,201,99211,201,100033,100,99115,100,100035,100,98936,100,100056,100,98924,100,100086,100,98851,100,100091,100,98829,100,100103,100,,
2019-06-28 09:43:00.000000000,99998,505,99942,724,100005,100,99817,100,100007,100,99454,100,100017,100,99211,100,100033,100,99115,100,100035,100,98936,100,100056,100,98924,100,100086,100,98851,100,100091,100,98829,100,100103,100,,
2019-06-28 09:43:09.925053723,99998,505,99942,724,100005,100,99817,100,100007,100,99454,100,100017,100,99211,100,100033,100,99115,100,100035,100,98936,100,100056,100,98924,100,100086,100,98851,100,100091,100,98829,100,100103,100,,
2019-06-28 09:43:10.000000000,99998,181,99942,400,100005,181,99817,181,100007,181,99454,181,100017,181,99211,181,100033,181,99115,181,100035,100,98936,100,100056,100,98924,100,100086,100,98851,100,100091,100,98829,100,100103,100,,
2019-06-28 09:43:17.931655968,99998,81,99942,400,100005,181,99817,181,100007,181,99454,181,100017,181,99211,181,100033,181,99115,181,100035,100,98936,100,100056,100,98924,100,100086,100,98851,100,100091,100,98829,100,100103,100,,
2019-06-28 09:43:20.000000000,100005,505,99942,724,100007,100,99817,100,100017,100,99454,100,100033,100,99211,100,100035,100,99115,100,100056,100,98936,100,100086,100,98924,100,100091,100,98851,100,100103,100,98829,100,100138,100,,
2019-06-28 09:43:30.000000000,100005,181,99942,400,100007,181,99817,181,100017,181,99454,181,100033,181,99211,181,100035,181,99115,181,100056,100,98936,100,100086,100,98924,100,100091,100,98851,100,100103,100,98829,100,100138,100,,
2019-06-28 09:43:30.892794593,100005,81,99942,400,100007,181,99817,181,100017,181,99454,181,100033,181,99211,181,100035,181,99115,181,100056,100,98936,100,100086,100,98924,100,100091,100,98851,100,100103,100,98829,100,100138,100,,
2019-06-28 09:43:40.000000000,100007,201,99942,420,100017,201,99817,201,100033,201,99454,201,100035,201,99211,201,100056,100,99115,100,100086,100,98936,100,100091,100,98924,100,100103,100,98851,100,100138,100,98829,100,100177,100,,
2019-06-28 09:43:47.702606108,100007,101,99942,401,100017,201,99817,201,100033,201,99454,201,100035,201,99211,201,100056,100,99115,100,100086,100,98936,100,100091,100,98924,100,100103,100,98851,100,100138,100,98829,100,100177,100,,
2019-06-28 09:43:49.490249111,100007,1,99942,401,100017,201,99817,201,100033,201,99454,201,100035,201,99211,201,100056,100,99115,100,100086,100,98936,100,100091,100,98924,100,100103,100,98851,100,100138,100,98829,100,100177,100,,
2019-06-28 09:43:50.000000000,100017,302,99942,502,100033,302,99817,302,100035,100,99454,100,100056,100,99211,100,100086,100,99115,100,100091,100,98936,100,100103,100,98924,100,100138,100,98851,100,100177,100,98829,100,100223,100,,
2019-06-28 09:43:53.599588065,100017,202,99942,502,100033,302,99817,302,100056,100,99454,100,100086,100,99211,100,100091,100,99115,100,100103,100,98936,100,100138,100,98924,100,100177,100,98851,100,100223,100,98829,100,100347,100,,
2019-06-28 09:43:58.414453053,100017,202,99942,502,100033,302,99817,302,100056,100,99454,100,100086,100,99211,100,100091,100,99115,100,100103,100,98936,100,100138,100,98924,100,100177,100,98851,100,100223,100,98829,100,100347,100,,
2019-06-28 09:44:00.000000000,100033,201,99942,401,100056,201,99817,201,100086,201,99454,201,100091,201,99211,201,100103,100,99115,100,100138,100,98936,100,100177,100,98924,100,100223,100,98851,100,100347,100,98829,100,100376,100,,
2019-06-28 09:44:02.299286634,100033,101,99942,401,100056,201,99817,201,100086,201,99454,201,100091,101,99211,201,100103,100,99115,100,100138,100,98936,100,100177,100,98924,100,100223,100,98851,100,100347,100,98829,100,100376,100,,
2019-06-28 09:44:10.000000000,100056,238,99942,438,100086,234,99817,234,100103,234,99454,234,100138,100,99211,100,100177,100,99115,100,100223,100,98936,100,100347,100,98924,100,100376,100,98851,100,100600,100,98829,100,101005,100,,
2019-06-28 09:44:20.000000000,100056,505,99942,705,100086,100,99817,100,100103,100,99454,100,100138,100,99211,100,100177,100,99115,100,100223,100,98936,100,100347,100,98924,100,100376,100,98851,100,100600,100,98829,100,101005,100,,
2019-06-28 09:44:30.000000000,100056,302,99942,502,100086,302,99817,302,100103,100,99454,100,100138,100,99211,100,100177,100,99115,100,100223,100,98936,100,100347,100,98924,100,100376,100,98851,100,100600,100,98829,100,101005,100,,
2019-06-28 09:44:40.000000000,100056,181,99942,381,100086,181,99817,181,100103,181,99454,181,100138,181,99211,181,100177,181,99115,181,100223,100,98936,100,100347,100,98924,100,100376,100,98851,100,100600,100,98829,100,101005,100,,
2019-06-28 09:44:50.000000000,100056,181,99942,381,100086,181,99817,181,100103,181,99454,181,100138,181,99211,181,100177,181,99115,181,100223,100,98936,100,100347,100,98924,100,100376,100,98851,100,100600,100,98829,100,101005,100,,
2019-06-28 09:44:50.942466793,100056,181,99942,281,100086,181,99817,181,100103,181,99454,181,100138,181,99211,181,100177,181,99115,181,100223,100,98936,100,100347,100,98924,100,100376,100,98851,100,100600,100,98829,100,101005,100,,
2019-06-28 09:45:00.000000000,100056,505,99942,605,100086,100,99817,100,100103,100,99454,100,100138,100,99211,100,100177,100,99115,100,100223,100,98936,100,100347,100,98924,100,100376,100,98851,100,100600,100,98829,100,101005,100,,
2019-06-28 09:45:10.000000000,100056,505,99942,605,100086,100,99817,100,100103,100,99454,100,100138,100,99211,100,100177,100,99115,100,100223,100,98936,100,100347,100,98924,100,100376,100,98851,100,100600,100,98829,100,101005,100,,
2019-06-28 09:45:13.999128361,100056,505,99943,100,100086,100,99942,505,100103,100,99817,100,100138,100,99454,100,100177,100,99211,100,100223,100,99115,100,100347,100,98936,100,100376,100,98924,100,100600,100,98851,100,101005,100,98829,100
2019-06-28 09:45:20.000000000,100056,505,99943,505,100086,100,99942,100,100103,100,99817,100,100138,100,99454,100,100177,100,99211,100,100223,100,99115,100,100347,100,98936,100,100376,100,98924,100,100600,100,98851,100,101005,100,98829,100
2019-06-28 09:45:20.709915765,100000,100,99943,505,100056,505,99942,100,100086,100,99817,100,100103,100,99454,100,100138,100,99211,100,100177,100,99115,100,100223,100,98936,100,100347,100,98924,100,100376,100,98851,100,100600,100,98829,100
2019-06-28 09:45:22.542797227,100000,100,99944,100,100056,505,99943,505,100086,100,99942,100,100103,100,99817,100,100138,100,99454,100,100177,100,99211,100,100223,100,99115,100,100347,100,98936,100,100376,100,98924,100,100600,100,98851,100
2019-06-28 09:45:29.840727471,100056,505,99944,100,100086,100,99943,505,100103,100,99942,100,100138,100,99817,100,100177,100,99454,100,100223,100,99211,100,100347,100,99115,100,100376,100,98936,100,100600,100,98924,100,101005,100,98851,100
2019-06-28 09:45:30.000000000,100056,201,99944,201,100086,201,99943,201,100103,201,99942,201,100138,201,99817,201,100177,100,99454,100,100223,100,99211,100,100347,100,99115,100,100376,100,98936,100,100600,100,98924,100,101005,100,98851,100
2019-06-28 09:45:40.000000000,100056,505,99944,505,100086,100,99943,100,100103,100,99942,100,100138,100,99817,100,100177,100,99454,100,100223,100,99211,100,100347,100,99115,100,100376,100,98936,100,100600,100,98924,100,101005,100,98851,100
2019-06-28 09:45:50.000000000,100056,505,99944,505,100086,100,99943,100,100103,100,99942,100,100138,100,99817,100,100177,100,99454,100,100223,100,99211,100,100347,100,99115,100,100376,100,98936,100,100600,100,98924,100,101005,100,98851,100
2019-06-28 09:46:00.000000000,100056,302,99944,302,100086,302,99943,302,100103,100,99942,100,100138,100,99817,100,100177,100,99454,100,100223,100,99211,100,100347,100,99115,100,100376,100,98936,100,100600,100,98924,100,101005,100,98851,100
2019-06-28 09:46:10.000000000,100056,505,99944,505,100086,100,99943,100,100103,100,99942,100,100138,100,99817,100,100177,100,99454,100,100223,100,99211,100,100347,100,99115,100,100376,100,98936,100,100600,100,98924,100,101005,100,98851,100
2019-06-28 09:46:13.714570063,100056,505,99944,505,100086,100,99943,100,100103,100,99817,100,100138,100,99454,100,100177,100,99211,100,100223,100,99115,100,100347,100,98936,100,100376,100,98924,100,100600,100,98851,100,101005,100,98829,100
2019-06-28 09:46:20.000000000,100056,181,99944,181,100086,181,99943,181,100103,181,99817,181,100138,181,99454,181,100177,181,99211,181,100223,100,99115,100,100347,100,98936,100,100376,100,98924,100,100600,100,98851,100,101005,100,98829,100
2019-06-28 09:46:30.000000000,100056,238,99944,238,100086,234,99943,234,100103,234,99817,234,100138,100,99454,100,100177,100,99211,100,100223,100,99115,100,100347,100,98936,100,100376,100,98924,100,100600,100,98851,100,101005,100,98829,100
2019-06-28 09:46:40.000000000,100056,505,99944,505,100086,100,99943,100,100103,100,99817,100,100138,100,99454,100,100177,100,99211,100,100223,100,99115,100,100347,100,98936,100,100376,100,98924,100,100600,100,98851,100,101005,100,98829,100
2019-06-28 09:46:50.000000000,100056,505,99944,505,100086,100,99943,100,100103,100,99817,100,100138,100,99454,100,100177,100,99211,100,100223,100,99115,100,100347,100,98936,100,100376,100,98924,100,100600,100,98851,100,101005,100,98829,100
2019-06-28 09:46:56.178117504,99963,100,99944,505,100056,505,99943,100,100086,100,99817,100,100103,100,99454,100,100138,100,99211,100,100177,100,99115,100,100223,100,98936,100,100347,100,98924,100,100376,100,98851,100,100600,100,98829,100
2019-06-28 09:47:00.000000000,99963,302,99944,302,100056,302,99943,302,100086,100,99817,100,100103,100,99454,100,100138,100,99211,100,100177,100,99115,100,100223,100,98936,100,100347,100,98924,100,100376,100,98851,100,100600,100,98829,100
2019-06-28 09:47:03.697346801,99963,202,99944,302,100056,302,99943,302,100086,100,99817,100,100103,100,99454,100,100138,100,99211,100,100177,100,99115,100,100347,100,98936,100,100376,100,98924,100,100600,100,98851,100,101005,100,98829,100
2019-06-28 09:47:10.000000000,100056,302,99944,302,100086,302,99943,302,100103,100,99817,100,100138,100,99454,100,100177,100,99211,100,100347,100,99115,100,100376,100,98936,100,100600,100,98924,100,101005,100,98851,100,,,98829,100
2019-06-28 09:47:12.679955541,100056,302,99944,302,100086,302,99943,302,100103,100,99454,100,100138,100,99211,100,100177,100,99115,100,100347,100,98936,100,100376,100,98924,100,100600,100,98851,100,101005,100,98829,100,,,,
2019-06-28 09:47:17.239005097,100056,302,99944,302,100086,302,99943,302,100103,100,99814,100,100138,100,99454,100,100177,100,99211,100,100347,100,99115,100,100376,100,98936,100,100600,100,98924,100,101005,100,98851,100,,,98829,100
2019-06-28 09:47:17.668989796,100000,100,99944,302,100056,302,99943,302,100086,302,99814,100,100103,100,99454,100,100138,100,99211,100,100177,100,99115,100,100347,100,98936,100,100376,100,98924,100,100600,100,98851,100,101005,100,98829,100
2019-06-28 09:47:20.000000000,100000,201,99944,201,100056,201,99943,201,100086,201,99814,201,100103,201,99454,201,100138,100,99211,100,100177,100,99115,100,100347,100,98936,100,100376,100,98924,100,100600,100,98851,100,101005,100,98829,100
2019-06-28 09:47:30.000000000,100000,505,99944,505,100056,100,99943,100,100086,100,99814,100,100103,100,99454,100,100138,100,99211,100,100177,100,99115,100,100347,100,98936,100,100376,100,98924,100,100600,100,98851,100,101005,100,98829,100
2019-06-28 09:47:31.430175545,100000,505,99944,505,100032,100,99943,100,100056,100,99814,100,100086,100,99454,100,100103,100,99211,100,100138,100,99115,100,100347,100,98936,100,100376,100,98924,100,100600,100,98851,100,101005,100,98829,100
2019-06-28 09:47:40.000000000,100000,181,99944,181,100032,181,99943,181,100056,181,99814,181,100086,181,99454,181,100103,181,99211,181,100138,100,99115,100,100347,100,98936,100,100376,100,98924,100,100600,100,98851,100,101005,100,98829,100
2019-06-28 09:47:50.000000000,100000,201,99944,201,100032,201,99943,201,100056,201,99814,201,100086,201,99454,201,100103,100,99211,100,100138,100,99115,100,100347,100,98936,100,100376,100,98924,100,100600,100,98851,100,101005,100,98829,100
2019-06-28 09:47:53.018154739,100000,201,99944,101,100032,201,99943,201,100056,201,99814,201,100086,201,99454,201,100103,100,99211,100,100138,100,99115,100,100347,100,98936,100,100376,100,98924,100,100600,100,98851,100,101005,100,98829,100
2019-06-28 09:48:00.000000000,100000,181,99943,181,100032,181,99814,181,100056,181,99454,181,100086,181,99211,181,100103,181,99115,181,100138,100,98936,100,100347,100,98924,100,100376,100,98851,100,100600,100,98829,100,101005,100,,
2019-06-28 09:48:03.166204688,100000,181,99943,81,100032,181,99814,181,100056,181,99454,181,100086,181,99211,181,100103,181,99115,181,100138,100,98936,100,100347,100,98924,100,100376,100,98851,100,100600,100,98829,100,101005,100,,
2019-06-28 09:48:10.000000000,100000,238,99814,238,100032,234,99454,234,100056,234,99211,234,100086,100,99115,100,100103,100,98936,100,100138,100,98924,100,100347,100,98851,100,100376,100,98829,100,100600,100,,,101005,100,,
2019-06-28 09:48:20.000000000,100000,201,99814,201,100032,201,99454,201,100056,201,99211,201,100086,201,99115,201,100103,100,98936,100,100138,100,98924,100,100347,100,98851,100,100376,100,98829,100,100600,100,,,101005,100,,
2019-06-28 09:48:30.000000000,100000,238,99814,238,100032,234,99454,234,100056,234,99211,234,100086,100,99115,100,100103,100,98936,100,100138,100,98924,100,100347,100,98851,100,100376,100,98829,100,100600,100,,,101005,100,,
2019-06-28 09:48:31.456737394,100000,238,99814,138,100032,234,99454,234,100056,234,99211,234,100086,100,99115,100,100103,100,98936,100,100138,100,98924,100,100347,100,98851,100,100376,100,98829,100,101005,100,,,,,,
2019-06-28 09:48:32.870585554,100000,238,99814,38,100032,234,99454,234,100056,234,99211,234,100086,100,99115,100,100103,100,98936,100,100138,100,98924,100,100347,100,98851,100,100376,100,98829,100,101005,100,,,,,,
2019-06-28 09:48:40.000000000,100000,181,99454,181,100032,181,99211,181,100056,181,99115,181,100086,181,98936,181,100103,181,98924,181,100138,100,98851,100,100347,100,98829,100,100376,100,,,101005,100,,,,,,
2019-06-28 09:48:50.000000000,100000,201,99454,201,100032,201,99211,201,100056,201,99115,201,100086,201,98936,201,100103,100,98924,100,100138,100,98851,100,100347,100,98829,100,100376,100,,,101005,100,,,,,,
2019-06-28 09:48:54.584972260,100000,201,99723,100,100032,201,99454,201,100056,201,99211,201,100086,201,99115,201,100103,100,98936,201,100138,100,98924,100,100347,100,98851,100,100376,100,98829,100,101005,100,,,,,,
2019-06-28 09:48:58.899712645,100000,201,99723,100,100032,201,99454,201,100056,201,99211,201,100086,201,99115,201,100103,100,98936,201,100119,100,98924,100,100138,100,98851,100,100347,100,98829,100,100376,100,,,101005,100,,
2019-06-28 09:49:00.000000000,100000,505,99723,505,100032,100,99454,100,100056,100,99211,100,100086,100,99115,100,100103,100,98936,100,100119,100,98924,100,100138,100,98851,100,100347,100,98829,100,100376,100,,,101005,100,,
2019-06-28 09:49:10.000000000,100000,201,99723,201,100032,201,99454,201,100056,201,99211,201,100086,201,99115,201,100103,100,98936,100,100119,100,98924,100,100138,100,98851,100,100347,100,98829,100,100376,100,,,101005,100,,
2019-06-28 09:49:20.000000000,100000,201,99723,201,100032,201,99454,201,100056,201,99211,201,100086,201,99115,201,100103,100,98936,100,100119,100,98924,100,100138,100,98851,100,100347,100,98829,100,100376,100,,,101005,100,,
2019-06-28 09:49:25.693874776,100000,201,99723,101,100032,201,99454,201,100056,201,99211,201,100086,201,99115,201,100103,100,98936,100,100119,100,98924,100,100138,100,98851,100,100187,100,98829,100,100347,100,,,100376,100,,
2019-06-28 09:49:30.000000000,100000,302,99454,302,100032,302,99211,302,100056,100,99115,100,100086,100,98936,100,100103,100,98924,100,100119,100,98851,100,100138,100,98829,100,100187,100,,,100347,100,,,100376,100,,
2019-06-28 09:49:40.000000000,100000,181,99454,181,100032,181,99211,181,100056,181,99115,181,100086,181,98936,181,100103,181,98924,181,100119,100,98851,100,100138,100,98829,100,100187,100,,,100347,100,,,100376,100,,
2019-06-28 09:49:50.000000000,100000,302,99454,302,100032,302,99211,302,100056,100,99115,100,100086,100,98936,100,100103,100,98924,100,100119,100,98851,100,100138,100,98829,100,100187,100,,,100347,100,,,100376,100,,
2019-06-28 09:50:00.000000000,100000,505,99454,505,100032,100,99211,100,100056,100,99115,100,100086,100,98936,100,100103,100,98924,100,100119,100,98851,100,100138,100,98829,100,100187,100,,,100347,100,,,100376,100,,
2019-06-28 09:50:01.850655463,99989,100,99454,505,100000,505,99211,100,100032,100,99115,100,100056,100,98936,100,100086,100,98924,100,100103,100,98851,100,100119,100,,,100138,100,,,100187,100,,,100347,100,,
2019-06-28 09:50:06.177302626,99989,100,99866,100,100000,505,99454,505,100032,100,99211,100,100056,100,99115,100,100086,100,98936,100,100103,100,98924,100,100119,100,98851,100,100138,100,,,100187,100,,,100347,100,,
2019-06-28 09:50:10.000000000,99989,181,99866,181,100000,181,99454,181,100032,181,99211,181,100056,181,99115,181,100086,181,98936,181,100103,100,98924,100,100119,100,98851,100,100138,100,,,100187,100,,,100347,100,,
2019-06-28 09:50:13.155867672,99910,100,99866,181,99989,181,99454,181,100000,181,99211,181,100032,181,99115,181,100056,181,98936,181,100086,181,98924,100,100103,100,98851,100,100119,100,,,100138,100,,,100187,100,,
2019-06-28 09:50:20.000000000,99910,181,99866,181,99989,181,99454,181,100000,181,99211,181,100032,181,99115,181,100056,181,98936,181,100086,100,98924,100,100103,100,98851,100,100119,100,,,100138,100,,,100187,100,,
2019-06-28 09:50:24.160712564,99910,181,99866,181,99989,181,99454,181,100000,181,99211,181,100032,181,99115,181,100056,181,98936,181,100086,100,98924,100,100103,100,98851,100,100119,100,,,100138,100,,,100187,100,,
2019-06-28 09:50:30.000000000,99910,201,99866,201,99989,201,99454,201,100000,201,99211,201,100032,201,99115,201,100056,100,98936,100,100086,100,98924,100,100103,100,98851,100,100119,100,,,100138,100,,,100187,100,,
2019-06-28 09:50:40.000000000,99910,238,99866,238,99989,234,99454,234,100000,234,99211,234,100032,100,99115,100,100056,100,98936,100,100086,100,98924,100,100103,100,98851,100,100119,100,,,100138,100,,,100187,100,,
2019-06-28 09:50:49.860355396,99910,238,99866,238,99989,234,99815,100,100000,234,99454,234,100032,100,99211,234,100056,100,99115,100,100086,100,98936,100,100103,100,98924,100,100119,100,98851,100,100138,100,,,100187,100,,
2019-06-28 09:50:50.000000000,99910,505,99866,505,99989,100,99815,100,100000,100,99454,100,100032,100,99211,100,100056,100,99115,100,100086,100,98936,100,100103,100,98924,100,100119,100,98851,100,100138,100,,,100187,100,,
2019-06-28 09:51:00.000000000,99910,201,99866,201,99989,201,99815,201,100000,201,99454,201,100032,201,99211,201,100056,100,99115,100,100086,100,98936,100,100103,100,98924,100,100119,100,98851,100,100138,100,,,100187,100,,
2019-06-28 09:51:02.117464547,99910,101,99866,201,99989,201,99815,201,100000,201,99454,201,100032,201,99211,201,100056,100,99115,100,100086,100,98936,100,100103,100,98924,100,100119,100,98851,100,100138,100,,,100195,100,,
2019-06-28 09:51:10.000000000,99989,505,99866,505,100000,100,99815,100,100032,100,99454,100,100056,100,99211,100,100086,100,99115,100,100103,100,98936,100,100119,100,98924,100,100138,100,98851,100,100195,100,,,100347,100,,
2019-06-28 09:51:20.000000000,99989,181,99866,181,100000,181,99815,181,100032,181,99454,181,100056,181,99211,181,100086,181,99115,181,100103,100,98936,100,100119,100,98924,100,100138,100,98851,100,100195,100,,,100347,100,,
2019-06-28 09:51:30.000000000,99989,181,99866,181,100000,181,99815,181,100032,181,99454,181,100056,181,99211,181,100086,181,99115,181,100103,100,98936,100,100119,100,98924,100,100138,100,98851,100,100195,100,,,100347,100,,
2019-06-28 09:51:40.000000000,99989,505,99866,505,100000,100,99815,100,100032,100,99454,100,100056,100,99211,100,100086,100,99115,100,100103,100,98936,100,100119,100,98924,100,100138,100,98851,100,100195,100,,,100347,100,,
2019-06-28 09:51:50.000000000,99989,505,99866,505,100000,100,99815,100,100032,100,99454,100,100056,100,99211,100,100086,100,99115,100,100103,100,98936,100,100119,100,98924,100,100138,100,98851,100,100195,100,,,100347,100,,
2019-06-28 09:52:00.000000000,99989,181,99866,181,100000,181,99815,181,100032,181,99454,181,100056,181,99211,181,100086,181,99115,181,100103,100,98936,100,100119,100,98924,100,100138,100,98851,100,100195,100,,,100347,100,,
2019-06-28 09:52:10.000000000,99989,201,99866,201,100000,201,99815,201,100032,201,99454,201,100056,201,99211,201,100086,100,99115,100,100103,100,98936,100,100119,100,98924,100,100138,100,98851,100,100195,100,,,100347,100,,
2019-06-28 09:52:20.000000000,99989,181,99866,181,100000,181,99815,181,100032,181,99454,181,100056,181,99211,181,100086,181,99115,181,100103,100,98936,100,100119,100,98924,100,100138,100,98851,100,100195,100,,,100347,100,,
2019-06-28 09:52:30.000000000,99989,238,99866,238,100000,234,99815,234,100032,234,99454,234,100056,100,99211,100,100086,100,99115,100,100103,100,98936,100,100119,100,98924,100,100138,100,98851,100,100195,100,,,100347,100,,
2019-06-28 09:52:40.000000000,99989,201,99866,201,100000,201,99815,201,100032,201,99454,201,100056,201,99211,201,100086,100,99115,100,100103,100,98936,100,100119,100,98924,100,100138,100,98851,100,100195,100,,,100347,100,,
2019-06-28 09:52:50.000000000,99989,505,99866,505,100000,100,99815,100,100032,100,99454,100,100056,100,99211,100,100086,100,99115,100,100103,100,98936,100,100119,100,98924,100,100138,100,98851,100,100195,100,,,100347,100,,
2019-06-28 09:53:00.000000000,99989,238,99866,238,100000,234,99815,234,100032,234,99454,234,100056,100,99211,100,100086,100,99115,100,100103,100,98936,100,100119,100,98924,100,100138,100,98851,100,100195,100,,,100347,100,,
2019-06-28 09:53:02.692739444,99989,238,99866,238,100000,234,99815,234,100032,234,99454,234,100056,100,99211,100,100086,100,99115,100,100119,100,98936,100,100138,100,98924,100,100195,100,98851,100,100249,100,,,100347,100,,
2019-06-28 09:53:03.239759398,99941,100,99866,238,99989,238,99815,234,100000,234,99454,234,100032,234,99211,100,100056,100,99115,100,100086,100,98936,100,100119,100,98924,100,100138,100,98851,100,100195,100,,,100249,100,,
2019-06-28 09:53:03.522036845,99941,100,99867,100,99989,238,99866,238,100000,234,99815,234,100032,234,99454,234,100056,100,99211,100,100086,100,99115,100,100119,100,98936,100,100138,100,98924,100,100195,100,98851,100,100249,100,,
2019-06-28 09:53:10.000000000,99941,302,99867,302,99989,302,99866,302,100000,100,99815,100,100032,100,99454,100,100056,100,99211,100,100086,100,99115,100,100119,100,98936,100,100138,100,98924,100,100195,100,98851,100,100249,100,,
2019-06-28 09:53:11.410528612,99941,302,99867,402,99989,302,99866,302,100000,100,99815,100,100032,100,99454,100,100056,100,99211,100,100086,100,99115,100,100119,100,98936,100,100138,100,98924,100,100195,100,98851,100,100249,100,,
2019-06-28 09:53:11.730568122,99941,302,99867,502,99989,302,99866,302,100032,100,99815,100,100056,100,99454,100,100086,100,99211,100,100119,100,99115,100,100138,100,98936,100,100195,100,98924,100,100249,100,98851,100,100347,100,,
2019-06-28 09:53:11.813498653,99941,302,99867,502,99989,302,99866,302,100032,100,99815,100,100056,100,99454,100,100086,100,99211,100,100119,100,99115,100,100138,100,98936,100,100195,100,98851,100,100247,100,,,100249,100,,
2019-06-28 09:53:20.000000000,99941,302,99867,502,99989,302,99866,302,100032,100,99815,100,100056,100,99454,100,100086,100,99211,100,100119,100,99115,100,100138,100,98936,100,100195,100,98851,100,100247,100,,,100249,100,,
2019-06-28 09:53:30.000000000,99941,201,99867,401,99989,201,99866,201,100032,201,99815,201,100056,201,99454,201,100086,100,99211,100,100119,100,99115,100,100138,100,98936,100,100195,100,98851,100,100247,100,,,100249,100,,
2019-06-28 09:53:35.304256361,99941,201,99867,401,99989,201,99866,201,100032,201,99815,201,100056,201,99729,100,100086,100,99454,201,100119,100,99211,100,100138,100,99115,100,100195,100,98936,100,100247,100,98851,100,100249,100,,
2019-06-28 09:53:35.996097883,99941,201,99867,401,99989,201,99866,201,100032,201,99815,201,100056,201,99778,100,100086,100,99729,100,100119,100,99454,201,100138,100,99211,100,100195,100,99115,100,100247,100,98936,100,100249,100,98851,100
2019-06-28 09:53:40.000000000,99941,302,99867,502,99989,302,99866,302,100032,100,99815,100,100056,100,99778,100,100086,100,99729,100,100119,100,99454,100,100138,100,99211,100,100195,100,99115,100,100247,100,98936,100,100249,100,98851,100
2019-06-28 09:53:49.100721941,99941,302,99867,402,99989,302,99866,302,100032,100,99815,100,100056,100,99778,100,100086,100,99729,100,100119,100,99454,100,100138,100,99211,100,100195,100,99115,100,100247,100,98936,100,100249,100,98851,100
2019-06-28 09:53:50.000000000,99941,181,99867,281,99989,181,99866,181,100032,181,99815,181,100056,181,99778,181,100086,181,99729,181,100119,100,99454,100,100138,100,99211,100,100195,100,99115,100,100247,100,98936,100,100249,100,98851,100
2019-06-28 09:53:58.937916425,99941,181,99867,181,99989,181,99866,181,100032,181,99815,181,100056,181,99778,181,100086,181,99729,181,100119,100,99454,100,100138,100,99211,100,100195,100,99115,100,100247,100,98936,100,100249,100,98851,100
2019-06-28 09:54:00.000000000,99941,238,99867,238,99989,234,99866,234,100032,234,99815,234,100056,100,99778,100,100086,100,99729,100,100119,100,99454,100,100138,100,99211,100,100195,100,99115,100,100247,100,98936,100,100249,100,98851,100
2019-06-28 09:54:00.791676026,99941,238,99867,138,99989,234,99866,234,100032,234,99815,234,100056,100,99778,100,100086,100,99729,100,100119,100,99454,100,100138,100,99211,100,100195,100,99115,100,100247,100,98936,100,100249,100,98851,100
2019-06-28 09:54:08.074338657,99941,238,99867,38,99989,234,99866,234,100032,234,99815,234,100056,100,99778,100,100086,100,99729,100,100119,100,99454,100,100138,100,99211,100,100195,100,99115,100,100247,100,98936,100,100249,100,98851,100
2019-06-28 09:54:10.000000000,99941,201,99866,201,99989,201,99815,201,100032,201,99778,201,100056,201,99729,201,100086,100,99454,100,100119,100,99211,100,100138,100,99115,100,100195,100,98936,100,100247,100,98851,100,100249,100,,
2019-06-28 09:54:12.460530171,99941,201,99866,101,99989,201,99815,201,100032,201,99778,201,100056,201,99729,201,100086,100,99454,100,100119,100,99211,100,100138,100,99115,100,100195,100,98936,100,100247,100,98851,100,100249,100,,
2019-06-28 09:54:18.834254066,99941,201,99866,1,99989,201,99815,201,100032,201,99778,201,100056,201,99729,201,100119,100,99454,100,100138,100,99211,100,100195,100,99115,100,100247,100,98936,100,100249,100,98851,100,100347,100,,
2019-06-28 09:54:20.000000000,99941,181,99815,181,99989,181,99778,181,100032,181,99729,181,100056,181,99454,181,100119,181,99211,181,100138,100,99115,100,100195,100,98936,100,100247,100,98851,100,100249,100,,,100347,100,,
2019-06-28 09:54:30.000000000,99941,201,99815,201,99989,201,99778,201,100032,201,99729,201,100056,201,99454,201,100119,100,99211,100,100138,100,99115,100,100195,100,98936,100,100247,100,98851,100,100249,100,,,100347,100,,
2019-06-28 09:54:31.289297139,99941,201,99815,101,99989,201,99778,201,100032,201,99729,201,100056,201,99454,201,100119,100,99211,100,100138,100,99115,100,100195,100,98936,100,100247,100,98851,100,100249,100,,,100347,100,,
2019-06-28 09:54:40.000000000,99941,238,99778,238,99989,234,99729,234,100032,234,99454,234,100056,100,99211,100,100119,100,99115,100,100138,100,98936,100,100195,100,98851,100,100247,100,,,100249,100,,,100347,100,,
2019-06-28 09:54:50.000000000,99941,238,99778,238,99989,234,99729,234,100032,234,99454,234,100056,100,99211,100,100119,100,99115,100,100138,100,98936,100,100195,100,98851,100,100247,100,,,100249,100,,,100347,100,,
2019-06-28 09:54:52.521951413,99941,238,99816,100,99989,234,99778,238,100032,234,99729,234,100056,100,99454,234,100119,100,99211,100,100138,100,99115,100,100195,100,98936,100,100247,100,98851,100,100249,100,,,100347,100,,
2019-06-28 09:55:00.000000000,99941,201,99816,201,99989,201,99778,201,100032,201,99729,201,100056,201,99454,201,100119,100,99211,100,100138,100,99115,100,100195,100,98936,100,100247,100,98851,100,100249,100,,,100347,100,,
2019-06-28 09:55:09.885985855,99941,201,99816,301,99989,201,99778,201,100032,201,99729,201,100056,201,99454,201,100119,100,99211,100,100138,100,99115,100,100195,100,98936,100,100247,100,98851,100,100249,100,,,100347,100,,
2019-06-28 09:55:10.000000000,99941,238,99816,338,99989,234,99778,234,100032,234,99729,234,100056,100,99454,100,100119,100,99211,100,100138,100,99115,100,100195,100,98936,100,100247,100,98851,100,100249,100,,,100347,100,,
2019-06-28 09:55:14.108252968,99917,100,99816,338,99941,238,99778,234,99989,234,99729,234,100032,234,99454,100,100056,100,99211,100,100119,100,99115,100,100138,100,98936,100,100195,100,98851,100,100247,100,,,100249,100,,
2019-06-28 09:55:20.000000000,99917,238,99816,338,99941,234,99778,234,99989,234,99729,234,100032,100,99454,100,100056,100,99211,100,100119,100,99115,100,100138,100,98936,100,100195,100,98851,100,100247,100,,,100249,100,,
2019-06-28 09:55:30.000000000,99917,181,99816,281,99941,181,99778,181,99989,181,99729,181,100032,181,99454,181,100056,181,99211,181,100119,100,99115,100,100138,100,98936,100,100195,100,98851,100,100247,100,,,100249,100,,
2019-06-28 09:55:33.803514885,99917,181,99816,281,99941,181,99778,181,99989,181,99729,181,100032,181,99454,181,100056,181,99211,181,100066,100,99115,100,100119,100,98936,100,100138,100,98851,100,100195,100,,,100247,100,,
2019-06-28 09:55:39.672019863,99917,181,99816,381,99941,181,99778,181,99989,181,99729,181,100032,181,99454,181,100056,181,99211,181,100066,100,99115,100,100119,100,98936,100,100138,100,98851,100,100195,100,,,100247,100,,
2019-06-28 09:55:40.000000000,99917,201,99816,401,99941,201,99778,201,99989,201,99729,201,100032,201,99454,201,100056,100,99211,100,100066,100,99115,100,100119,100,98936,100,100138,100,98851,100,100195,100,,,100247,100,,
2019-06-28 09:55:50.000000000,99917,505,99816,705,99941,100,99778,100,99989,100,99729,100,100032,100,99454,100,100056,100,99211,100,100066,100,99115,100,100119,100,98936,100,100138,100,98851,100,100195,100,,,100247,100,,
2019-06-28 09:55:58.548708031,99917,405,99816,705,99941,100,99778,100,99989,100,99729,100,100032,100,99454,100,100056,100,99211,100,100066,100,99115,100,100138,100,98936,100,100195,100,98851,100,100247,100,,,100249,100,,
2019-06-28 09:56:00.000000000,99941,181,99816,381,99989,181,99778,181,100032,181,99729,181,100056,181,99454,181,100066,181,99211,181,100138,100,99115,100,100195,100,98936,100,100247,100,98851,100,100249,100,,,100347,100,,
2019-06-28 09:56:10.000000000,99941,302,99816,502,99989,302,99778,302,100032,100,99729,100,100056,100,99454,100,100066,100,99211,100,100138,100,99115,100,100195,100,98936,100,100247,100,98851,100,100249,100,,,100347,100,,
2019-06-28 09:56:12.348484300,99941,302,99816,502,99963,100,99778,302,99989,202,99729,100,100032,100,99454,100,100056,100,99211,100,100066,100,99115,100,100138,100,98936,100,100195,100,98851,100,100247,100,,,100249,100,,
2019-06-28 09:56:20.000000000,99941,505,99816,705,99963,100,99778,100,100032,100,99729,100,100056,100,99454,100,100066,100,99211,100,100138,100,99115,100,100195,100,98936,100,100247,100,98851,100,100249,100,,,100347,100,,
2019-06-28 09:56:30.000000000,99941,505,99816,705,99963,100,99778,100,100032,100,99729,100,100056,100,99454,100,100066,100,99211,100,100138,100,99115,100,100195,100,98936,100,100247,100,98851,100,100249,100,,,100347,100,,
2019-06-28 09:56:31.489387405,99941,505,99816,705,99963,100,99778,100,100030,100,99729,100,100032,100,99454,100,100056,100,99211,100,100066,100,99115,100,100138,100,98936,100,100195,100,98851,100,100247,100,,,100347,100,,
2019-06-28 09:56:38.206328605,99898,100,99816,705,99941,505,99778,100,99963,100,99729,100,100030,100,99454,100,100032,100,99211,100,100056,100,99115,100,100066,100,98936,100,100138,100,98851,100,100195,100,,,100247,100,,
2019-06-28 09:56:40.000000000,99898,505,99816,705,99941,100,99778,100,99963,100,99729,100,100030,100,99454,100,100032,100,99211,100,100056,100,99115,100,100066,100,98936,100,100138,100,98851,100,100195,100,,,100247,100,,
2019-06-28 09:56:50.000000000,99898,302,99816,502,99941,302,99778,302,99963,100,99729,100,100030,100,99454,100,100032,100,99211,100,100056,100,99115,100,100066,100,98936,100,100138,100,98851,100,100195,100,,,100247,100,,
2019-06-28 09:56:55.269813628,99898,302,99858,100,99941,302,99816,502,99963,100,99778,302,100030,100,99729,100,100032,100,99454,100,100056,100,99211,100,100066,100,99115,100,100138,100,98936,100,100195,100,98851,100,100247,100,,
2019-06-28 09:56:58.868372619,99898,302,99858,100,99941,302,99816,502,99963,100,99778,302,100030,100,99729,100,100032,100,99454,100,100056,100,99211,100,100128,100,99115,100,100138,100,98936,100,100195,100,98851,100,100247,100,,
2019-06-28 09:57:00.000000000,99898,505,99858,505,99941,100,99816,300,99963,100,99778,100,100030,100,99729,100,100032,100,99454,100,100056,100,99211,100,100128,100,99115,100,100138,100,98936,100,100195,100,98851,100,100247,100,,
2019-06-28 09:57:08.909339243,99898,505,99858,505,99916,100,99816,300,99941,100,99778,100,99963,100,99729,100,100030,100,99454,100,100032,100,99211,100,100056,100,99115,100,100128,100,98936,100,100138,100,98851,100,100195,100,,
2019-06-28 09:57:10.000000000,99898,302,99858,302,99916,302,99816,502,99941,100,99778,100,99963,100,99729,100,100030,100,99454,100,100032,100,99211,100,100056,100,99115,100,100128,100,98936,100,100138,100,98851,100,100195,100,,
2019-06-28 09:57:11.294783726,99898,302,99858,302,99916,302,99816,502,99941,100,99778,100,99963,100,99729,100,100030,100,99454,100,100032,100,99211,100,100056,100,99115,100,100128,100,98936,100,100129,100,98851,100,100138,100,,
2019-06-28 09:57:20.000000000,99898,302,99858,302,99916,302,99816,502,99941,100,99778,100,99963,100,99729,100,100030,100,99454,100,100032,100,99211,100,100056,100,99115,100,100128,100,98936,100,100129,100,98851,100,100138,100,,
2019-06-28 09:57:24.275604407,99898,302,99858,302,99916,302,99816,502,99941,100,99778,100,99963,100,99729,100,99999,100,99454,100,100030,100,99211,100,100056,100,99115,100,100128,100,98936,100,100129,100,98851,100,100138,100,,
2019-06-28 09:57:26.554011404,99898,202,99858,302,99916,302,99816,502,99941,100,99778,100,99963,100,99729,100,99999,100,99454,100,100030,100,99211,100,100056,100,99115,100,100128,100,98851,100,100129,100,,,100138,100,,
2019-06-28 09:57:27.596131055,99898,202,99858,302,99916,302,99853,100,99941,100,99816,502,99963,100,99778,100,99999,100,99729,100,100030,100,99454,100,100056,100,99211,100,100128,100,99115,100,100129,100,98851,100,100138,100,,
2019-06-28 09:57:30.000000000,99916,302,99858,302,99941,302,99853,302,99963,100,99816,300,99999,100,99778,100,100030,100,99729,100,100056,100,99454,100,100128,100,99211,100,100129,100,99115,100,100138,100,98851,100,100195,100,,
2019-06-28 09:57:33.861145786,99897,100,99858,302,99916,302,99853,302,99941,302,99816,200,99963,100,99778,100,99999,100,99729,100,100030,100,99454,100,100056,100,99211,100,100128,100,99115,100,100129,100,98851,100,100138,100,,
2019-06-28 09:57:40.000000000,99897,505,99858,505,99916,100,99853,100,99941,100,99816,200,99963,100,99778,100,99999,100,99729,100,100030,100,99454,100,100056,100,99211,100,100128,100,99115,100,100129,100,98851,100,100138,100,,
2019-06-28 09:57:50.000000000,99897,201,99858,201,99916,201,99853,201,99941,201,99816,301,99963,201,99778,201,99999,100,99729,100,100030,100,99454,100,100056,100,99211,100,100128,100,99115,100,100129,100,98851,100,100138,100,,
2019-06-28 09:58:00.000000000,99897,302,99858,302,99916,302,99853,302,99941,100,99816,200,99963,100,99778,100,99999,100,99729,100,100030,100,99454,100,100056,100,99211,100,100128,100,99115,100,100129,100,98851,100,100138,100,,
2019-06-28 09:58:02.288675143,99897,302,99858,302,99916,302,99853,302,99941,100,99816,200,99963,100,99778,100,99999,100,99729,100,100030,100,99454,100,100056,100,99416,100,100128,100,99211,100,100129,100,99115,100,100138,100,98851,100
2019-06-28 09:58:10.000000000,99897,201,99858,201,99916,201,99853,201,99941,201,99816,301,99963,201,99778,201,99999,100,99729,100,100030,100,99454,100,100056,100,99416,100,100128,100,99211,100,100129,100,99115,100,100138,100,98851,100
2019-06-28 09:58:12.897392560,99897,301,99858,201,99916,201,99853,201,99941,201,99816,301,99963,201,99778,201,99999,100,99729,100,100030,100,99454,100,100056,100,99416,100,100128,100,99211,100,100129,100,99115,100,100138,100,98851,100
2019-06-28 09:58:20.000000000,99897,338,99858,238,99916,234,99853,234,99941,234,99816,334,99963,100,99778,100,99999,100,99729,100,100030,100,99454,100,100056,100,99416,100,100128,100,99211,100,100129,100,99115,100,100138,100,98851,100
2019-06-28 09:58:20.881708066,99897,338,99858,138,99916,234,99853,234,99941,234,99816,334,99963,100,99778,100,99999,100,99729,100,100030,100,99454,100,100056,100,99416,100,100128,100,99211,100,100129,100,99115,100,100195,100,98851,100
2019-06-28 09:58:30.000000000,99897,402,99853,302,99916,302,99816,402,99941,100,99778,100,99963,100,99729,100,99999,100,99454,100,100030,100,99416,100,100056,100,99211,100,100128,100,99115,100,100129,100,98851,100,100195,100,,
2019-06-28 09:58:32.171876591,99896,100,99853,302,99897,402,99816,402,99916,302,99778,100,99941,100,99729,100,99963,100,99454,100,99999,100,99416,100,100030,100,99211,100,100056,100,99115,100,100128,100,98851,100,100129,100,,
2019-06-28 09:58:40.000000000,99896,505,99853,505,99897,200,99816,200,99916,100,99778,100,99941,100,99729,100,99963,100,99454,100,99999,100,99416,100,100030,100,99211,100,100056,100,99115,100,100128,100,98851,100,100129,100,,
2019-06-28 09:58:50.000000000,99896,505,99853,505,99897,200,99816,200,99916,100,99778,100,99941,100,99729,100,99963,100,99454,100,99999,100,99416,100,100030,100,99211,100,100056,100,99115,100,100128,100,98851,100,100129,100,,
2019-06-28 09:58:55.748610715,99896,505,99853,405,99897,200,99816,200,99916,100,99778,100,99941,100,99729,100,99963,100,99454,100,99999,100,99416,100,100030,100,99211,100,100056,100,99115,100,100128,100,98851,100,100129,100,,
2019-06-28 09:59:00.000000000,99896,201,99816,301,99897,301,99778,201,99916,201,99729,201,99941,201,99454,201,99963,100,99416,100,99999,100,99211,100,100030,100,99115,100,100056,100,98851,100,100128,100,,,100129,100,,
2019-06-28 09:59:04.843262125,99896,201,99816,301,99897,301,99778,201,99916,201,99729,201,99941,201,99454,201,99963,100,99416,100,99999,100,99288,100,100030,100,99211,100,100056,100,99115,100,100128,100,98851,100,100129,100,,
2019-06-28 09:59:10.000000000,99896,238,99816,338,99897,334,99778,234,99916,234,99729,234,99941,100,99454,100,99963,100,99416,100,99999,100,99288,100,100030,100,99211,100,100056,100,99115,100,100128,100,98851,100,100129,100,,
2019-06-28 09:59:10.064665054,99858,100,99816,338,99896,238,99778,234,99897,234,99729,234,99916,234,99454,100,99941,100,99416,100,99963,100,99288,100,99999,100,99211,100,100030,100,99115,100,100056,100,98851,100,100128,100,,
2019-06-28 09:59:11.109762412,99858,100,99816,238,99896,238,99778,234,99897,234,99729,134,99916,234,99454,100,99941,100,99416,100,99963,100,99288,100,99999,100,99211,100,100030,100,99115,100,100056,100,98851,100,100128,100,,
2019-06-28 09:59:20.000000000,99858,302,99816,302,99896,302,99778,302,99897,100,99454,100,99916,100,99416,100,99941,100,99288,100,99963,100,99211,100,99999,100,99115,100,100030,100,98851,100,100056,100,,,100128,100,,
2019-06-28 09:59:30.000000000,99858,201,99816,201,99896,201,99778,201,99897,201,99454,201,99916,201,99416,201,99941,100,99288,100,99963,100,99211,100,99999,100,99115,100,100030,100,98851,100,100056,100,,,100128,100,,
2019-06-28 09:59:30.539328609,99858,201,99816,101,99896,201,99778,201,99897,201,99454,201,99916,201,99416,201,99941,100,99288,100,99963,100,99115,100,99999,100,98851,100,100030,100,,,100056,100,,,100128,100,,
2019-06-28 09:59:40.000000000,99858,505,99778,505,99896,100,99454,100,99897,100,99416,100,99916,100,99288,100,99941,100,99115,100,99963,100,98851,100,99999,100,,,100030,100,,,100056,100,,,100128,100,,
2019-06-28 09:59:50.000000000,99858,238,99778,238,99896,234,99454,234,99897,234,99416,234,99916,100,99288,100,99941,100,99115,100,99963,100,98851,100,99999,100,,,100030,100,,,100056,100,,,100128,100,,
2019-06-28 09:59:58.812208867,99858,238,99778,238,99896,234,99454,234,99897,234,99416,234,99916,100,99288,100,99941,100,99115,100,99963,100,98851,100,99999,100,,,100030,100,,,100056,100,,,100120,100,,
2019-06-28 10:00:00.000000000,99858,302,99778,302,99896,302,99454,302,99897,100,99416,100,99916,100,99288,100,99941,100,99115,100,99963,100,98851,100,99999,100,,,100030,100,,,100056,100,,,100120,100,,
2019-06-28 10:00:05.249923848,99858,202,99778,302,99896,302,99454,302,99897,100,99416,100,99916,100,99288,100,99941,100,99115,100,99963,100,98851,100,99999,100,,,100030,100,,,100056,100,,,100120,100,,
2019-06-28 10:00:10.000000000,99896,181,99778,181,99897,181,99454,181,99916,181,99416,181,99941,181,99288,181,99963,181,99115,181,99999,100,98851,100,100030,100,,,100056,100,,,100120,100,,,100128,100,,
2019-06-28 10:00:20.000000000,99896,181,99778,181,99897,181,99454,181,99916,181,99416,181,99941,181,99288,181,99963,181,99115,181,99999,100,98851,100,100030,100,,,100056,100,,,100120,100,,,100128,100,,
2019-06-28 10:00:22.389720899,99896,181,99817,100,99897,181,99778,181,99916,181,99454,181,99941,181,99416,181,99963,181,99288,181,99999,100,99115,181,100030,100,98851,100,100056,100,,,100120,100,,,100128,100,,
2019-06-28 10:00:30.000000000,99896,238,99817,238,99897,234,99778,234,99916,234,99454,234,99941,100,99416,100,99963,100,99288,100,99999,100,99115,100,100030,100,98851,100,100056,100,,,100120,100,,,100128,100,,
2019-06-28 10:00:39.235076870,99896,138,99817,238,99897,234,99778,234,99916,234,99454,234,99941,100,99416,100,99963,100,99288,100,99999,100,99115,100,100030,100,98851,100,100056,100,,,100120,100,,,100128,100,,
2019-06-28 10:00:40.000000000,99897,505,99817,505,99916,100,99778,100,99941,100,99454,100,99963,100,99416,100,99999,100,99288,100,100030,100,99115,100,100056,100,98851,100,100120,100,,,100128,100,,,100129,100,,
2019-06-28 10:00:50.000000000,99897,505,99817,505,99916,100,99778,100,99941,100,99454,100,99963,100,99416,100,99999,100,99288,100,100030,100,99115,100,100056,100,98851,100,100120,100,,,100128,100,,,100129,100,,
2019-06-28 10:00:56.687975910,99897,505,99817,405,99916,100,99778,100,99941,100,99454,100,99963,100,99416,100,99999,100,99288,100,100030,100,99115,100,100056,100,98851,100,100120,100,,,100128,100,,,100129,100,,
2019-06-28 10:01:00.000000000,99897,201,99778,201,99916,201,99454,201,99941,201,99416,201,99963,201,99288,201,99999,100,99115,100,100030,100,98851,100,100056,100,,,100120,100,,,100128,100,,,100129,100,,
2019-06-28 10:01:10.000000000,99897,238,99778,238,99916,234,99454,234,99941,234,99416,234,99963,100,99288,100,99999,100,99115,100,100030,100,98851,100,100056,100,,,100120,100,,,100128,100,,,100129,100,,
2019-06-28 10:01:20.000000000,99897,238,99778,238,99916,234,99454,234,99941,234,99416,234,99963,100,99288,100,99999,100,99115,100,100030,100,98851,100,100056,100,,,100120,100,,,100128,100,,,100129,100,,
2019-06-28 10:01:28.429251775,99784,100,99778,238,99897,238,99454,234,99916,234,99416,234,99941,234,99288,100,99963,100,99115,100,99999,100,98851,100,100030,100,,,100056,100,,,100120,100,,,100128,100,,
2019-06-28 10:01:30.000000000,99784,302,99778,302,99897,302,99454,302,99916,100,99416,100,99941,100,99288,100,99963,100,99115,100,99999,100,98851,100,100030,100,,,100056,100,,,100120,100,,,100128,100,,
2019-06-28 10:01:38.268578152,99784,302,99778,202,99897,302,99454,202,99916,100,99416,100,99941,100,99288,100,99963,100,99115,100,99999,100,98851,100,100030,100,,,100056,100,,,100120,100,,,100128,100,,
2019-06-28 10:01:40.000000000,99784,201,99416,201,99897,201,99288,201,99916,201,99115,201,99941,201,98851,201,99963,100,,,99999,100,,,100030,100,,,100056,100,,,100120,100,,,100128,100,,
2019-06-28 10:01:50.000000000,99784,302,99416,302,99897,302,99288,302,99916,100,99115,100,99941,100,98851,100,99963,100,,,99999,100,,,100030,100,,,100056,100,,,100120,100,,,100128,100,,
2019-06-28 10:01:52.154523934,99784,302,99416,302,99897,302,99333,100,99916,100,99288,302,99941,100,99115,100,99963,100,98851,100,99999,100,,,100030,100,,,100056,100,,,100120,100,,,100128,100,,
2019-06-28 10:01:54.911575373,99783,100,99416,302,99784,302,99333,100,99897,302,99288,302,99916,100,99115,100,99941,100,98851,100,99963,100,,,99999,100,,,100030,100,,,100056,100,,,100120,100,,
2019-06-28 10:02:00.000000000,99783,181,99416,181,99784,181,99333,181,99897,181,99288,181,99916,181,99115,181,99941,181,98851,181,99963,100,,,99999,100,,,100030,100,,,100056,100,,,100120,100,,
2019-06-28 10:02:00.827388443,99593,100,99416,181,99783,181,99333,181,99784,181,99288,181,99897,181,99115,181,99916,181,98851,181,99941,181,,,99963,100,,,99999,100,,,100030,100,,,100056,100,,
2019-06-28 10:02:01.331671654,99593,100,99564,100,99783,181,99416,181,99784,181,99333,181,99897,181,99288,181,99916,181,99115,181,99941,181,98851,181,99963,100,,,99999,100,,,100030,100,,,100056,100,,
2019-06-28 10:02:05.086620312,99578,100,99564,100,99593,100,99416,181,99783,181,99333,181,99784,181,99288,81,99897,181,99115,181,99916,181,98851,181,99941,181,,,99963,100,,,99999,100,,,100030,100,,
2019-06-28 10:02:05.655043970,99578,100,99564,100,99593,100,99550,100,99783,181,99416,181,99784,181,99333,181,99897,181,99288,81,99916,181,99115,181,99941,181,98851,181,99963,100,,,99999,100,,,100030,100,,
2019-06-28 10:02:10.000000000,99578,181,99564,181,99593,181,99550,181,99783,181,99416,181,99784,181,99333,181,99897,181,99115,181,99916,100,98851,100,99941,100,,,99963,100,,,99999,100,,,100030,100,,
2019-06-28 10:02:13.276184962,99578,181,99564,181,99593,181,99550,181,99783,281,99416,181,99784,181,99333,181,99897,181,99115,181,99916,100,98851,100,99941,100,,,99963,100,,,99999,100,,,100030,100,,
2019-06-28 10:02:20.000000000,99578,505,99564,505,99593,100,99550,100,99783,200,99416,100,99784,100,99333,100,99897,100,99115,100,99916,100,98851,100,99941,100,,,99963,100,,,99999,100,,,100030,100,,
2019-06-28 10:02:30.000000000,99578,201,99564,201,99593,201,99550,201,99783,301,99416,201,99784,201,99333,201,99897,100,99115,100,99916,100,98851,100,99941,100,,,99963,100,,,99999,100,,,100030,100,,
2019-06-28 10:02:40.000000000,99578,201,99564,201,99593,201,99550,201,99783,301,99416,201,99784,201,99333,201,99897,100,99115,100,99916,100,98851,100,99941,100,,,99963,100,,,99999,100,,,100030,100,,
2019-06-28 10:02:44.818469964,99578,101,99564,201,99593,201,99550,201,99783,301,99416,201,99784,201,99333,201,99897,100,99115,100,99916,100,98851,100,99941,100,,,99963,100,,,99999,100,,,100030,100,,
2019-06-28 10:02:50.000000000,99593,302,99564,302,99783,402,99550,302,99784,100,99416,100,99897,100,99333,100,99916,100,99115,100,99941,100,98851,100,99963,100,,,99999,100,,,100030,100,,,100056,100,,
2019-06-28 10:03:00.000000000,99593,201,99564,201,99783,301,99550,201,99784,201,99416,201,99897,201,99333,201,99916,100,99115,100,99941,100,98851,100,99963,100,,,99999,100,,,100030,100,,,100056,100,,
2019-06-28 10:03:10.000000000,99593,302,99564,302,99783,402,99550,302,99784,100,99416,100,99897,100,99333,100,99916,100,99115,100,99941,100,98851,100,99963,100,,,99999,100,,,100030,100,,,100056,100,,
2019-06-28 10:03:15.300731524,99593,202,99564,302,99783,402,99550,302,99784,100,99416,100,99897,100,99333,100,99916,100,99115,100,99941,100,98851,100,99963,100,,,99999,100,,,100030,100,,,100056,100,,
2019-06-28 10:03:18.833018819,99593,102,99564,302,99783,402,99550,302,99784,100,99416,100,99897,100,99333,100,99916,100,99115,100,99941,100,98851,100,99963,100,,,99999,100,,,100056,100,,,100120,100,,
2019-06-28 10:03:20.000000000,99783,605,99564,505,99784,100,99550,100,99897,100,99416,100,99916,100,99333,100,99941,100,99115,100,99963,100,98851,100,99999,100,,,100056,100,,,100120,100,,,100128,100,,
2019-06-28 10:03:30.000000000,99783,605,99564,505,99784,100,99550,100,99897,100,99416,100,99916,100,99333,100,99941,100,99115,100,99963,100,98851,100,99999,100,,,100056,100,,,100120,100,,,100128,100,,
2019-06-28 10:03:40.000000000,99783,301,99564,201,99784,201,99550,201,99897,201,99416,201,99916,201,99333,201,99941,100,99115,100,99963,100,98851,100,99999,100,,,100056,100,,,100120,100,,,100128,100,,
2019-06-28 10:03:50.000000000,99783,605,99564,505,99784,100,99550,100,99897,100,99416,100,99916,100,99333,100,99941,100,99115,100,99963,100,98851,100,99999,100,,,100056,100,,,100120,100,,,100128,100,,
2019-06-28 10:03:52.768516394,99783,605,99593,100,99784,100,99564,505,99897,100,99550,100,99916,100,99416,100,99941,100,99333,100,99963,100,99115,100,99999,100,98851,100,100056,100,,,100120,100,,,100128,100,,
2019-06-28 10:04:00.000000000,99783,402,99593,302,99784,302,99564,302,99897,100,99550,100,99916,100,99416,100,99941,100,99333,100,99963,100,99115,100,99999,100,98851,100,100056,100,,,100120,100,,,100128,100,,
2019-06-28 10:04:07.870700656,99783,402,99593,302,99784,302,99564,302,99897,100,99550,100,99916,100,99416,100,99941,100,99333,100,99963,100,99115,100,99999,100,98851,100,100056,100,,,100107,100,,,100120,100,,
2019-06-28 10:04:10.000000000,99783,338,99593,238,99784,234,99564,234,99897,234,99550,234,99916,100,99416,100,99941,100,99333,100,99963,100,99115,100,99999,100,98851,100,100056,100,,,100107,100,,,100120,100,,
2019-06-28 10:04:20.000000000,99783,402,99593,302,99784,302,99564,302,99897,100,99550,100,99916,100,99416,100,99941,100,99333,100,99963,100,99115,100,99999,100,98851,100,100056,100,,,100107,100,,,100120,100,,
2019-06-28 10:04:30.000000000,99783,605,99593,505,99784,100,99564,100,99897,100,99550,100,99916,100,99416,100,99941,100,99333,100,99963,100,99115,100,99999,100,98851,100,100056,100,,,100107,100,,,100120,100,,
2019-06-28 10:04:33.704651443,99783,605,99593,405,99784,100,99564,100,99897,100,99550,100,99916,100,99416,100,99941,100,99333,100,99963,100,98851,100,99999,100,,,100056,100,,,100107,100,,,100120,100,,
2019-06-28 10:04:40.000000000,99783,605,99564,505,99784,100,99550,100,99897,100,99416,100,99916,100,99333,100,99941,100,98851,100,99963,100,,,99999,100,,,100056,100,,,100107,100,,,100120,100,,
2019-06-28 10:04:50.000000000,99783,301,99564,201,99784,201,99550,201,99897,201,99416,201,99916,201,99333,201,99941,100,98851,100,99963,100,,,99999,100,,,100056,100,,,100107,100,,,100120,100,,
2019-06-28 10:05:00.000000000,99783,301,99564,201,99784,201,99550,201,99897,201,99416,201,99916,201,99333,201,99941,100,98851,100,99963,100,,,99999,100,,,100056,100,,,100107,100,,,100120,100,,
2019-06-28 10:05:10.000000000,99783,605,99564,505,99784,100,99550,100,99897,100,99416,100,99916,100,99333,100,99941,100,98851,100,99963,100,,,99999,100,,,100056,100,,,100107,100,,,100120,100,,
2019-06-28 10:05:11.377631511,99783,505,99564,505,99784,100,99550,100,99897,100,99416,100,99916,100,99333,100,99941,100,98851,100,99963,100,,,99999,100,,,100056,100,,,100107,100,,,100120,100,,
2019-06-28 10:05:20.000000000,99783,238,99564,238,99784,234,99550,234,99897,234,99416,234,99916,100,99333,100,99941,100,98851,100,99963,100,,,99999,100,,,100056,100,,,100107,100,,,100120,100,,
2019-06-28 10:05:30.000000000,99783,302,99564,302,99784,302,99550,302,99897,100,99416,100,99916,100,99333,100,99941,100,98851,100,99963,100,,,99999,100,,,100056,100,,,100107,100,,,100120,100,,
2019-06-28 10:05:37.994924621,99783,202,99564,302,99784,302,99550,302,99897,100,99416,100,99916,100,99333,100,99941,100,98851,100,99963,100,,,99999,100,,,100056,100,,,100107,100,,,100120,100,,
2019-06-28 10:05:40.000000000,99784,238,99564,238,99897,234,99550,234,99916,234,99416,234,99941,100,99333,100,99963,100,98851,100,99999,100,,,100056,100,,,100107,100,,,100120,100,,,100129,100,,
2019-06-28 10:05:50.000000000,99784,302,99564,302,99897,302,99550,302,99916,100,99416,100,99941,100,99333,100,99963,100,98851,100,99999,100,,,100056,100,,,100107,100,,,100120,100,,,100129,100,,
2019-06-28 10:06:00.000000000,99784,238,99564,238,99897,234,99550,234,99916,234,99416,234,99941,100,99333,100,99963,100,98851,100,99999,100,,,100056,100,,,100107,100,,,100120,100,,,100129,100,,
2019-06-28 10:06:10.000000000,99784,238,99564,238,99897,234,99550,234,99916,234,99416,234,99941,100,99333,100,99963,100,98851,100,99999,100,,,100056,100,,,100107,100,,,100120,100,,,100129,100,,
2019-06-28 10:06:14.620802720,99784,138,99564,238,99897,234,99550,234,99916,234,99416,234,99941,100,99333,100,99963,100,98851,100,99999,100,,,100056,100,,,100107,100,,,100120,100,,,100129,100,,
2019-06-28 10:06:20.000000000,99897,505,99564,505,99916,100,99550,100,99941,100,99416,100,99963,100,99333,100,99999,100,98851,100,100056,100,,,100107,100,,,100120,100,,,100129,100,,,100376,100,,
2019-06-28 10:06:26.524889980,99897,405,99564,505,99916,100,99550,100,99941,100,99416,100,99963,100,99333,100,99999,100,98851,100,100056,100,,,100107,100,,,100120,100,,,100129,100,,,100376,100,,
2019-06-28 10:06:30.000000000,99916,238,99564,238,99941,234,99550,234,99963,234,99416,234,99999,100,99333,100,100056,100,98851,100,100107,100,,,100120,100,,,100129,100,,,100376,100,,,101005,100,,
2019-06-28 10:06:40.000000000,99916,505,99564,505,99941,100,99550,100,99963,100,99416,100,99999,100,99333,100,100056,100,98851,100,100107,100,,,100120,100,,,100129,100,,,100376,100,,,101005,100,,
2019-06-28 10:06:49.279704621,99916,405,99564,505,99941,100,99550,100,99963,100,99416,100,99999,100,99333,100,100056,100,98851,100,100107,100,,,100120,100,,,100129,100,,,100376,100,,,101005,100,,
2019-06-28 10:06:50.000000000,99941,238,99564,238,99963,234,99550,234,99999,234,99416,234,100056,100,99333,100,100107,100,98851,100,100120,100,,,100129,100,,,100376,100,,,101005,100,,,,,,
2019-06-28 10:06:56.249274224,99941,138,99564,238,99963,234,99550,234,99999,234,99416,234,100056,100,99333,100,100107,100,98851,100,100120,100,,,100129,100,,,100376,100,,,101005,100,,,,,,
2019-06-28 10:07:00.000000000,99963,505,99564,505,99999,100,99550,100,100056,100,99416,100,100107,100,99333,100,100120,100,98851,100,100129,100,,,100376,100,,,101005,100,,,,,,,,,,
2019-06-28 10:07:10.000000000,99963,302,99564,302,99999,302,99550,302,100056,100,99416,100,100107,100,99333,100,100120,100,98851,100,100129,100,,,100376,100,,,101005,100,,,,,,,,,,
2019-06-28 10:07:10.929465493,99963,302,99564,302,99999,302,99550,302,100056,100,99416,100,100107,100,99333,100,100120,100,98851,100,100129,100,,,100144,100,,,100376,100,,,101005,100,,,,,,
2019-06-28 10:07:20.000000000,99963,238,99564,238,99999,234,99550,234,100056,234,99416,234,100107,100,99333,100,100120,100,98851,100,100129,100,,,100144,100,,,100376,100,,,101005,100,,,,,,
2019-06-28 10:07:29.515890586,99963,138,99892,100,99999,234,99564,238,100056,234,99550,234,100107,100,99416,234,100120,100,99333,100,100129,100,98851,100,100144,100,,,100376,100,,,101005,100,,,,,,
2019-06-28 10:07:30.000000000,99999,238,99892,238,100056,234,99564,234,100107,234,99550,234,100120,100,99416,100,100129,100,99333,100,100144,100,98851,100,100376,100,,,101005,100,,,,,,,,,,
2019-06-28 10:07:36.590186793,99999,238,99916,100,100056,234,99892,238,100107,234,99564,234,100120,100,99550,234,100129,100,99416,100,100144,100,99333,100,100376,100,98851,100,101005,100,,,,,,,,,,
2019-06-28 10:07:40.000000000,99999,181,99916,181,100056,181,99892,181,100107,181,99564,181,100120,181,99550,181,100129,181,99416,181,100144,100,99333,100,100376,100,98851,100,101005,100,,,,,,,,,,
2019-06-28 10:07:41.949096231,99999,181,99916,281,100056,181,99892,181,100107,181,99564,181,100120,181,99550,181,100129,181,99416,181,100144,100,99333,100,100376,100,98851,100,101005,100,,,,,,,,,,
2019-06-28 10:07:50.000000000,99999,238,99916,338,100056,234,99892,234,100107,234,99564,234,100120,100,99550,100,100129,100,99416,100,100144,100,99333,100,100376,100,98851,100,101005,100,,,,,,,,,,
2019-06-28 10:07:57.000956624,99999,238,99960,100,100056,234,99916,338,100107,234,99892,234,100120,100,99564,234,100129,100,99550,100,100144,100,99416,100,100376,100,99333,100,101005,100,98851,100,,,,,,,,
2019-06-28 10:08:00.000000000,99999,238,99960,238,100056,234,99916,334,100107,234,99892,234,100120,100,99564,100,100129,100,99550,100,100144,100,99416,100,100376,100,99333,100,101005,100,98851,100,,,,,,,,
2019-06-28 10:08:08.654489016,99999,238,99960,238,100056,234,99916,434,100107,234,99892,234,100120,100,99564,100,100129,100,99550,100,100144,100,99416,100,100376,100,99333,100,101005,100,98851,100,,,,,,,,
2019-06-28 10:08:10.000000000,99999,238,99960,238,100056,234,99916,434,100107,234,99892,234,100120,100,99564,100,100129,100,99550,100,100144,100,99416,100,100376,100,99333,100,101005,100,98851,100,,,,,,,,
2019-06-28 10:08:20.000000000,99999,302,99960,302,100056,302,99916,502,100107,100,99892,100,100120,100,99564,100,100129,100,99550,100,100144,100,99416,100,100376,100,99333,100,101005,100,98851,100,,,,,,,,
2019-06-28 10:08:30.000000000,99999,505,99960,505,100056,100,99916,300,100107,100,99892,100,100120,100,99564,100,100129,100,99550,100,100144,100,99416,100,100376,100,99333,100,101005,100,98851,100,,,,,,,,
2019-06-28 10:08:40.000000000,99999,181,99960,181,100056,181,99916,381,100107,181,99892,181,100120,181,99564,181,100129,181,99550,181,100144,100,99416,100,100376,100,99333,100,101005,100,98851,100,,,,,,,,
2019-06-28 10:08:50.000000000,99999,302,99960,302,100056,302,99916,502,100107,100,99892,100,100120,100,99564,100,100129,100,99550,100,100144,100,99416,100,100376,100,99333,100,101005,100,98851,100,,,,,,,,
2019-06-28 10:09:00.000000000,99999,181,99960,181,100056,181,99916,381,100107,181,99892,181,100120,181,99564,181,100129,181,99550,181,100144,100,99416,100,100376,100,99333,100,101005,100,98851,100,,,,,,,,
2019-06-28 10:09:10.000000000,99999,302,99960,302,100056,302,99916,502,100107,100,99892,100,100120,100,99564,100,100129,100,99550,100,100144,100,99416,100,100376,100,99333,100,101005,100,98851,100,,,,,,,,
2019-06-28 10:09:11.502826679,99999,302,99960,302,100056,302,99916,602,100107,100,99892,100,100120,100,99564,100,100129,100,99550,100,100144,100,99416,100,100376,100,99333,100,101005,100,98851,100,,,,,,,,
2019-06-28 10:09:20.000000000,99999,201,99960,201,100056,201,99916,501,100107,201,99892,201,100120,201,99564,201,100129,100,99550,100,100144,100,99416,100,100376,100,99333,100,101005,100,98851,100,,,,,,,,
2019-06-28 10:09:30.000000000,99999,238,99960,238,100056,234,99916,534,100107,234,99892,234,100120,100,99564,100,100129,100,99550,100,100144,100,99416,100,100376,100,99333,100,101005,100,98851,100,,,,,,,,
2019-06-28 10:09:40.000000000,99999,302,99960,302,100056,302,99916,602,100107,100,99892,100,100120,100,99564,100,100129,100,99550,100,100144,100,99416,100,100376,100,99333,100,101005,100,98851,100,,,,,,,,
2019-06-28 10:09:50.000000000,99999,302,99960,302,100056,302,99916,602,100107,100,99892,100,100120,100,99564,100,100129,100,99550,100,100144,100,99416,100,100376,100,99333,100,101005,100,98851,100,,,,,,,,
2019-06-28 10:09:59.438735414,99999,302,99960,302,100056,302,99916,602,100107,100,99892,100,100120,100,99564,100,100129,100,99550,100,100144,100,99416,100,100376,100,99333,100,100507,100,98851,100,101005,100,,,,,,
2019-06-28 10:10:00.000000000,99999,201,99960,201,100056,201,99916,501,100107,201,99892,201,100120,201,99564,201,100129,100,99550,100,100144,100,99416,100,100376,100,99333,100,100507,100,98851,100,101005,100,,,,,,
2019-06-28 10:10:10.000000000,99999,181,99960,181,100056,181,99916,481,100107,181,99892,181,100120,181,99564,181,100129,181,99550,181,100144,100,99416,100,100376,100,99333,100,100507,100,98851,100,101005,100,,,,,,
2019-06-28 10:10:20.000000000,99999,302,99960,302,100056,302,99916,602,100107,100,99892,100,100120,100,99564,100,100129,100,99550,100,100144,100,99416,100,100376,100,99333,100,100507,100,98851,100,101005,100,,,,,,
2019-06-28 10:10:30.000000000,99999,505,99960,505,100056,100,99916,400,100107,100,99892,100,100120,100,99564,100,100129,100,99550,100,100144,100,99416,100,100376,100,99333,100,100507,100,98851,100,101005,100,,,,,,
2019-06-28 10:10:31.254449530,99999,505,99960,505,100056,100,99916,500,100107,100,99892,100,100120,100,99564,100,100129,100,99550,100,100144,100,99416,100,100376,100,99333,100,100507,100,98851,100,101005,100,,,,,,
2019-06-28 10:10:40.000000000,99999,238,99960,238,100056,234,99916,634,100107,234,99892,234,100120,100,99564,100,100129,100,99550,100,100144,100,99416,100,100376,100,99333,100,100507,100,98851,100,101005,100,,,,,,
2019-06-28 10:10:50.000000000,99999,181,99960,181,100056,181,99916,581,100107,181,99892,181,100120,181,99564,181,100129,181,99550,181,100144,100,99416,100,100376,100,99333,100,100507,100,98851,100,101005,100,,,,,,
2019-06-28 10:10:58.638271250,99999,181,99960,181,100003,100,99916,581,100056,181,99892,181,100107,181,99564,181,100120,181,99550,181,100129,181,99416,100,100144,100,99333,100,100376,100,98851,100,100507,100,,,101005,100,,
2019-06-28 10:11:00.000000000,99999,302,99960,302,100003,302,99916,702,100056,100,99892,100,100107,100,99564,100,100120,100,99550,100,100129,100,99416,100,100144,100,99333,100,100376,100,98851,100,100507,100,,,101005,100,,
2019-06-28 10:11:06.748492765,99999,302,99960,302,100003,302,99916,702,100019,100,99892,100,100056,100,99564,100,100107,100,99550,100,100120,100,99416,100,100129,100,99333,100,100144,100,98851,100,100376,100,,,100507,100,,
2019-06-28 10:11:10.000000000,99999,238,99960,238,100003,234,99916,634,100019,234,99892,234,100056,100,99564,100,100107,100,99550,100,100120,100,99416,100,100129,100,99333,100,100144,100,98851,100,100376,100,,,100507,100,,
