,ask_price_1,ask_size_1,bid_price_1,bid_size_1,ask_price_2,ask_size_2,bid_price_2,bid_size_2,ask_price_3,ask_size_3,bid_price_3,bid_size_3,ask_price_4,ask_size_4,bid_price_4,bid_size_4,ask_price_5,ask_size_5,bid_price_5,bid_size_5,ask_price_6,ask_size_6,bid_price_6,bid_size_6,ask_price_7,ask_size_7,bid_price_7,bid_size_7,ask_price_8,ask_size_8,bid_price_8,bid_size_8,ask_price_9,ask_size_9,bid_price_9,bid_size_9,ask_price_10,ask_size_10,bid_price_10,bid_size_10
2019-06-28 09:30:00.000000000,,,100005,100,,,,,,,,,,,,,,,,,,,,,,,,,,,,,,,,,,,,
2019-06-28 09:30:00.000000002,100097,100,100005,100,,,,,,,,,,,,,,,,,,,,,,,,,,,,,,,,,,,,
2019-06-28 09:30:00.000000006,100055,100,100005,100,100097,100,,,,,,,,,,,,,,,,,,,,,,,,,,,,,,,,,,
2019-06-28 09:30:00.000000007,100055,100,100005,100,100097,100,99915,100,,,99909,100,,,,,,,,,,,,,,,,,,,,,,,,,,,,
2019-06-28 09:30:00.000000008,100055,100,100005,100,100084,100,99915,100,100097,100,99909,100,,,,,,,,,,,,,,,,,,,,,,,,,,,,
2019-06-28 09:30:00.000000011,100055,100,100005,100,100084,100,99951,100,100097,100,99915,100,,,99909,100,,,,,,,,,,,,,,,,,,,,,,,,
2019-06-28 09:30:00.000000014,100055,100,100008,100,100069,100,100005,100,100084,100,99951,100,100097,100,99915,100,,,99909,100,,,,,,,,,,,,,,,,,,,,
2019-06-28 09:30:00.000000015,100055,100,100005,100,100069,100,99951,100,100084,100,99915,100,100097,100,99909,100,,,99856,100,,,,,,,,,,,,,,,,,,,,
2019-06-28 09:30:00.000000016,100069,100,100005,100,100084,100,99951,100,100097,100,99915,100,,,99909,100,,,99856,100,,,99851,100,,,,,,,,,,,,,,,,
2019-06-28 09:30:00.000000017,100055,100,100025,100,100069,100,100005,100,100084,100,99951,100,100094,100,99915,100,100097,100,99909,100,100117,100,99856,100,100203,100,99851,100,,,,,,,,,,,,
2019-06-28 09:30:00.000000018,100055,100,100025,100,100069,100,100005,100,100084,100,99951,100,100094,100,99915,100,100097,100,99909,100,100104,100,99856,100,100117,100,99851,100,100203,100,,,,,,,,,,
2019-06-28 09:30:00.000000020,100055,100,100025,100,100069,100,100006,100,100084,100,100005,100,100094,100,99970,100,100097,100,99951,100,100104,100,99915,100,100117,100,99909,100,100203,100,99856,100,,,99851,100,,,,
2019-06-28 09:30:00.000000021,100055,200,100025,100,100069,100,100006,100,100084,100,100005,100,100094,100,99970,100,100097,100,99951,100,100104,100,99915,100,100117,100,99909,100,100203,100,99856,100,,,99851,100,,,,
2019-06-28 09:30:00.000000022,100055,200,100025,100,100069,100,100006,100,100084,100,100005,100,100094,100,99970,100,100097,100,99951,100,100104,100,99915,100,100117,100,99909,100,100203,100,99883,100,,,99856,100,,,99851,100
2019-06-28 09:30:00.000000026,100055,200,100025,100,100069,100,100006,100,100084,100,100005,100,100094,100,99970,100,100097,100,99951,100,100104,100,99915,100,100117,100,99909,100,100203,100,99883,100,,,99856,100,,,99851,100
2019-06-28 09:30:00.000000027,100055,200,100025,100,100069,100,100006,100,100084,100,100005,100,100094,100,99970,100,100097,100,99952,100,100104,100,99951,100,100117,100,99915,100,100203,100,99909,100,,,99883,100,,,99856,100
2019-06-28 09:30:00.000000028,100055,200,100025,100,100069,100,100006,200,100084,100,100005,100,100094,100,99970,100,100097,100,99952,100,100104,100,99951,100,100117,100,99915,100,100203,100,99909,100,,,99883,100,,,99856,100
2019-06-28 09:30:00.000000031,100055,300,100025,100,100069,100,100006,200,100084,100,100005,100,100094,100,100002,100,100097,100,99970,100,100104,100,99952,100,100117,100,99951,100,100203,100,99915,100,,,99909,100,,,99883,100
2019-06-28 09:30:00.000000033,100055,300,100025,100,100058,100,100006,200,100069,100,100005,100,100084,100,100002,100,100094,100,99970,100,100097,100,99952,100,100104,100,99951,100,100117,100,99915,100,100203,100,99909,100,,,99883,100
2019-06-28 09:30:00.000000035,100055,300,100006,200,100058,100,100005,100,100069,100,100002,100,100084,100,99970,100,100094,100,99952,100,100097,100,99951,100,100104,100,99944,100,100117,100,99915,100,100203,100,99909,100,,,99883,100
2019-06-28 09:30:00.000000039,100055,300,100006,200,100058,100,100005,100,100069,100,100002,100,100084,100,99970,100,100094,100,99952,100,100097,100,99951,100,100104,100,99944,100,100117,100,99915,100,100203,100,99909,100,,,99883,100
2019-06-28 09:30:00.000000046,100054,100,100006,200,100055,300,100005,100,100058,100,100002,100,100069,100,99970,100,100084,100,99952,100,100094,100,99951,100,100097,100,99944,100,100104,100,99915,100,100117,100,99909,100,100203,100,99883,100
2019-06-28 09:30:00.000000047,100054,100,100006,100,100055,300,100005,100,100058,100,100002,100,100069,100,99970,100,100084,100,99952,100,100094,100,99951,100,100097,100,99944,100,100104,100,99915,100,100117,100,99909,100,100203,100,99883,100
2019-06-28 09:30:00.000000049,100054,100,100007,100,100055,300,100006,100,100058,100,100005,100,100069,100,100002,100,100084,100,99970,100,100094,100,99952,100,100097,100,99951,100,100104,100,99944,100,100117,100,99915,100,100203,100,99909,100
2019-06-28 09:30:00.000000050,100054,100,100007,100,100055,300,100006,100,100058,100,100005,100,100069,100,100002,100,100084,100,99970,100,100094,100,99952,100,100097,100,99951,100,100104,100,99944,100,100117,100,99915,100,100141,100,99909,100
2019-06-28 09:30:00.000000051,100054,100,100006,100,100055,300,100005,100,100058,100,100002,100,100069,100,99970,100,100084,100,99952,100,100094,100,99951,100,100097,100,99944,100,100104,100,99915,100,100117,100,99909,100,100141,100,99908,100
2019-06-28 09:30:00.000000053,100054,100,100006,100,100055,300,100005,100,100058,100,100002,100,100069,100,99970,100,100084,100,99952,100,100094,100,99951,100,100097,100,99944,100,100104,100,99931,100,100117,100,99915,100,100141,100,99909,100
2019-06-28 09:30:00.000000056,100054,100,100006,100,100055,300,100005,100,100058,100,100002,100,100069,100,99970,100,100084,100,99952,100,100094,100,99951,100,100097,100,99944,100,100104,100,99931,100,100117,100,99915,100,100141,100,99909,100
2019-06-28 09:30:00.000000057,100054,100,100006,100,100055,300,100005,100,100058,100,100002,100,100069,100,99970,100,100084,100,99952,100,100094,100,99951,100,100097,100,99949,100,100104,100,99944,100,100117,100,99931,100,100141,100,99915,100
2019-06-28 09:30:00.000000060,100027,100,100006,100,100054,100,100005,100,100055,300,100002,100,100058,100,99970,100,100069,100,99952,100,100084,100,99951,100,100094,100,99949,100,100097,100,99944,100,100104,100,99931,100,100117,100,99915,100
2019-06-28 09:30:00.000000062,100027,100,100005,100,100054,100,100002,100,100055,300,99970,100,100058,100,99952,100,100069,100,99951,100,100084,100,99949,100,100094,100,99944,100,100097,100,99931,100,100104,100,99915,100,100117,100,99909,100
2019-06-28 09:30:00.000000064,100027,100,100005,100,100054,100,100002,100,100055,300,99970,100,100058,100,99952,100,100069,100,99951,100,100084,100,99949,100,100094,100,99944,100,100097,100,99938,100,100104,100,99931,100,100117,100,99915,100
2019-06-28 09:30:00.000000065,100007,200,100005,100,100027,100,100002,100,100054,100,99970,100,100055,300,99952,100,100058,100,99951,100,100069,100,99949,100,100084,100,99944,100,100094,100,99938,100,100097,100,99931,100,100104,100,99915,100
2019-06-28 09:30:00.000000066,100007,200,100005,100,100027,100,100002,100,100054,100,99970,100,100055,300,99952,100,100058,100,99951,100,100069,100,99949,100,100084,100,99944,100,100094,100,99938,100,100097,100,99936,100,100104,100,99931,100
2019-06-28 09:30:00.000000072,100007,100,100005,100,100027,100,100002,100,100054,100,99970,100,100055,300,99952,100,100058,100,99951,100,100069,100,99949,100,100084,100,99944,100,100094,100,99938,100,100097,100,99936,100,100104,100,99931,100
2019-06-28 09:30:00.000000073,100006,100,100005,100,100007,100,100002,100,100027,100,99970,100,100054,100,99952,100,100055,300,99951,100,100058,100,99949,100,100069,100,99944,100,100084,100,99938,100,100094,100,99936,100,100097,100,99931,100
2019-06-28 09:30:00.000000075,100006,100,100005,100,100007,100,100002,100,100027,100,99970,100,100054,100,99952,100,100055,300,99951,100,100058,100,99949,100,100061,100,99944,100,100069,100,99938,100,100084,100,99936,100,100094,100,99931,100
2019-06-28 09:30:00.000000077,100007,100,100005,100,100027,100,100002,100,100054,100,99970,100,100055,300,99952,100,100058,100,99951,100,100061,100,99949,100,100069,100,99944,100,100084,100,99938,100,100094,100,99936,100,100097,100,99931,100
2019-06-28 09:30:00.000000078,100007,100,100005,100,100027,100,100002,100,100054,100,99970,100,100055,300,99952,100,100058,100,99951,100,100061,100,99949,100,100069,100,99944,100,100084,100,99938,100,100094,100,99936,100,100097,100,99931,100
2019-06-28 09:30:00.000000080,100007,100,100005,100,100027,100,100002,100,100054,100,99970,100,100055,300,99952,100,100058,100,99951,100,100061,100,99949,100,100069,100,99944,100,100084,100,99938,100,100094,100,99936,100,100097,100,99931,100
2019-06-28 09:30:00.000000083,100007,100,100005,100,100027,100,100002,100,100054,100,99970,100,100055,300,99952,100,100058,100,99951,100,100061,100,99949,100,100069,100,99944,100,100084,100,99938,100,100094,100,99936,100,100097,100,99931,100
2019-06-28 09:30:00.000000084,100007,100,100005,100,100027,100,100002,100,100045,100,99970,100,100054,100,99952,100,100055,300,99951,100,100058,100,99949,100,100061,100,99944,100,100069,100,99938,100,100084,100,99936,100,100094,100,99931,100
2019-06-28 09:30:00.000000085,100007,100,100005,100,100027,100,100002,100,100045,100,99970,100,100054,100,99952,100,100055,300,99951,100,100058,100,99949,100,100061,100,99944,100,100069,100,99938,100,100084,100,99936,100,100094,100,99931,100
2019-06-28 09:30:00.000000086,100007,100,100005,100,100027,100,100002,100,100045,100,99970,100,100054,100,99952,100,100055,300,99951,100,100058,100,99949,100,100061,100,99944,100,100069,100,99938,100,100084,100,99936,100,100094,100,99931,100
2019-06-28 09:30:00.000000091,100006,100,100005,100,100007,100,100002,100,100027,100,99970,100,100045,100,99952,100,100054,100,99951,100,100055,300,99949,100,100058,100,99944,100,100061,100,99938,100,100069,100,99936,100,100084,100,99931,100
2019-06-28 09:30:00.000000094,100006,100,100005,100,100007,100,100002,100,100027,100,99970,100,100045,100,99952,100,100054,100,99951,100,100055,300,99949,100,100058,100,99944,100,100061,100,99938,100,100069,100,99936,100,100084,100,99931,100
2019-06-28 09:30:00.000000096,100007,100,100005,100,100027,100,100002,100,100045,100,99970,100,100054,100,99952,100,100055,300,99951,100,100058,100,99949,100,100061,100,99944,100,100069,100,99938,100,100084,100,99936,100,100094,100,99931,100
2019-06-28 09:30:00.000000098,100007,100,100005,100,100027,100,100002,100,100045,100,99970,100,100054,100,99952,100,100055,300,99951,100,100058,100,99949,200,100061,100,99944,100,100069,100,99938,100,100084,100,99936,100,100094,100,99931,100
2019-06-28 09:30:02.323729009,100006,100,100005,100,100007,100,100002,100,100027,100,99970,100,100045,100,99952,100,100054,100,99951,100,100055,300,99949,200,100058,100,99944,100,100061,100,99938,100,100069,100,99936,100,100084,100,99931,100
2019-06-28 09:30:08.739554998,100006,100,100005,100,100007,100,100002,100,100027,200,99970,100,100045,100,99952,100,100054,100,99951,100,100055,300,99949,200,100058,100,99944,100,100061,100,99938,100,100069,100,99936,100,100084,100,99931,100
2019-06-28 09:30:10.000000000,100006,194,100005,194,100007,194,100002,194,100027,294,99970,194,100045,194,99952,194,100054,194,99951,194,100055,300,99949,200,100058,100,99944,100,100061,100,99938,100,100069,100,99936,100,100084,100,99931,100
2019-06-28 09:30:14.743891341,100006,194,100005,94,100007,194,100002,194,100027,294,99970,194,100045,194,99952,194,100054,194,99951,194,100055,300,99949,200,100058,100,99944,100,100061,100,99938,100,100069,100,99936,100,100084,100,99931,100
2019-06-28 09:30:19.153741118,100006,194,100005,94,100007,194,100002,194,100027,294,99970,194,100045,194,99952,194,100054,194,99951,194,100055,300,99949,200,100058,100,99944,100,100061,100,99938,100,100069,100,99936,100,100084,100,99931,100
2019-06-28 09:30:20.000000000,100006,260,100002,260,100007,255,99970,255,100027,355,99952,255,100045,100,99951,100,100054,100,99949,200,100055,300,99944,100,100058,100,99938,100,100061,100,99936,100,100069,100,99931,100,100084,100,99929,100
2019-06-28 09:30:28.309240064,100006,260,100002,260,100007,255,99970,255,100027,355,99952,255,100045,100,99951,100,100054,100,99949,200,100055,300,99944,100,100061,100,99938,100,100069,100,99936,100,100084,100,99931,100,100094,100,99929,100
2019-06-28 09:30:30.000000000,100006,260,100002,260,100007,255,99970,255,100027,355,99952,255,100045,100,99951,100,100054,100,99949,200,100055,300,99944,100,100061,100,99938,100,100069,100,99936,100,100084,100,99931,100,100094,100,99929,100
2019-06-28 09:30:40.000000000,100006,218,100002,218,100007,218,99970,218,100027,318,99952,218,100045,218,99951,218,100054,100,99949,200,100055,300,99944,100,100061,100,99938,100,100069,100,99936,100,100084,100,99931,100,100094,100,99929,100
2019-06-28 09:30:50.000000000,100006,335,100002,335,100007,335,99970,335,100027,200,99952,100,100045,100,99951,100,100054,100,99949,200,100055,300,99944,100,100061,100,99938,100,100069,100,99936,100,100084,100,99931,100,100094,100,99929,100
2019-06-28 09:30:54.475579916,100006,335,100002,235,100007,335,99970,335,100027,200,99952,100,100045,100,99951,100,100054,100,99949,200,100055,300,99944,100,100061,100,99938,100,100069,100,99936,100,100084,100,99931,100,100097,100,99929,100
2019-06-28 09:31:00.000000000,100006,335,99970,335,100007,335,99952,335,100027,200,99951,100,100045,100,99949,200,100054,100,99944,100,100055,300,99938,100,100061,100,99936,100,100069,100,99931,100,100084,100,99929,100,100097,100,99915,100
2019-06-28 09:31:10.000000000,100006,194,99970,194,100007,194,99952,194,100027,294,99951,194,100045,194,99949,294,100054,194,99944,194,100055,300,99938,100,100061,100,99936,100,100069,100,99931,100,100084,100,99929,100,100097,100,99915,100
2019-06-28 09:31:12.329069757,100006,194,99970,94,100007,194,99952,194,100027,294,99951,194,100045,194,99949,294,100054,194,99944,194,100055,300,99938,100,100061,100,99931,100,100069,100,99929,100,100084,100,99915,100,100097,100,99911,200
2019-06-28 09:31:20.000000000,100006,335,99952,335,100007,335,99951,335,100027,200,99949,200,100045,100,99944,100,100054,100,99938,100,100055,300,99931,100,100061,100,99929,100,100069,100,99915,100,100084,100,99911,200,100097,100,99909,100
2019-06-28 09:31:24.718465082,100006,335,99952,235,100007,335,99951,335,100027,200,99949,200,100045,100,99944,100,100054,100,99938,100,100055,300,99931,100,100061,100,99929,100,100069,100,99915,100,100084,100,99911,200,100097,100,99909,100
2019-06-28 09:31:30.000000000,100006,260,99951,260,100007,255,99949,355,100027,355,99944,255,100045,100,99938,100,100054,100,99931,100,100055,300,99929,100,100061,100,99915,100,100069,100,99911,200,100084,100,99909,100,100097,100,99908,100
2019-06-28 09:31:40.000000000,100006,570,99951,570,100007,100,99949,200,100027,200,99944,100,100045,100,99938,100,100054,100,99931,100,100055,300,99929,100,100061,100,99915,100,100069,100,99911,200,100084,100,99909,100,100097,100,99908,100
2019-06-28 09:31:49.703265835,99970,100,99951,570,100006,570,99949,200,100027,200,99944,100,100045,100,99938,100,100054,100,99931,100,100055,300,99929,100,100061,100,99915,100,100069,100,99911,200,100084,100,99909,100,100097,100,99908,100
2019-06-28 09:31:50.000000000,99970,194,99951,194,100006,194,99949,294,100027,294,99944,194,100045,194,99938,194,100054,194,99931,194,100055,300,99929,100,100061,100,99915,100,100069,100,99911,200,100084,100,99909,100,100097,100,99908,100
2019-06-28 09:32:00.000000000,99970,194,99951,194,100006,194,99949,294,100027,294,99944,194,100045,194,99938,194,100054,194,99931,194,100055,300,99929,100,100061,100,99915,100,100069,100,99911,200,100084,100,99909,100,100097,100,99908,100
2019-06-28 09:32:08.508675939,99970,294,99951,194,100006,194,99949,294,100027,294,99944,194,100045,194,99938,194,100054,194,99931,194,100055,300,99929,100,100061,100,99915,100,100069,100,99911,200,100084,100,99909,100,100097,100,99908,100
2019-06-28 09:32:10.000000000,99970,435,99951,335,100006,335,99949,435,100027,200,99944,100,100045,100,99938,100,100054,100,99931,100,100055,300,99929,100,100061,100,99915,100,100069,100,99911,200,100084,100,99909,100,100097,100,99908,100
2019-06-28 09:32:20.000000000,99970,318,99951,218,100006,218,99949,318,100027,318,99944,218,100045,218,99938,218,100054,100,99931,100,100055,300,99929,100,100061,100,99915,100,100069,100,99911,200,100084,100,99909,100,100097,100,99908,100
2019-06-28 09:32:22.299845180,99970,318,99951,118,100006,218,99949,318,100027,318,99944,218,100045,218,99938,218,100054,100,99931,100,100055,300,99929,100,100061,100,99915,100,100069,100,99911,200,100084,100,99909,100,100097,100,99908,100
2019-06-28 09:32:24.758734041,99970,318,99951,18,100006,218,99949,318,100027,318,99944,218,100045,218,99938,218,100054,100,99931,100,100055,300,99929,100,100061,100,99915,100,100069,100,99911,200,100084,100,99909,100,100097,100,99904,100
2019-06-28 09:32:29.106964962,99970,318,99951,18,100006,218,99949,318,100027,318,99944,218,100045,218,99938,218,100054,100,99931,100,100055,300,99929,100,100061,100,99915,100,100069,100,99911,200,100084,100,99909,100,100097,100,99904,100
2019-06-28 09:32:30.000000000,99970,294,99949,294,100006,194,99944,194,100027,294,99938,194,100045,194,99931,194,100054,194,99929,194,100055,300,99915,100,100061,100,99911,200,100069,100,99909,100,100084,100,99904,100,100097,100,99884,100
2019-06-28 09:32:40.000000000,99970,435,99949,435,100006,335,99944,335,100027,200,99938,100,100045,100,99931,100,100054,100,99929,100,100055,300,99915,100,100061,100,99911,200,100069,100,99909,100,100084,100,99904,100,100097,100,99884,100
2019-06-28 09:32:49.864425898,99970,435,99949,335,100006,335,99944,335,100027,200,99938,100,100045,100,99931,100,100054,100,99929,100,100055,300,99915,100,100061,100,99911,200,100069,100,99909,100,100084,100,99904,100,100097,100,99884,100
2019-06-28 09:32:50.000000000,99970,670,99949,570,100006,100,99944,100,100027,200,99938,100,100045,100,99931,100,100054,100,99929,100,100055,300,99915,100,100061,100,99911,200,100069,100,99909,100,100084,100,99904,100,100097,100,99884,100
2019-06-28 09:33:00.000000000,99970,318,99949,218,100006,218,99944,218,100027,318,99938,218,100045,218,99931,218,100054,100,99929,100,100055,300,99915,100,100061,100,99911,200,100069,100,99909,100,100084,100,99904,100,100097,100,99884,100
2019-06-28 09:33:09.108165622,99970,318,99949,118,100006,218,99944,218,100027,318,99938,218,100045,218,99931,218,100054,100,99929,100,100055,300,99915,100,100061,100,99911,100,100069,100,99909,100,100084,100,99904,100,100097,100,99884,100
2019-06-28 09:33:10.000000000,99970,670,99944,570,100006,100,99938,100,100027,200,99931,100,100045,100,99929,100,100054,100,99915,100,100055,300,99911,100,100061,100,99909,100,100069,100,99904,100,100084,100,99884,100,100097,100,99883,100
2019-06-28 09:33:10.453159163,99949,100,99944,570,99970,670,99938,100,100027,200,99931,100,100045,100,99929,100,100054,100,99915,100,100055,300,99911,100,100061,100,99909,100,100069,100,99904,100,100084,100,99884,100,100097,100,99883,100
2019-06-28 09:33:20.000000000,99949,260,99944,260,99970,355,99938,255,100027,355,99931,255,100045,100,99929,100,100054,100,99915,100,100055,300,99911,100,100061,100,99909,100,100069,100,99904,100,100084,100,99884,100,100097,100,99883,100
2019-06-28 09:33:30.000000000,99949,335,99944,335,99970,435,99938,335,100027,200,99931,100,100045,100,99929,100,100054,100,99915,100,100055,300,99911,100,100061,100,99909,100,100069,100,99904,100,100084,100,99884,100,100097,100,99883,100
2019-06-28 09:33:40.000000000,99949,335,99944,335,99970,435,99938,335,100027,200,99931,100,100045,100,99929,100,100054,100,99915,100,100055,300,99911,100,100061,100,99909,100,100069,100,99904,100,100084,100,99884,100,100097,100,99883,100
2019-06-28 09:33:46.488304045,99949,335,99944,335,99970,435,99938,335,100027,200,99931,100,100045,100,99929,100,100054,100,99915,100,100055,300,99911,100,100061,100,99909,100,100069,100,99904,100,100084,100,99884,100,100097,100,99883,100
2019-06-28 09:33:48.765701520,99949,235,99944,235,99970,435,99938,335,100027,200,99931,100,100045,100,99929,100,100054,100,99915,100,100055,300,99911,100,100061,100,99909,100,100069,100,99904,100,100084,100,99884,100,100097,100,99883,100
2019-06-28 09:33:50.000000000,99970,318,99938,218,100027,318,99931,218,100045,218,99929,218,100054,218,99915,218,100055,300,99911,100,100061,100,99909,100,100069,100,99904,100,100084,100,99884,100,100097,100,99883,100,100104,100,99856,100
2019-06-28 09:34:00.000000000,99970,294,99938,194,100027,294,99931,194,100045,194,99929,194,100054,194,99915,194,100055,394,99911,194,100061,100,99909,100,100069,100,99904,100,100084,100,99884,100,100097,100,99883,100,100104,100,99856,100
2019-06-28 09:34:03.350547432,99948,100,99938,194,99970,294,99931,194,100027,294,99929,194,100045,194,99915,194,100054,194,99911,194,100055,394,99909,100,100061,100,99904,100,100069,100,99884,100,100084,100,99883,100,100097,100,99856,100
2019-06-28 09:34:10.000000000,99948,260,99938,260,99970,355,99931,255,100027,355,99929,255,100045,100,99915,100,100054,100,99911,100,100055,300,99909,100,100061,100,99904,100,100069,100,99884,100,100084,100,99883,100,100097,100,99856,100
2019-06-28 09:34:20.000000000,99948,218,99938,218,99970,318,99931,218,100027,318,99929,218,100045,218,99915,218,100054,100,99911,100,100055,300,99909,100,100061,100,99904,100,100069,100,99884,100,100084,100,99883,100,100097,100,99856,100
2019-06-28 09:34:24.822250103,99948,118,99938,218,99970,318,99931,218,100027,318,99929,218,100045,218,99915,218,100054,100,99911,100,100055,300,99909,100,100061,100,99904,100,100069,100,99884,100,100084,100,99883,100,100097,100,99856,100
2019-06-28 09:34:30.000000000,99970,294,99938,194,100027,294,99931,194,100045,194,99929,194,100054,194,99915,194,100055,394,99911,194,100061,100,99909,100,100069,100,99904,100,100084,100,99884,100,100097,100,99883,100,100104,100,99856,100
2019-06-28 09:34:39.263983966,99970,194,99938,94,100027,294,99931,194,100045,194,99929,194,100054,194,99915,194,100055,394,99911,194,100061,100,99909,100,100069,100,99904,100,100084,100,99884,100,100097,100,99883,100,100104,100,99856,100
2019-06-28 09:34:40.000000000,99970,218,99931,218,100027,318,99929,218,100045,218,99915,218,100054,218,99911,218,100055,300,99909,100,100061,100,99904,100,100069,100,99884,100,100084,100,99883,100,100097,100,99856,100,100104,100,99851,100
2019-06-28 09:34:44.576840047,99970,218,99948,100,100027,318,99931,218,100045,218,99929,218,100054,218,99915,218,100055,300,99911,218,100061,100,99909,100,100069,100,99904,100,100097,100,99884,100,100104,100,99883,100,100116,100,99856,100
2019-06-28 09:34:50.000000000,99970,194,99948,194,100027,294,99931,194,100045,194,99929,194,100054,194,99915,194,100055,394,99911,194,100061,100,99909,100,100069,100,99904,100,100097,100,99884,100,100104,100,99883,100,100116,100,99856,100
2019-06-28 09:35:00.000000000,99970,260,99948,260,100027,355,99931,255,100045,255,99929,255,100054,100,99915,100,100055,300,99911,100,100061,100,99909,100,100069,100,99904,100,100097,100,99884,100,100104,100,99883,100,100116,100,99856,100
2019-06-28 09:35:10.000000000,99970,260,99948,260,100027,355,99931,255,100045,255,99929,255,100054,100,99915,100,100055,300,99911,100,100061,100,99909,100,100069,100,99904,100,100097,100,99884,100,100104,100,99883,100,100116,100,99856,100
2019-06-28 09:35:20.000000000,99970,218,99948,218,100027,318,99931,218,100045,218,99929,218,100054,218,99915,218,100055,300,99911,100,100061,100,99909,100,100069,100,99904,100,100097,100,99884,100,100104,100,99883,100,100116,100,99856,100
2019-06-28 09:35:30.000000000,99970,194,99948,194,100027,294,99931,194,100045,194,99929,194,100054,194,99915,194,100055,394,99911,194,100061,100,99909,100,100069,100,99904,100,100097,100,99884,100,100104,100,99883,100,100116,100,99856,100
2019-06-28 09:35:34.985926704,99970,194,99948,294,100027,294,99931,194,100045,194,99929,194,100054,194,99915,194,100055,394,99911,194,100061,100,99909,100,100069,100,99904,100,100097,100,99884,100,100104,100,99883,100,100116,100,99856,100
2019-06-28 09:35:40.000000000,99970,218,99948,318,100027,318,99931,218,100045,218,99929,218,100054,218,99915,218,100055,300,99911,100,100061,100,99909,100,100069,100,99904,100,100097,100,99884,100,100104,100,99883,100,100116,100,99856,100
2019-06-28 09:35:41.278273113,99969,100,99948,318,99970,218,99931,218,100027,318,99929,218,100045,218,99915,218,100054,218,99911,100,100055,300,99909,100,100061,100,99904,100,100069,100,99884,100,100097,100,99883,100,100104,100,99856,100
2019-06-28 09:35:50.000000000,99969,570,99948,670,99970,100,99931,100,100027,200,99929,100,100045,100,99915,100,100054,100,99911,100,100055,300,99909,100,100061,100,99904,100,100069,100,99884,100,100097,100,99883,100,100104,100,99856,100
2019-06-28 09:36:00.000000000,99969,260,99948,360,99970,255,99931,255,100027,355,99929,255,100045,100,99915,100,100054,100,99911,100,100055,300,99909,100,100061,100,99904,100,100069,100,99884,100,100097,100,99883,100,100104,100,99856,100
2019-06-28 09:36:10.000000000,99969,570,99948,670,99970,100,99931,100,100027,200,99929,100,100045,100,99915,100,100054,100,99911,100,100055,300,99909,100,100061,100,99904,100,100069,100,99884,100,100097,100,99883,100,100104,100,99856,100
2019-06-28 09:36:15.405555429,99969,670,99948,670,99970,100,99931,100,100027,200,99929,100,100045,100,99915,100,100054,100,99911,100,100055,300,99909,100,100061,100,99904,100,100069,100,99884,100,100097,100,99883,100,100104,100,99856,100
2019-06-28 09:36:20.000000000,99969,294,99948,294,99970,194,99931,194,100027,294,99929,194,100045,194,99915,194,100054,194,99911,194,100055,300,99909,100,100061,100,99904,100,100069,100,99884,100,100097,100,99883,100,100104,100,99856,100
2019-06-28 09:36:30.000000000,99969,294,99948,294,99970,194,99931,194,100027,294,99929,194,100045,194,99915,194,100054,194,99911,194,100055,300,99909,100,100061,100,99904,100,100069,100,99884,100,100097,100,99883,100,100104,100,99856,100
2019-06-28 09:36:40.000000000,99969,435,99948,435,99970,335,99931,335,100027,200,99929,100,100045,100,99915,100,100054,100,99911,100,100055,300,99909,100,100061,100,99904,100,100069,100,99884,100,100097,100,99883,100,100104,100,99856,100
2019-06-28 09:36:42.069283545,99969,435,99948,435,99970,335,99931,335,100027,100,99929,100,100045,100,99915,100,100054,100,99911,100,100055,300,99909,100,100061,100,99904,100,100069,100,99884,100,100097,100,99883,100,100104,100,99856,100
2019-06-28 09:36:50.000000000,99969,670,99948,670,99970,100,99931,100,100027,100,99929,100,100045,100,99915,100,100054,100,99911,100,100055,300,99909,100,100061,100,99904,100,100069,100,99884,100,100097,100,99883,100,100104,100,99856,100
2019-06-28 09:36:56.698070359,99969,670,99948,570,99970,100,99931,100,100027,100,99929,100,100045,100,99915,100,100054,100,99911,100,100055,300,99909,100,100061,100,99904,100,100069,100,99884,100,100097,100,99883,100,100104,100,99856,100
2019-06-28 09:37:00.000000000,99969,318,99948,218,99970,218,99931,218,100027,218,99929,218,100045,218,99915,218,100054,100,99911,100,100055,300,99909,100,100061,100,99904,100,100069,100,99884,100,100097,100,99883,100,100104,100,99856,100
2019-06-28 09:37:01.846110858,99969,318,99949,100,99970,218,99948,218,100027,218,99931,218,100045,218,99929,218,100054,100,99915,218,100055,200,99911,100,100061,100,99909,100,100069,100,99904,100,100097,100,99884,100,100104,100,99883,100
2019-06-28 09:37:10.000000000,99969,360,99949,260,99970,255,99948,255,100027,255,99931,255,100045,100,99929,100,100054,100,99915,100,100055,200,99911,100,100061,100,99909,100,100069,100,99904,100,100097,100,99884,100,100104,100,99883,100
2019-06-28 09:37:13.419246685,99968,100,99949,260,99969,360,99948,255,99970,255,99931,255,100027,255,99929,100,100045,100,99915,100,100054,100,99911,100,100055,200,99909,100,100061,100,99904,100,100069,100,99884,100,100097,100,99883,100
2019-06-28 09:37:13.724324651,99968,100,99949,160,99969,360,99948,255,99970,255,99931,255,100027,255,99929,100,100045,100,99915,100,100054,100,99911,100,100055,200,99909,100,100061,100,99904,100,100069,100,99884,100,100097,100,99883,100
2019-06-28 09:37:20.000000000,99968,218,99948,218,99969,318,99931,218,99970,218,99929,218,100027,218,99915,218,100045,100,99911,100,100054,100,99909,100,100055,200,99904,100,100061,100,99884,100,100069,100,99883,100,100097,100,99856,100
2019-06-28 09:37:21.657022730,99968,218,99948,218,99969,318,99931,218,99970,218,99929,218,100027,218,99915,218,100045,100,99911,100,100054,100,99909,100,100055,200,99904,100,100061,100,99884,100,100069,100,99883,100,100097,100,99856,100
2019-06-28 09:37:30.000000000,99968,194,99948,194,99969,294,99931,194,99970,194,99929,194,100027,194,99915,194,100045,194,99911,194,100054,100,99909,100,100055,200,99904,100,100061,100,99884,100,100069,100,99883,100,100097,100,99856,100
2019-06-28 09:37:40.000000000,99968,218,99948,218,99969,318,99931,218,99970,218,99929,218,100027,218,99915,218,100045,100,99911,100,100054,100,99909,100,100055,200,99904,100,100061,100,99884,100,100069,100,99883,100,100097,100,99856,100
2019-06-28 09:37:40.782789598,99968,218,99950,100,99969,318,99948,218,99970,218,99931,218,100027,218,99929,218,100045,100,99915,218,100054,100,99911,100,100055,200,99909,100,100061,100,99904,100,100069,100,99884,100,100097,100,99883,100
2019-06-28 09:37:48.149652841,99968,218,99950,100,99969,318,99948,218,99970,218,99931,218,100027,218,99929,218,100045,100,99915,218,100054,100,99911,100,100055,200,99909,100,100061,100,99904,100,100069,100,99884,100,100097,100,99883,100
2019-06-28 09:37:50.000000000,99968,335,99950,335,99969,435,99948,335,99970,100,99931,100,100027,100,99929,100,100045,100,99915,100,100054,100,99911,100,100055,200,99909,100,100061,100,99904,100,100069,100,99884,100,100097,100,99883,100
2019-06-28 09:38:00.000000000,99968,570,99950,570,99969,200,99948,100,99970,100,99931,100,100027,100,99929,100,100045,100,99915,100,100054,100,99911,100,100055,200,99909,100,100061,100,99904,100,100069,100,99884,100,100097,100,99883,100
2019-06-28 09:38:10.000000000,99968,218,99950,218,99969,318,99948,218,99970,218,99931,218,100027,218,99929,218,100045,100,99915,100,100054,100,99911,100,100055,200,99909,100,100061,100,99904,100,100069,100,99884,100,100097,100,99883,100
2019-06-28 09:38:20.000000000,99968,218,99950,218,99969,318,99948,218,99970,218,99931,218,100027,218,99929,218,100045,100,99915,100,100054,100,99911,100,100055,200,99909,100,100061,100,99904,100,100069,100,99884,100,100097,100,99883,100
2019-06-28 09:38:29.659759793,99968,118,99950,218,99969,318,99948,218,99970,218,99931,218,100027,218,99929,218,100045,100,99915,100,100054,100,99911,100,100055,200,99909,100,100061,100,99904,100,100069,100,99884,100,100097,100,99883,100
2019-06-28 09:38:30.000000000,99969,360,99950,260,99970,255,99948,255,100027,255,99931,255,100045,100,99929,100,100054,100,99915,100,100055,200,99911,100,100061,100,99909,100,100069,100,99904,100,100097,100,99884,100,100104,100,99883,100
2019-06-28 09:38:30.026296211,99969,260,99950,260,99970,255,99948,255,100027,255,99931,255,100045,100,99929,100,100054,100,99915,100,100055,200,99911,100,100061,100,99909,100,100069,100,99904,100,100097,100,99884,100,100104,100,99883,100
2019-06-28 09:38:40.000000000,99969,260,99950,260,99970,255,99948,255,100027,255,99931,255,100045,100,99929,100,100054,100,99915,100,100055,200,99911,100,100061,100,99909,100,100069,100,99904,100,100097,100,99884,100,100104,100,99883,100
2019-06-28 09:38:50.000000000,99969,218,99950,218,99970,218,99948,218,100027,218,99931,218,100045,218,99929,218,100054,100,99915,100,100055,200,99911,100,100061,100,99909,100,100069,100,99904,100,100097,100,99884,100,100104,100,99883,100
2019-06-28 09:39:00.000000000,99969,260,99950,260,99970,255,99948,255,100027,255,99931,255,100045,100,99929,100,100054,100,99915,100,100055,200,99911,100,100061,100,99909,100,100069,100,99904,100,100097,100,99884,100,100104,100,99883,100
2019-06-28 09:39:08.806378879,99969,160,99950,260,99970,255,99948,255,100027,255,99931,255,100045,100,99915,100,100054,100,99911,100,100055,200,99909,100,100061,100,99904,100,100069,100,99884,100,100097,100,99883,100,100104,100,99856,100
2019-06-28 09:39:08.823176830,99969,60,99950,260,99970,255,99948,255,100027,255,99931,255,100045,100,99915,100,100054,100,99911,100,100055,100,99909,100,100061,100,99904,100,100069,100,99884,100,100097,100,99883,100,100104,100,99856,100
2019-06-28 09:39:10.000000000,99970,570,99950,570,100027,100,99948,100,100045,100,99931,100,100054,100,99915,100,100055,100,99911,100,100061,100,99909,100,100069,100,99904,100,100097,100,99884,100,100104,100,99883,100,100117,100,99856,100
2019-06-28 09:39:20.000000000,99970,335,99950,335,100027,335,99948,335,100045,100,99931,100,100054,100,99915,100,100055,100,99911,100,100061,100,99909,100,100069,100,99904,100,100097,100,99884,100,100104,100,99883,100,100117,100,99856,100
2019-06-28 09:39:30.000000000,99970,335,99950,335,100027,335,99948,335,100045,100,99931,100,100054,100,99915,100,100055,100,99911,100,100061,100,99909,100,100069,100,99904,100,100097,100,99884,100,100104,100,99883,100,100117,100,99856,100
2019-06-28 09:39:40.000000000,99970,194,99950,194,100027,194,99948,194,100045,194,99931,194,100054,194,99915,194,100055,194,99911,194,100061,100,99909,100,100069,100,99904,100,100097,100,99884,100,100104,100,99883,100,100117,100,99856,100
2019-06-28 09:39:50.000000000,99970,570,99950,570,100027,100,99948,100,100045,100,99931,100,100054,100,99915,100,100055,100,99911,100,100061,100,99909,100,100069,100,99904,100,100097,100,99884,100,100104,100,99883,100,100117,100,99856,100
2019-06-28 09:39:50.572804096,99970,470,99950,570,100027,100,99948,100,100045,100,99931,100,100054,100,99915,100,100055,100,99911,100,100061,100,99909,100,100069,100,99904,100,100097,100,99884,100,100104,100,99883,100,100117,100,99856,100
2019-06-28 09:40:00.000000000,100027,335,99950,335,100045,335,99948,335,100054,100,99931,100,100055,100,99915,100,100061,100,99911,100,100069,100,99909,100,100097,100,99904,100,100104,100,99884,100,100117,100,99883,100,100146,100,99856,100
2019-06-28 09:40:03.603065299,100027,335,99950,335,100045,335,99948,335,100054,100,99931,100,100055,100,99915,100,100061,100,99911,100,100069,100,99909,100,100097,100,99904,100,100104,100,99884,100,100117,100,99883,100,100146,100,99856,100
2019-06-28 09:40:06.873528236,100027,335,99969,100,100045,335,99950,235,100054,100,99948,335,100055,100,99931,100,100061,100,99915,100,100069,100,99911,100,100097,100,99909,100,100104,100,99904,100,100117,100,99884,100,100146,100,99883,100
2019-06-28 09:40:10.000000000,100027,260,99969,260,100045,255,99948,255,100054,255,99931,255,100055,100,99915,100,100061,100,99911,100,100069,100,99909,100,100097,100,99904,100,100104,100,99884,100,100117,100,99883,100,100146,100,99856,100
2019-06-28 09:40:20.000000000,100027,335,99969,335,100045,335,99948,335,100054,100,99931,100,100055,100,99915,100,100061,100,99911,100,100069,100,99909,100,100097,100,99904,100,100104,100,99884,100,100117,100,99883,100,100146,100,99856,100
2019-06-28 09:40:25.335816388,100027,335,99987,100,100045,335,99969,335,100054,100,99948,335,100055,100,99931,100,100061,100,99915,100,100069,100,99911,100,100097,100,99909,100,100104,100,99904,100,100117,100,99884,100,100146,100,99883,100
2019-06-28 09:40:30.000000000,100027,194,99987,194,100045,194,99969,194,100054,194,99948,194,100055,194,99931,194,100061,194,99915,194,100069,100,99911,100,100097,100,99909,100,100104,100,99904,100,100117,100,99884,100,100146,100,99883,100
2019-06-28 09:40:37.020640353,100027,194,99987,194,100045,194,99969,194,100047,100,99948,194,100054,194,99931,194,100055,194,99915,194,100061,194,99911,100,100069,100,99909,100,100097,100,99904,100,100104,100,99883,100,100117,100,99856,100
2019-06-28 09:40:37.939582141,100027,194,99987,194,100045,194,99972,100,100047,100,99969,194,100054,194,99948,194,100055,194,99931,194,100061,194,99915,194,100069,100,99911,100,100097,100,99909,100,100104,100,99904,100,100117,100,99883,100
2019-06-28 09:40:40.000000000,100027,194,99987,194,100045,194,99972,194,100047,194,99969,194,100054,194,99948,194,100055,194,99931,194,100061,100,99915,100,100069,100,99911,100,100097,100,99909,100,100104,100,99904,100,100117,100,99883,100
2019-06-28 09:40:50.000000000,100027,335,99987,335,100045,335,99972,335,100047,100,99969,100,100054,100,99948,100,100055,100,99931,100,100061,100,99915,100,100069,100,99911,100,100097,100,99909,100,100104,100,99904,100,100117,100,99883,100
2019-06-28 09:41:00.000000000,100027,570,99987,570,100045,100,99972,100,100047,100,99969,100,100054,100,99948,100,100055,100,99931,100,100061,100,99915,100,100069,100,99911,100,100097,100,99909,100,100104,100,99904,100,100117,100,99883,100
2019-06-28 09:41:10.000000000,100027,260,99987,260,100045,255,99972,255,100047,255,99969,255,100054,100,99948,100,100055,100,99931,100,100061,100,99915,100,100069,100,99911,100,100097,100,99909,100,100104,100,99904,100,100117,100,99883,100
2019-06-28 09:41:20.000000000,100027,218,99987,218,100045,218,99972,218,100047,218,99969,218,100054,218,99948,218,100055,100,99931,100,100061,100,99915,100,100069,100,99911,100,100097,100,99909,100,100104,100,99904,100,100117,100,99883,100
2019-06-28 09:41:20.669353691,100027,218,99987,218,100045,218,99972,218,100047,218,99969,318,100054,218,99948,218,100055,100,99931,100,100061,100,99915,100,100069,100,99911,100,100097,100,99909,100,100104,100,99904,100,100117,100,99883,100
2019-06-28 09:41:23.667174667,100027,218,99987,218,100045,218,99972,218,100047,218,99969,318,100054,218,99948,218,100055,100,99944,100,100061,100,99931,100,100069,100,99915,100,100097,100,99911,100,100104,100,99909,100,100117,100,99904,100
2019-06-28 09:41:30.000000000,100027,194,99987,194,100045,194,99972,194,100047,194,99969,294,100054,194,99948,194,100055,194,99944,194,100061,100,99931,100,100069,100,99915,100,100097,100,99911,100,100104,100,99909,100,100117,100,99904,100
2019-06-28 09:41:35.623611274,100027,194,99987,194,100045,194,99972,194,100047,194,99969,294,100054,194,99948,194,100055,194,99944,194,100061,100,99931,100,100069,100,99915,100,100097,100,99911,100,100104,100,99909,100,100117,100,99904,100
2019-06-28 09:41:36.069254701,100027,94,99987,194,100045,194,99972,194,100047,194,99969,294,100054,194,99948,194,100055,194,99944,194,100061,100,99931,100,100069,100,99915,100,100097,100,99911,100,100104,100,99909,100,100117,100,99904,100
2019-06-28 09:41:40.000000000,100045,335,99987,335,100047,335,99972,335,100054,100,99969,200,100055,100,99948,100,100061,100,99944,100,100069,100,99931,100,100097,100,99915,100,100104,100,99911,100,100117,100,99909,100,100146,100,99904,100
2019-06-28 09:41:47.028122364,100045,235,99987,335,100047,335,99972,335,100054,100,99969,200,100055,100,99948,100,100061,100,99944,100,100097,100,99931,100,100104,100,99915,100,100117,100,99911,100,100146,100,99909,100,100156,100,99904,100
2019-06-28 09:41:50.000000000,100047,218,99987,218,100054,218,99972,218,100055,218,99969,318,100061,218,99948,218,100097,100,99944,100,100104,100,99931,100,100117,100,99915,100,100146,100,99911,100,100156,100,99909,100,100161,100,99904,100
2019-06-28 09:42:00.000000000,100047,194,99987,194,100054,194,99972,194,100055,194,99969,294,100061,194,99948,194,100097,194,99944,194,100104,100,99931,100,100117,100,99915,100,100146,100,99911,100,100156,100,99909,100,100161,100,99904,100
2019-06-28 09:42:10.000000000,100047,194,99987,194,100054,194,99972,194,100055,194,99969,294,100061,194,99948,194,100097,194,99944,194,100104,100,99931,100,100117,100,99915,100,100146,100,99911,100,100156,100,99909,100,100161,100,99904,100
2019-06-28 09:42:20.000000000,100047,194,99987,194,100054,194,99972,194,100055,194,99969,294,100061,194,99948,194,100097,194,99944,194,100104,100,99931,100,100117,100,99915,100,100146,100,99911,100,100156,100,99909,100,100161,100,99904,100
2019-06-28 09:42:22.037238904,100047,194,99987,194,100054,194,99972,194,100055,194,99969,294,100061,194,99948,194,100097,194,99944,194,100104,100,99931,100,100117,100,99915,100,100146,100,99911,100,100156,100,99909,100,100161,100,99904,100
2019-06-28 09:42:30.000000000,100047,570,99987,570,100054,100,99972,100,100055,100,99969,200,100061,100,99948,100,100097,100,99944,100,100104,100,99931,100,100117,100,99915,100,100146,100,99911,100,100156,100,99909,100,100161,100,99904,100
2019-06-28 09:42:32.479321593,100047,570,99987,570,100054,100,99972,100,100055,100,99969,200,100061,100,99948,100,100097,100,99944,100,100104,100,99931,100,100117,100,99915,100,100146,100,99911,100,100156,100,99909,100,100161,100,99904,100
2019-06-28 09:42:33.973863429,100047,570,99987,570,100054,100,99972,100,100055,100,99969,200,100061,100,99948,100,100097,100,99944,100,100104,100,99931,100,100117,100,99915,100,100146,100,99911,100,100156,100,99909,100,100161,100,99904,100
2019-06-28 09:42:40.000000000,100047,570,99987,570,100054,100,99972,100,100055,100,99969,200,100061,100,99948,100,100097,100,99944,100,100104,100,99931,100,100117,100,99915,100,100146,100,99911,100,100156,100,99909,100,100161,100,99904,100
2019-06-28 09:42:50.000000000,100047,335,99987,335,100054,335,99972,335,100055,100,99969,200,100061,100,99948,100,100097,100,99944,100,100104,100,99931,100,100117,100,99915,100,100146,100,99911,100,100156,100,99909,100,100161,100,99904,100
2019-06-28 09:43:00.000000000,100047,335,99987,335,100054,335,99972,335,100055,100,99969,200,100061,100,99948,100,100097,100,99944,100,100104,100,99931,100,100117,100,99915,100,100146,100,99911,100,100156,100,99909,100,100161,100,99904,100
2019-06-28 09:43:10.000000000,100047,570,99987,570,100054,100,99972,100,100055,100,99969,200,100061,100,99948,100,100097,100,99944,100,100104,100,99931,100,100117,100,99915,100,100146,100,99911,100,100156,100,99909,100,100161,100,99904,100
2019-06-28 09:43:20.000000000,100047,194,99987,194,100054,194,99972,194,100055,194,99969,294,100061,194,99948,194,100097,194,99944,194,100104,100,99931,100,100117,100,99915,100,100146,100,99911,100,100156,100,99909,100,100161,100,99904,100
2019-06-28 09:43:25.884888981,100047,194,99987,194,100054,194,99972,194,100055,194,99969,294,100061,194,99948,194,100097,194,99944,194,100104,100,99931,100,100117,100,99915,100,100146,100,99911,100,100156,100,99909,100,100161,100,99904,100
2019-06-28 09:43:30.000000000,100047,570,99987,570,100054,100,99972,100,100055,100,99969,200,100061,100,99948,100,100097,100,99944,100,100104,100,99931,100,100117,100,99915,100,100146,100,99911,100,100156,100,99909,100,100161,100,99904,100
2019-06-28 09:43:34.679887211,100047,570,99987,570,100054,100,99972,100,100055,100,99969,200,100061,100,99948,100,100097,100,99944,100,100104,100,99931,100,100117,100,99915,100,100146,100,99911,100,100156,100,99909,100,100161,100,99904,100
2019-06-28 09:43:40.000000000,100047,260,99987,260,100054,255,99972,255,100055,255,99969,355,100061,100,99948,100,100097,100,99944,100,100104,100,99931,100,100117,100,99915,100,100146,100,99911,100,100156,100,99909,100,100161,100,99904,100
2019-06-28 09:43:42.378477664,100047,260,99987,260,100054,255,99972,255,100055,255,99969,355,100061,100,99948,100,100097,100,99944,100,100104,100,99931,100,100117,100,99915,100,100146,100,99911,100,100156,100,99909,100,100161,100,99904,100
2019-06-28 09:43:46.388177083,100047,260,99987,160,100054,255,99972,255,100055,255,99969,355,100061,100,99948,100,100097,100,99944,100,100104,100,99931,100,100117,100,99915,100,100146,100,99911,100,100156,100,99909,100,100161,100,99904,100
2019-06-28 09:43:50.000000000,100047,570,99972,570,100054,100,99969,200,100055,100,99948,100,100061,100,99944,100,100097,100,99931,100,100104,100,99915,100,100117,100,99911,100,100146,100,99909,100,100156,100,99904,100,100161,100,99883,100
2019-06-28 09:43:52.629793169,100047,570,99972,570,100054,100,99969,200,100055,100,99948,100,100061,100,99944,100,100097,100,99931,100,100104,100,99915,100,100117,100,99911,100,100146,100,99909,100,100156,100,99904,100,100161,100,99883,100
2019-06-28 09:44:00.000000000,100047,218,99972,218,100054,218,99969,318,100055,218,99948,218,100061,218,99944,218,100097,100,99931,100,100104,100,99915,100,100117,100,99911,100,100146,100,99909,100,100156,100,99904,100,100161,100,99883,100
2019-06-28 09:44:10.000000000,100047,218,99972,218,100054,218,99969,318,100055,218,99948,218,100061,218,99944,218,100097,100,99931,100,100104,100,99915,100,100117,100,99911,100,100146,100,99909,100,100156,100,99904,100,100161,100,99883,100
2019-06-28 09:44:10.121732311,100047,218,99972,218,100054,218,99969,318,100055,218,99948,218,100061,218,99944,218,100097,100,99931,100,100104,100,99915,100,100117,100,99911,100,100146,100,99909,100,100156,100,99904,100,100161,100,99883,100
2019-06-28 09:44:18.035205311,100047,218,99972,118,100054,218,99969,318,100055,218,99948,218,100061,218,99944,218,100097,100,99931,100,100104,100,99915,100,100117,100,99911,100,100146,100,99909,100,100156,100,99904,100,100161,100,99883,100
2019-06-28 09:44:20.000000000,100047,260,99969,360,100054,255,99948,255,100055,255,99944,255,100061,100,99931,100,100097,100,99915,100,100104,100,99911,100,100117,100,99909,100,100146,100,99904,100,100156,100,99883,100,100161,100,99841,100
2019-06-28 09:44:25.390939995,100047,260,99969,260,100054,255,99948,255,100055,255,99944,255,100061,100,99931,100,100097,100,99915,100,100104,100,99911,100,100117,100,99909,100,100146,100,99904,100,100156,100,99883,100,100161,100,99841,100
2019-06-28 09:44:30.000000000,100047,260,99969,260,100054,255,99948,255,100055,255,99944,255,100061,100,99931,100,100097,100,99915,100,100104,100,99911,100,100117,100,99909,100,100146,100,99904,100,100156,100,99883,100,100161,100,99841,100
2019-06-28 09:44:40.000000000,100047,194,99969,194,100054,194,99948,194,100055,194,99944,194,100061,194,99931,194,100097,194,99915,194,100104,100,99911,100,100117,100,99909,100,100146,100,99904,100,100156,100,99883,100,100161,100,99841,100
2019-06-28 09:44:50.000000000,100047,260,99969,260,100054,255,99948,255,100055,255,99944,255,100061,100,99931,100,100097,100,99915,100,100104,100,99911,100,100117,100,99909,100,100146,100,99904,100,100156,100,99883,100,100161,100,99841,100
2019-06-28 09:44:52.198803335,100047,260,99969,260,100054,255,99948,255,100055,255,99944,255,100061,100,99931,100,100097,100,99915,100,100104,100,99911,100,100117,100,99909,100,100146,100,99904,100,100156,100,99883,100,100161,100,99841,100
2019-06-28 09:45:00.000000000,100047,570,99969,570,100054,100,99948,100,100055,100,99944,100,100061,100,99931,100,100097,100,99915,100,100104,100,99911,100,100117,100,99909,100,100146,100,99904,100,100156,100,99883,100,100161,100,99841,100
2019-06-28 09:45:09.206062312,100047,570,99969,570,100054,100,99948,100,100055,100,99944,100,100061,100,99931,100,100097,100,99915,100,100104,100,99911,100,100117,100,99909,100,100146,100,99904,100,100156,100,99883,100,100161,100,99841,100
2019-06-28 09:45:10.000000000,100047,260,99969,260,100054,255,99948,255,100055,255,99944,255,100061,100,99931,100,100097,100,99915,100,100104,100,99911,100,100117,100,99909,100,100146,100,99904,100,100156,100,99883,100,100161,100,99841,100
2019-06-28 09:45:20.000000000,100047,194,99969,194,100054,194,99948,194,100055,194,99944,194,100061,194,99931,194,100097,194,99915,194,100104,100,99911,100,100117,100,99909,100,100146,100,99904,100,100156,100,99883,100,100161,100,99841,100
2019-06-28 09:45:22.818552569,100047,194,99969,194,100054,194,99948,194,100055,194,99944,194,100061,194,99931,194,100097,194,99915,194,100117,100,99911,100,100146,100,99909,100,100156,100,99904,100,100161,100,99883,100,100200,100,99841,100
2019-06-28 09:45:30.000000000,100047,260,99969,260,100054,255,99948,255,100055,255,99944,255,100061,100,99931,100,100097,100,99915,100,100117,100,99911,100,100146,100,99909,100,100156,100,99904,100,100161,100,99883,100,100200,100,99841,100
2019-06-28 09:45:40.000000000,100047,570,99969,570,100054,100,99948,100,100055,100,99944,100,100061,100,99931,100,100097,100,99915,100,100117,100,99911,100,100146,100,99909,100,100156,100,99904,100,100161,100,99883,100,100200,100,99841,100
2019-06-28 09:45:40.700674756,99972,100,99969,570,100047,570,99948,100,100054,100,99944,100,100055,100,99931,100,100061,100,99915,100,100097,100,99911,100,100117,100,99909,100,100146,100,99904,100,100156,100,99883,100,100161,100,99841,100
2019-06-28 09:45:49.455442259,99972,100,99969,470,100047,570,99948,100,100054,100,99944,100,100055,100,99931,100,100061,100,99915,100,100097,100,99911,100,100117,100,99909,100,100146,100,99904,100,100156,100,99883,100,100161,100,99841,100
2019-06-28 09:45:50.000000000,99972,260,99948,260,100047,255,99944,255,100054,255,99931,255,100055,100,99915,100,100061,100,99911,100,100097,100,99909,100,100117,100,99904,100,100146,100,99883,100,100156,100,99841,100,100161,100,99832,100
2019-06-28 09:45:58.371477247,99972,260,99948,260,100047,255,99944,255,100054,255,99931,255,100055,100,99915,100,100061,100,99911,100,100097,100,99909,100,100117,100,99883,100,100146,100,99841,100,100156,100,99832,100,100161,100,99830,100
2019-06-28 09:46:00.000000000,99972,335,99948,335,100047,335,99944,335,100054,100,99931,100,100055,100,99915,100,100061,100,99911,100,100097,100,99909,100,100117,100,99883,100,100146,100,99841,100,100156,100,99832,100,100161,100,99830,100
2019-06-28 09:46:01.656112254,99969,100,99948,335,99972,335,99944,335,100047,335,99931,100,100054,100,99915,100,100055,100,99911,100,100061,100,99909,100,100097,100,99883,100,100117,100,99841,100,100146,100,99832,100,100156,100,99830,100
2019-06-28 09:46:03.515649057,99969,200,99948,335,99972,335,99944,335,100047,335,99931,100,100054,100,99915,100,100055,100,99911,100,100061,100,99909,100,100097,100,99883,100,100117,100,99841,100,100146,100,99832,100,100156,100,99830,100
2019-06-28 09:46:10.000000000,99969,360,99948,260,99972,255,99944,255,100047,255,99931,255,100054,100,99915,100,100055,100,99911,100,100061,100,99909,100,100097,100,99883,100,100117,100,99841,100,100146,100,99832,100,100156,100,99830,100
2019-06-28 09:46:16.589385344,99969,360,99948,260,99972,255,99944,255,100047,255,99931,255,100054,100,99915,100,100055,100,99911,100,100061,100,99909,100,100097,100,99883,100,100117,100,99841,100,100146,100,99832,100,100156,100,99830,100
2019-06-28 09:46:20.000000000,99969,360,99948,260,99972,255,99944,255,100047,255,99931,255,100054,100,99915,100,100055,100,99911,100,100061,100,99909,100,100097,100,99883,100,100117,100,99841,100,100146,100,99832,100,100156,100,99830,100
2019-06-28 09:46:30.000000000,99969,360,99948,260,99972,255,99944,255,100047,255,99931,255,100054,100,99915,100,100055,100,99911,100,100061,100,99909,100,100097,100,99883,100,100117,100,99841,100,100146,100,99832,100,100156,100,99830,100
2019-06-28 09:46:34.559357252,99969,360,99948,260,99972,255,99944,255,100047,255,99931,255,100054,100,99915,100,100055,100,99911,100,100061,100,99909,100,100117,100,99883,100,100146,100,99841,100,100156,100,99832,100,100161,100,99830,100
2019-06-28 09:46:38.597621269,99969,360,99948,160,99972,255,99944,255,100047,255,99931,255,100054,100,99915,100,100055,100,99911,100,100061,100,99909,100,100117,100,99883,100,100146,100,99841,100,100156,100,99832,100,100161,100,99830,100
2019-06-28 09:46:40.000000000,99969,435,99944,335,99972,335,99931,335,100047,100,99915,100,100054,100,99911,100,100055,100,99909,100,100061,100,99883,100,100117,100,99841,100,100146,100,99832,100,100156,100,99830,100,100161,100,99794,100
2019-06-28 09:46:46.313384625,99969,435,99944,335,99972,235,99931,335,100047,100,99915,100,100054,100,99911,100,100055,100,99909,100,100061,100,99883,100,100117,100,99841,100,100146,100,99832,100,100156,100,99830,100,100161,100,99794,100
2019-06-28 09:46:50.000000000,99969,318,99944,218,100047,218,99931,218,100054,218,99915,218,100055,218,99911,218,100061,100,99909,100,100117,100,99883,100,100146,100,99841,100,100156,100,99832,100,100161,100,99830,100,100200,100,99794,100
2019-06-28 09:46:54.955475996,99969,318,99944,218,100047,218,99931,218,100054,218,99915,218,100055,218,99911,218,100061,100,99909,100,100146,100,99883,100,100156,100,99841,100,100161,100,99832,100,100200,100,99830,100,,,99794,100
2019-06-28 09:46:57.025768584,99969,318,99944,218,100047,218,99931,218,100054,218,99915,218,100055,218,99911,218,100061,100,99909,100,100146,100,99841,100,100156,100,99832,100,100161,100,99830,100,100200,100,99794,100,,,99705,100
2019-06-28 09:46:57.381350539,99969,318,99944,118,100047,218,99931,218,100054,218,99915,218,100055,218,99911,218,100061,100,99909,100,100146,100,99841,100,100156,100,99832,100,100161,100,99830,100,100200,100,99794,100,,,99705,100
2019-06-28 09:47:00.000000000,99969,360,99931,260,100047,255,99915,255,100054,255,99911,255,100055,100,99909,100,100061,100,99841,100,100146,100,99832,100,100156,100,99830,100,100161,100,99794,100,100200,100,99705,100,,,99685,100
2019-06-28 09:47:01.871898561,99969,360,99931,160,100047,255,99915,255,100054,255,99911,255,100055,100,99909,100,100061,100,99841,100,100146,100,99832,100,100156,100,99830,100,100161,100,99794,100,100200,100,99705,100,,,99685,100
2019-06-28 09:47:04.043020471,99969,360,99931,160,100047,255,99915,255,100054,255,99911,255,100055,100,99909,100,100061,100,99841,100,100146,100,99832,100,100156,100,99830,100,100161,100,99794,100,100200,100,99705,100,,,99685,100
2019-06-28 09:47:09.924924107,99969,360,99931,160,100047,255,99915,255,100054,255,99911,255,100055,100,99909,100,100061,100,99841,100,100146,100,99832,100,100156,100,99830,100,100161,100,99794,100,100200,100,99705,100,,,99685,100
2019-06-28 09:47:10.000000000,99969,670,99915,570,100047,100,99911,100,100054,100,99909,100,100055,100,99841,100,100061,100,99832,100,100146,100,99830,100,100156,100,99794,100,100161,100,99705,100,100200,100,99685,100,,,99646,100
2019-06-28 09:47:20.000000000,99969,318,99915,218,100047,218,99911,218,100054,218,99909,218,100055,218,99841,218,100061,100,99832,100,100146,100,99830,100,100156,100,99794,100,100161,100,99705,100,100200,100,99685,100,,,99646,100
2019-06-28 09:47:27.472017796,99944,100,99915,218,99969,218,99911,218,100047,218,99909,218,100054,218,99841,218,100055,218,99832,100,100061,100,99830,100,100146,100,99794,100,100156,100,99705,100,100161,100,99685,100,100200,100,99646,100
2019-06-28 09:47:30.000000000,99944,570,99915,570,99969,100,99911,100,100047,100,99909,100,100054,100,99841,100,100055,100,99832,100,100061,100,99830,100,100146,100,99794,100,100156,100,99705,100,100161,100,99685,100,100200,100,99646,100
2019-06-28 09:47:40.000000000,99944,218,99915,218,99969,218,99911,218,100047,218,99909,218,100054,218,99841,218,100055,100,99832,100,100061,100,99830,100,100146,100,99794,100,100156,100,99705,100,100161,100,99685,100,100200,100,99646,100
2019-06-28 09:47:40.016265014,99944,218,99915,118,99969,218,99911,218,100047,118,99909,218,100054,218,99841,218,100055,100,99832,100,100061,100,99830,100,100146,100,99794,100,100156,100,99705,100,100161,100,99685,100,100200,100,99646,100
2019-06-28 09:47:50.000000000,99944,570,99911,570,99969,100,99909,100,100054,100,99841,100,100055,100,99832,100,100061,100,99830,100,100146,100,99794,100,100156,100,99705,100,100161,100,99685,100,100200,100,99646,100,,,99645,100
2019-06-28 09:47:59.413238494,99944,570,99911,570,99969,100,99909,100,100054,100,99841,100,100055,100,99832,100,100061,100,99830,100,100146,100,99794,100,100156,100,99705,100,100161,100,99685,100,100200,100,99646,100,,,99645,100
2019-06-28 09:48:00.000000000,99944,260,99911,260,99969,255,99909,255,100054,255,99841,255,100055,100,99832,100,100061,100,99830,100,100146,100,99794,100,100156,100,99705,100,100161,100,99685,100,100200,100,99646,100,,,99645,100
2019-06-28 09:48:10.000000000,99944,194,99911,194,99969,194,99909,194,100054,194,99841,194,100055,194,99832,194,100061,194,99830,194,100146,100,99794,100,100156,100,99705,100,100161,100,99685,100,100200,100,99646,100,,,99645,100
2019-06-28 09:48:20.000000000,99944,260,99911,260,99969,255,99909,255,100054,255,99841,255,100055,100,99832,100,100061,100,99830,100,100146,100,99794,100,100156,100,99705,100,100161,100,99685,100,100200,100,99646,100,,,99645,100
2019-06-28 09:48:30.000000000,99944,218,99911,218,99969,218,99909,218,100054,218,99841,218,100055,218,99832,218,100061,100,99830,100,100146,100,99794,100,100156,100,99705,100,100161,100,99685,100,100200,100,99646,100,,,99645,100
2019-06-28 09:48:35.595105885,99944,218,99911,118,99969,218,99909,218,100054,218,99841,218,100055,218,99832,218,100061,100,99830,100,100146,100,99794,100,100156,100,99705,100,100161,100,99685,100,100200,100,99646,100,,,99645,100
2019-06-28 09:48:40.000000000,99944,260,99909,260,99969,255,99841,255,100054,255,99832,255,100055,100,99830,100,100061,100,99794,100,100146,100,99705,100,100156,100,99685,100,100161,100,99646,100,100200,100,99645,100,,,99636,100
2019-06-28 09:48:50.000000000,99944,335,99909,335,99969,335,99841,335,100054,100,99832,100,100055,100,99830,100,100061,100,99794,100,100146,100,99705,100,100156,100,99685,100,100161,100,99646,100,100200,100,99645,100,,,99636,100
2019-06-28 09:48:55.960961759,99944,335,99909,335,99969,335,99841,335,100054,100,99832,100,100055,100,99830,100,100061,100,99794,100,100146,100,99705,100,100156,100,99685,100,100161,100,99646,100,100200,100,99645,100,,,99636,100
2019-06-28 09:49:00.000000000,99944,260,99909,260,99969,255,99841,255,100054,255,99832,255,100055,100,99830,100,100061,100,99794,100,100146,100,99705,100,100156,100,99685,100,100161,100,99646,100,100200,100,99645,100,,,99636,100
2019-06-28 09:49:06.145915814,99944,260,99909,260,99969,255,99841,255,100054,255,99832,255,100055,100,99830,100,100061,100,99794,100,100146,100,99705,100,100156,100,99685,100,100161,100,99646,100,100200,100,99645,100,,,99636,100
2019-06-28 09:49:10.000000000,99944,218,99909,218,99969,218,99841,218,100054,218,99832,218,100055,218,99830,218,100061,100,99794,100,100146,100,99705,100,100156,100,99685,100,100161,100,99646,100,100200,100,99645,100,,,99636,100
2019-06-28 09:49:15.082275965,99915,100,99909,218,99944,218,99841,218,99969,218,99832,218,100054,218,99830,218,100055,218,99794,100,100061,100,99705,100,100146,100,99685,100,100156,100,99646,100,100161,100,99645,100,100200,100,99636,100
2019-06-28 09:49:20.000000000,99915,218,99909,218,99944,218,99841,218,99969,218,99832,218,100054,218,99830,218,100055,100,99794,100,100061,100,99705,100,100146,100,99685,100,100156,100,99646,100,100161,100,99645,100,100200,100,99636,100
2019-06-28 09:49:27.076837166,99915,318,99909,218,99944,218,99841,218,99969,118,99832,218,100054,218,99830,218,100055,100,99794,100,100061,100,99705,100,100146,100,99685,100,100156,100,99646,100,100161,100,99645,100,100200,100,99636,100
2019-06-28 09:49:30.000000000,99915,318,99909,218,99944,218,99841,218,100054,218,99832,218,100055,218,99830,218,100061,100,99794,100,100146,100,99705,100,100156,100,99685,100,100161,100,99646,100,100200,100,99645,100,,,99636,100
2019-06-28 09:49:38.293574515,99915,318,99909,218,99944,218,99841,218,100054,218,99832,218,100055,218,99830,218,100061,100,99794,100,100146,100,99705,100,100156,100,99685,100,100161,100,99646,100,100200,100,99645,100,,,99636,100
2019-06-28 09:49:40.000000000,99915,318,99909,218,99944,218,99841,218,100054,218,99832,218,100055,218,99830,218,100061,100,99794,100,100146,100,99705,100,100156,100,99685,100,100161,100,99646,100,100200,100,99645,100,,,99636,100
2019-06-28 09:49:42.516971069,99915,318,99909,218,99944,218,99841,218,100054,218,99832,218,100055,218,99830,218,100061,100,99794,100,100146,100,99705,100,100156,100,99685,100,100161,100,99646,100,100200,100,99645,100,,,99636,100
2019-06-28 09:49:46.012650727,99915,318,99909,118,99944,218,99841,218,100054,218,99832,218,100055,218,99830,218,100061,100,99794,100,100146,100,99705,100,100156,100,99685,100,100161,100,99646,100,100200,100,99645,100,,,99636,100
2019-06-28 09:49:50.000000000,99915,670,99841,570,99944,100,99832,100,100054,100,99830,100,100055,100,99794,100,100061,100,99705,100,100146,100,99685,100,100156,100,99646,100,100161,100,99645,100,100200,100,99636,100,,,99589,100
2019-06-28 09:49:58.997384996,99915,670,99841,470,99944,100,99832,100,100054,100,99830,100,100055,100,99794,100,100061,100,99705,100,100146,100,99685,100,100156,100,99646,100,100161,100,99645,100,100200,100,99636,100,,,99589,100
2019-06-28 09:50:00.000000000,99915,670,99832,570,99944,100,99830,100,100054,100,99794,100,100055,100,99705,100,100061,100,99685,100,100146,100,99646,100,100156,100,99645,100,100161,100,99636,100,100200,100,99589,100,,,99529,100
2019-06-28 09:50:10.000000000,99915,360,99832,260,99944,255,99830,255,100054,255,99794,255,100055,100,99705,100,100061,100,99685,100,100146,100,99646,100,100156,100,99645,100,100161,100,99636,100,100200,100,99589,100,,,99529,100
2019-06-28 09:50:11.017526268,99915,360,99832,260,99944,255,99830,255,100054,255,99794,255,100055,100,99705,100,100061,100,99685,100,100146,100,99646,100,100156,100,99645,100,100161,100,99636,100,100200,100,99589,100,,,99529,100
2019-06-28 09:50:20.000000000,99915,670,99832,570,99944,100,99830,100,100054,100,99794,100,100055,100,99705,100,100061,100,99685,100,100146,100,99646,100,100156,100,99645,100,100161,100,99636,100,100200,100,99589,100,,,99529,100
2019-06-28 09:50:21.826725285,99915,670,99832,470,99944,100,99830,100,100054,100,99794,100,100055,100,99705,100,100061,100,99685,100,100146,100,99646,100,100156,100,99645,100,100161,100,99636,100,100200,100,99589,100,,,99529,100
2019-06-28 09:50:26.718788325,99915,670,99832,370,99944,100,99830,100,100054,100,99794,100,100055,100,99705,100,100061,100,99685,100,100146,100,99646,100,100156,100,99645,100,100161,100,99636,100,100200,100,99589,100,,,99529,100
2019-06-28 09:50:30.000000000,99915,360,99830,260,99944,255,99794,255,100054,255,99705,255,100055,100,99685,100,100061,100,99646,100,100146,100,99645,100,100156,100,99636,100,100161,100,99589,100,100200,100,99529,100,,,99508,100
2019-06-28 09:50:40.000000000,99915,670,99830,570,99944,100,99794,100,100054,100,99705,100,100055,100,99685,100,100061,100,99646,100,100146,100,99645,100,100156,100,99636,100,100161,100,99589,100,100200,100,99529,100,,,99508,100
2019-06-28 09:50:50.000000000,99915,318,99830,218,99944,218,99794,218,100054,218,99705,218,100055,218,99685,218,100061,100,99646,100,100146,100,99645,100,100156,100,99636,100,100161,100,99589,100,100200,100,99529,100,,,99508,100
2019-06-28 09:51:00.000000000,99915,670,99830,570,99944,100,99794,100,100054,100,99705,100,100055,100,99685,100,100061,100,99646,100,100146,100,99645,100,100156,100,99636,100,100161,100,99589,100,100200,100,99529,100,,,99508,100
2019-06-28 09:51:10.000000000,99915,360,99830,260,99944,255,99794,255,100054,255,99705,255,100055,100,99685,100,100061,100,99646,100,100146,100,99645,100,100156,100,99636,100,100161,100,99589,100,100200,100,99529,100,,,99508,100
2019-06-28 09:51:20.000000000,99915,318,99830,218,99944,218,99794,218,100054,218,99705,218,100055,218,99685,218,100061,100,99646,100,100146,100,99645,100,100156,100,99636,100,100161,100,99589,100,100200,100,99529,100,,,99508,100
2019-06-28 09:51:30.000000000,99915,360,99830,260,99944,255,99794,255,100054,255,99705,255,100055,100,99685,100,100061,100,99646,100,100146,100,99645,100,100156,100,99636,100,100161,100,99589,100,100200,100,99529,100,,,99508,100
2019-06-28 09:51:40.000000000,99915,670,99830,570,99944,100,99794,100,100054,100,99705,100,100055,100,99685,100,100061,100,99646,100,100146,100,99645,100,100156,100,99636,100,100161,100,99589,100,100200,100,99529,100,,,99508,100
2019-06-28 09:51:50.000000000,99915,318,99830,218,99944,218,99794,218,100054,218,99705,218,100055,218,99685,218,100061,100,99646,100,100146,100,99645,100,100156,100,99636,100,100161,100,99589,100,100200,100,99529,100,,,99508,100
2019-06-28 09:52:00.000000000,99915,360,99830,260,99944,255,99794,255,100054,255,99705,255,100055,100,99685,100,100061,100,99646,100,100146,100,99645,100,100156,100,99636,100,100161,100,99589,100,100200,100,99529,100,,,99508,100
2019-06-28 09:52:05.084879628,99915,360,99830,260,99944,255,99794,255,100054,255,99705,255,100055,100,99685,100,100061,100,99646,100,100146,100,99645,100,100156,100,99636,100,100161,100,99589,100,100200,100,99529,100,,,99501,100
2019-06-28 09:52:10.000000000,99915,435,99830,335,99944,335,99794,335,100054,100,99705,100,100055,100,99685,100,100061,100,99646,100,100146,100,99645,100,100156,100,99636,100,100161,100,99589,100,100200,100,99529,100,,,99501,100
2019-06-28 09:52:11.364986001,99915,435,99830,235,99944,335,99794,335,100054,100,99705,100,100055,100,99685,100,100061,100,99646,100,100146,100,99645,100,100156,100,99636,100,100161,100,99589,100,100200,100,99529,100,,,99501,100
2019-06-28 09:52:20.000000000,99915,360,99794,260,99944,255,99705,255,100054,255,99685,255,100055,100,99646,100,100061,100,99645,100,100146,100,99636,100,100156,100,99589,100,100161,100,99529,100,100200,100,99501,100,,,99474,100
2019-06-28 09:52:23.994183202,99915,360,99794,160,99944,255,99705,255,100054,255,99685,255,100055,100,99646,100,100061,100,99645,100,100146,100,99636,100,100156,100,99589,100,100161,100,99529,100,100200,100,99501,100,,,99474,100
2019-06-28 09:52:30.000000000,99915,318,99705,218,99944,218,99685,218,100054,218,99646,218,100055,218,99645,218,100061,100,99636,100,100146,100,99589,100,100156,100,99529,100,100161,100,99501,100,100200,100,99474,100,,,99444,100
2019-06-28 09:52:34.800079766,99915,318,99705,218,99944,218,99685,218,100054,218,99646,218,100055,218,99645,218,100061,100,99636,100,100146,100,99589,100,100156,100,99529,100,100161,100,99501,100,100200,100,99444,100,,,99355,100
2019-06-28 09:52:40.000000000,99915,360,99705,260,99944,255,99685,255,100054,255,99646,255,100055,100,99645,100,100061,100,99636,100,100146,100,99589,100,100156,100,99529,100,100161,100,99501,100,100200,100,99444,100,,,99355,100
2019-06-28 09:52:50.000000000,99915,294,99705,194,99944,194,99685,194,100054,194,99646,194,100055,194,99645,194,100061,194,99636,194,100146,100,99589,100,100156,100,99529,100,100161,100,99501,100,100200,100,99444,100,,,99355,100
2019-06-28 09:53:00.000000000,99915,360,99705,260,99944,255,99685,255,100054,255,99646,255,100055,100,99645,100,100061,100,99636,100,100146,100,99589,100,100156,100,99529,100,100161,100,99501,100,100200,100,99444,100,,,99355,100
2019-06-28 09:53:10.000000000,99915,360,99705,260,99944,255,99685,255,100054,255,99646,255,100055,100,99645,100,100061,100,99636,100,100146,100,99589,100,100156,100,99529,100,100161,100,99501,100,100200,100,99444,100,,,99355,100
2019-06-28 09:53:20.000000000,99915,360,99705,260,99944,255,99685,255,100054,255,99646,255,100055,100,99645,100,100061,100,99636,100,100146,100,99589,100,100156,100,99529,100,100161,100,99501,100,100200,100,99444,100,,,99355,100
2019-06-28 09:53:30.000000000,99915,318,99705,218,99944,218,99685,218,100054,218,99646,218,100055,218,99645,218,100061,100,99636,100,100146,100,99589,100,100156,100,99529,100,100161,100,99501,100,100200,100,99444,100,,,99355,100
2019-06-28 09:53:40.000000000,99915,318,99705,218,99944,218,99685,218,100054,218,99646,218,100055,218,99645,218,100061,100,99636,100,100146,100,99589,100,100156,100,99529,100,100161,100,99501,100,100200,100,99444,100,,,99355,100
2019-06-28 09:53:42.838684539,99915,318,99705,218,99944,218,99685,218,100054,218,99646,218,100055,218,99645,218,100061,100,99636,100,100146,100,99589,100,100156,100,99529,100,100161,100,99501,100,100200,100,99444,100,,,99355,100
2019-06-28 09:53:50.000000000,99915,318,99705,218,99944,218,99685,218,100054,218,99646,218,100055,218,99645,218,100061,100,99636,100,100146,100,99589,100,100156,100,99529,100,100161,100,99501,100,100200,100,99444,100,,,99355,100
2019-06-28 09:54:00.000000000,99915,294,99705,194,99944,194,99685,194,100054,194,99646,194,100055,194,99645,194,100061,194,99636,194,100146,100,99589,100,100156,100,99529,100,100161,100,99501,100,100200,100,99444,100,,,99355,100
2019-06-28 09:54:01.953634570,99915,294,99705,94,99944,194,99685,194,100054,194,99646,194,100055,194,99645,194,100061,194,99636,194,100146,100,99589,100,100156,100,99529,100,100161,100,99501,100,100200,100,99444,100,,,99355,100
2019-06-28 09:54:10.000000000,99915,294,99685,194,99944,194,99646,194,100054,194,99645,194,100055,194,99636,194,100061,194,99589,194,100146,100,99529,100,100156,100,99501,100,100161,100,99444,100,100200,100,99355,100,,,99228,100
2019-06-28 09:54:18.373198516,99794,100,99685,194,99915,294,99646,194,99944,194,99645,194,100054,194,99636,194,100055,194,99589,194,100061,194,99529,100,100146,100,99501,100,100156,100,99444,100,100161,100,99355,100,100200,100,99228,100
2019-06-28 09:54:20.000000000,99794,218,99685,218,99915,318,99646,218,99944,218,99645,218,100054,218,99636,218,100055,100,99589,100,100061,100,99529,100,100146,100,99501,100,100156,100,99444,100,100161,100,99355,100,100200,100,99228,100
2019-06-28 09:54:21.245754186,99794,218,99685,218,99915,218,99646,218,99944,218,99645,218,100054,218,99636,218,100055,100,99589,100,100061,100,99529,100,100146,100,99501,100,100156,100,99444,100,100161,100,99355,100,100200,100,99228,100
2019-06-28 09:54:25.377291310,99794,218,99685,218,99915,218,99646,218,99944,218,99645,218,100054,218,99636,218,100055,100,99589,100,100061,100,99529,100,100146,100,99501,100,100156,100,99444,100,100161,100,99355,100,100200,100,99228,100
2019-06-28 09:54:30.000000000,99794,260,99685,260,99915,255,99646,255,99944,255,99645,255,100054,100,99636,100,100055,100,99589,100,100061,100,99529,100,100146,100,99501,100,100156,100,99444,100,100161,100,99355,100,100200,100,99228,100
2019-06-28 09:54:40.000000000,99794,335,99685,335,99915,335,99646,335,99944,100,99645,100,100054,100,99636,100,100055,100,99589,100,100061,100,99529,100,100146,100,99501,100,100156,100,99444,100,100161,100,99355,100,100200,100,99228,100
2019-06-28 09:54:50.000000000,99794,260,99685,260,99915,255,99646,255,99944,255,99645,255,100054,100,99636,100,100055,100,99589,100,100061,100,99529,100,100146,100,99501,100,100156,100,99444,100,100161,100,99355,100,100200,100,99228,100
2019-06-28 09:55:00.000000000,99794,218,99685,218,99915,218,99646,218,99944,218,99645,218,100054,218,99636,218,100055,100,99589,100,100061,100,99529,100,100146,100,99501,100,100156,100,99444,100,100161,100,99355,100,100200,100,99228,100
2019-06-28 09:55:10.000000000,99794,570,99685,570,99915,100,99646,100,99944,100,99645,100,100054,100,99636,100,100055,100,99589,100,100061,100,99529,100,100146,100,99501,100,100156,100,99444,100,100161,100,99355,100,100200,100,99228,100
2019-06-28 09:55:20.000000000,99794,218,99685,218,99915,218,99646,218,99944,218,99645,218,100054,218,99636,218,100055,100,99589,100,100061,100,99529,100,100146,100,99501,100,100156,100,99444,100,100161,100,99355,100,100200,100,99228,100
2019-06-28 09:55:30.000000000,99794,194,99685,194,99915,194,99646,194,99944,194,99645,194,100054,194,99636,194,100055,194,99589,194,100061,100,99529,100,100146,100,99501,100,100156,100,99444,100,100161,100,99355,100,100200,100,99228,100
2019-06-28 09:55:40.000000000,99794,335,99685,335,99915,335,99646,335,99944,100,99645,100,100054,100,99636,100,100055,100,99589,100,100061,100,99529,100,100146,100,99501,100,100156,100,99444,100,100161,100,99355,100,100200,100,99228,100
2019-06-28 09:55:42.202220748,99794,435,99685,335,99915,335,99646,335,99944,100,99645,100,100054,100,99636,100,100055,100,99589,100,100061,100,99529,100,100146,100,99501,100,100156,100,99444,100,100161,100,99355,100,100200,100,99228,100
2019-06-28 09:55:50.000000000,99794,318,99685,218,99915,218,99646,218,99944,218,99645,218,100054,218,99636,218,100055,100,99589,100,100061,100,99529,100,100146,100,99501,100,100156,100,99444,100,100161,100,99355,100,100200,100,99228,100
2019-06-28 09:56:00.000000000,99794,670,99685,570,99915,100,99646,100,99944,100,99645,100,100054,100,99636,100,100055,100,99589,100,100061,100,99529,100,100146,100,99501,100,100156,100,99444,100,100161,100,99355,100,100200,100,99228,100
2019-06-28 09:56:07.167576770,99794,670,99685,570,99915,100,99646,100,99944,100,99645,100,100054,100,99636,100,100055,100,99589,100,100061,100,99529,100,100146,100,99501,100,100156,100,99444,100,100161,100,99355,100,100200,100,99228,100
2019-06-28 09:56:10.000000000,99794,435,99685,335,99915,335,99646,335,99944,100,99645,100,100054,100,99636,100,100055,100,99589,100,100061,100,99529,100,100146,100,99501,100,100156,100,99444,100,100161,100,99355,100,100200,100,99228,100
2019-06-28 09:56:20.000000000,99794,670,99685,570,99915,100,99646,100,99944,100,99645,100,100054,100,99636,100,100055,100,99589,100,100061,100,99529,100,100146,100,99501,100,100156,100,99444,100,100161,100,99355,100,100200,100,99228,100
2019-06-28 09:56:30.000000000,99794,670,99685,570,99915,100,99646,100,99944,100,99645,100,100054,100,99636,100,100055,100,99589,100,100061,100,99529,100,100146,100,99501,100,100156,100,99444,100,100161,100,99355,100,100200,100,99228,100
2019-06-28 09:56:40.000000000,99794,294,99685,194,99915,194,99646,194,99944,194,99645,194,100054,194,99636,194,100055,194,99589,194,100061,100,99529,100,100146,100,99501,100,100156,100,99444,100,100161,100,99355,100,100200,100,99228,100
2019-06-28 09:56:50.000000000,99794,294,99685,194,99915,194,99646,194,99944,194,99645,194,100054,194,99636,194,100055,194,99589,194,100061,100,99529,100,100146,100,99501,100,100156,100,99444,100,100161,100,99355,100,100200,100,99228,100
2019-06-28 09:56:55.319816288,99794,294,99685,94,99915,194,99646,194,99944,194,99645,194,100054,194,99636,194,100055,194,99589,194,100061,100,99529,100,100146,100,99501,100,100156,100,99444,100,100161,100,99355,100,100200,100,99228,100
2019-06-28 09:57:00.000000000,99794,318,99646,218,99915,218,99645,218,99944,218,99636,218,100054,218,99589,218,100055,100,99529,100,100061,100,99501,100,100146,100,99444,100,100156,100,99355,100,100161,100,99228,100,100200,100,99189,100
2019-06-28 09:57:07.958653781,99794,318,99646,118,99915,218,99645,218,99944,218,99636,218,100054,218,99589,218,100055,100,99529,100,100061,100,99501,100,100146,100,99444,100,100156,100,99355,100,100161,100,99228,100,100200,100,99189,100
2019-06-28 09:57:10.000000000,99794,435,99645,335,99915,335,99636,335,99944,100,99589,100,100054,100,99529,100,100055,100,99501,100,100061,100,99444,100,100146,100,99355,100,100156,100,99228,100,100161,100,99189,100,100200,100,99093,100
2019-06-28 09:57:20.000000000,99794,360,99645,260,99915,255,99636,255,99944,255,99589,255,100054,100,99529,100,100055,100,99501,100,100061,100,99444,100,100146,100,99355,100,100156,100,99228,100,100161,100,99189,100,100200,100,99093,100
2019-06-28 09:57:20.143083420,99685,100,99645,260,99794,360,99636,255,99915,255,99589,255,99944,255,99529,100,100054,100,99501,100,100055,100,99444,100,100061,100,99355,100,100146,100,99228,100,100156,100,99189,100,100161,100,99093,100
2019-06-28 09:57:30.000000000,99685,570,99645,570,99794,200,99636,100,99915,100,99589,100,99944,100,99529,100,100054,100,99501,100,100055,100,99444,100,100061,100,99355,100,100146,100,99228,100,100156,100,99189,100,100161,100,99093,100
2019-06-28 09:57:31.918061298,99685,570,99645,570,99794,200,99636,100,99915,100,99596,100,99944,100,99589,100,100054,100,99529,100,100055,100,99501,100,100061,100,99444,100,100146,100,99355,100,100156,100,99228,100,100161,100,99189,100
2019-06-28 09:57:40.000000000,99685,218,99645,218,99794,318,99636,218,99915,218,99596,218,99944,218,99589,218,100054,100,99529,100,100055,100,99501,100,100061,100,99444,100,100146,100,99355,100,100156,100,99228,100,100161,100,99189,100
2019-06-28 09:57:48.815383299,99685,218,99645,218,99794,318,99636,218,99915,218,99596,218,99944,218,99589,218,100054,100,99529,100,100055,100,99501,100,100061,100,99444,100,100146,100,99361,100,100156,100,99355,100,100161,100,99228,100
2019-06-28 09:57:49.731939124,99685,218,99645,218,99794,318,99636,218,99915,218,99596,218,99944,218,99589,218,100054,100,99529,100,100055,100,99521,100,100061,100,99501,100,100146,100,99444,100,100156,100,99361,100,100161,100,99355,100
2019-06-28 09:57:50.000000000,99685,335,99645,335,99794,435,99636,335,99915,100,99596,100,99944,100,99589,100,100054,100,99529,100,100055,100,99521,100,100061,100,99501,100,100146,100,99444,100,100156,100,99361,100,100161,100,99355,100
2019-06-28 09:58:00.000000000,99685,570,99645,570,99794,200,99636,100,99915,100,99596,100,99944,100,99589,100,100054,100,99529,100,100055,100,99521,100,100061,100,99501,100,100146,100,99444,100,100156,100,99361,100,100161,100,99355,100
2019-06-28 09:58:10.000000000,99685,570,99645,570,99794,200,99636,100,99915,100,99596,100,99944,100,99589,100,100054,100,99529,100,100055,100,99521,100,100061,100,99501,100,100146,100,99444,100,100156,100,99361,100,100161,100,99355,100
2019-06-28 09:58:13.770951294,99685,570,99646,100,99794,200,99645,570,99915,100,99636,100,99944,100,99596,100,100054,100,99589,100,100055,100,99529,100,100061,100,99521,100,100146,100,99501,100,100156,100,99444,100,100161,100,99361,100
2019-06-28 09:58:20.000000000,99685,194,99646,194,99794,294,99645,194,99915,194,99636,194,99944,194,99596,194,100054,194,99589,194,100055,100,99529,100,100061,100,99521,100,100146,100,99501,100,100156,100,99444,100,100161,100,99361,100
2019-06-28 09:58:30.000000000,99685,570,99646,570,99794,200,99645,100,99915,100,99636,100,99944,100,99596,100,100054,100,99589,100,100055,100,99529,100,100061,100,99521,100,100146,100,99501,100,100156,100,99444,100,100161,100,99361,100
2019-06-28 09:58:40.000000000,99685,260,99646,260,99794,355,99645,255,99915,255,99636,255,99944,100,99596,100,100054,100,99589,100,100055,100,99529,100,100061,100,99521,100,100146,100,99501,100,100156,100,99444,100,100161,100,99361,100
2019-06-28 09:58:48.757041388,99685,260,99647,100,99794,355,99646,260,99915,255,99645,255,99944,100,99636,255,100054,100,99596,100,100055,100,99589,100,100061,100,99529,100,100146,100,99521,100,100156,100,99501,100,100161,100,99444,100
2019-06-28 09:58:50.000000000,99685,570,99647,570,99794,200,99646,100,99915,100,99645,100,99944,100,99636,100,100054,100,99596,100,100055,100,99589,100,100061,100,99529,100,100146,100,99521,100,100156,100,99501,100,100161,100,99444,100
2019-06-28 09:58:57.925595679,99685,570,99647,670,99794,200,99646,100,99915,100,99645,100,99944,100,99636,100,100054,100,99596,100,100055,100,99589,100,100061,100,99529,100,100146,100,99521,100,100156,100,99501,100,100161,100,99444,100
2019-06-28 09:59:00.000000000,99685,570,99647,670,99794,200,99646,100,99915,100,99645,100,99944,100,99636,100,100054,100,99596,100,100055,100,99589,100,100061,100,99529,100,100146,100,99521,100,100156,100,99501,100,100161,100,99444,100
2019-06-28 09:59:06.998051615,99685,570,99647,670,99794,200,99646,100,99915,100,99645,100,99944,100,99636,100,99960,100,99596,100,100054,100,99589,100,100055,100,99529,100,100061,100,99521,100,100146,100,99501,100,100161,100,99444,100
2019-06-28 09:59:10.000000000,99685,260,99647,360,99794,355,99646,255,99915,255,99645,255,99944,100,99636,100,99960,100,99596,100,100054,100,99589,100,100055,100,99529,100,100061,100,99521,100,100146,100,99501,100,100161,100,99444,100
2019-06-28 09:59:20.000000000,99685,218,99647,318,99794,318,99646,218,99915,218,99645,218,99944,218,99636,218,99960,100,99596,100,100054,100,99589,100,100055,100,99529,100,100061,100,99521,100,100146,100,99501,100,100161,100,99444,100
2019-06-28 09:59:30.000000000,99685,570,99647,670,99794,200,99646,100,99915,100,99645,100,99944,100,99636,100,99960,100,99596,100,100054,100,99589,100,100055,100,99529,100,100061,100,99521,100,100146,100,99501,100,100161,100,99444,100
2019-06-28 09:59:32.321376413,99685,470,99647,670,99794,200,99646,100,99915,100,99645,100,99944,100,99636,100,99960,100,99596,100,100054,100,99589,100,100055,100,99529,100,100061,100,99521,100,100146,100,99444,100,100161,100,99361,100
2019-06-28 09:59:36.200698279,99685,470,99647,670,99794,200,99646,100,99915,100,99645,100,99944,100,99596,100,99960,100,99589,100,100054,100,99547,100,100055,100,99529,100,100061,100,99521,100,100146,100,99444,100,100161,100,99361,100
2019-06-28 09:59:40.000000000,99794,670,99647,670,99915,100,99646,100,99944,100,99645,100,99960,100,99596,100,100054,100,99589,100,100055,100,99547,100,100061,100,99529,100,100146,100,99521,100,100161,100,99444,100,100200,100,99361,100
2019-06-28 09:59:50.000000000,99794,435,99647,435,99915,335,99646,335,99944,100,99645,100,99960,100,99596,100,100054,100,99589,100,100055,100,99547,100,100061,100,99529,100,100146,100,99521,100,100161,100,99444,100,100200,100,99361,100
2019-06-28 09:59:57.676757392,99794,435,99647,435,99915,335,99646,335,99944,100,99645,100,99960,100,99596,100,100054,100,99589,100,100055,100,99547,100,100061,100,99541,100,100161,100,99529,100,100200,100,99521,100,,,99444,100
2019-06-28 10:00:00.000000000,99794,670,99647,670,99915,100,99646,100,99944,100,99645,100,99960,100,99596,100,100054,100,99589,100,100055,100,99547,100,100061,100,99541,100,100161,100,99529,100,100200,100,99521,100,,,99444,100
2019-06-28 10:00:10.000000000,99794,670,99647,670,99915,100,99646,100,99944,100,99645,100,99960,100,99596,100,100054,100,99589,100,100055,100,99547,100,100061,100,99541,100,100161,100,99529,100,100200,100,99521,100,,,99444,100
2019-06-28 10:00:20.000000000,99794,435,99647,435,99915,335,99646,335,99944,100,99645,100,99960,100,99596,100,100054,100,99589,100,100055,100,99547,100,100061,100,99541,100,100161,100,99529,100,100200,100,99521,100,,,99444,100
2019-06-28 10:00:30.000000000,99794,318,99647,318,99915,218,99646,218,99944,218,99645,218,99960,218,99596,218,100054,100,99589,100,100055,100,99547,100,100061,100,99541,100,100161,100,99529,100,100200,100,99521,100,,,99444,100
2019-06-28 10:00:40.000000000,99794,670,99647,670,99915,100,99646,100,99944,100,99645,100,99960,100,99596,100,100054,100,99589,100,100055,100,99547,100,100061,100,99541,100,100161,100,99529,100,100200,100,99521,100,,,99444,100
2019-06-28 10:00:40.006151869,99684,100,99647,670,99794,670,99646,100,99915,100,99645,100,99944,100,99596,100,99960,100,99589,100,100054,100,99547,100,100055,100,99541,100,100061,100,99529,100,100161,100,99521,100,100200,100,99444,100
2019-06-28 10:00:47.576542901,99684,100,99647,670,99794,670,99646,100,99915,100,99645,100,99944,100,99596,100,99960,100,99589,100,100054,100,99547,100,100055,100,99541,100,100061,100,99529,100,100161,100,99521,100,100200,100,99444,100
2019-06-28 10:00:50.000000000,99684,570,99647,670,99794,200,99646,100,99915,100,99645,100,99944,100,99596,100,99960,100,99589,100,100054,100,99547,100,100055,100,99541,100,100061,100,99529,100,100161,100,99521,100,100200,100,99444,100
2019-06-28 10:01:00.000000000,99684,570,99647,670,99794,200,99646,100,99915,100,99645,100,99944,100,99596,100,99960,100,99589,100,100054,100,99547,100,100055,100,99541,100,100061,100,99529,100,100161,100,99521,100,100200,100,99444,100
2019-06-28 10:01:10.000000000,99684,260,99647,360,99794,355,99646,255,99915,255,99645,255,99944,100,99596,100,99960,100,99589,100,100054,100,99547,100,100055,100,99541,100,100061,100,99529,100,100161,100,99521,100,100200,100,99444,100
2019-06-28 10:01:10.472471112,99684,160,99647,360,99794,355,99646,255,99915,255,99645,255,99944,100,99596,100,99960,100,99589,100,100054,100,99547,100,100055,100,99541,100,100061,100,99529,100,100161,100,99521,100,100200,100,99444,100
2019-06-28 10:01:17.546500322,99684,160,99647,360,99794,355,99646,255,99915,255,99645,255,99944,100,99596,100,99960,100,99589,100,100054,100,99554,100,100055,100,99547,100,100061,100,99541,100,100161,100,99529,100,100200,100,99521,100
2019-06-28 10:01:20.000000000,99794,360,99647,360,99915,255,99646,255,99944,255,99645,255,99960,100,99596,100,100054,100,99589,100,100055,100,99554,100,100061,100,99547,100,100161,100,99541,100,100200,100,99529,100,,,99521,100
2019-06-28 10:01:30.000000000,99794,670,99647,670,99915,100,99646,100,99944,100,99645,100,99960,100,99596,100,100054,100,99589,100,100055,100,99554,100,100061,100,99547,100,100161,100,99541,100,100200,100,99529,100,,,99521,100
2019-06-28 10:01:30.259805729,99794,670,99647,670,99915,100,99646,100,99944,100,99645,100,99960,100,99596,100,100055,100,99589,100,100061,100,99554,100,100161,100,99547,100,100200,100,99541,100,,,99529,100,,,99521,100
2019-06-28 10:01:39.187762722,99794,670,99684,100,99915,100,99647,670,99944,100,99646,100,99960,100,99645,100,100055,100,99596,100,100061,100,99589,100,100161,100,99554,100,100200,100,99547,100,,,99541,100,,,99529,100
2019-06-28 10:01:40.000000000,99794,360,99684,260,99915,255,99647,355,99944,255,99646,255,99960,100,99645,100,100055,100,99596,100,100061,100,99589,100,100161,100,99554,100,100200,100,99547,100,,,99541,100,,,99529,100
2019-06-28 10:01:42.664616599,99695,100,99684,260,99794,360,99647,355,99915,255,99646,255,99944,255,99645,100,99960,100,99596,100,100055,100,99589,100,100061,100,99554,100,100161,100,99547,100,100200,100,99541,100,,,99529,100
2019-06-28 10:01:45.703949178,99695,100,99684,160,99794,360,99647,355,99915,255,99646,255,99944,155,99645,100,99960,100,99596,100,100055,100,99589,100,100061,100,99554,100,100161,100,99547,100,100200,100,99541,100,,,99529,100
2019-06-28 10:01:50.000000000,99695,570,99647,670,99794,200,99646,100,99915,100,99645,100,99960,100,99596,100,100055,100,99589,100,100061,100,99554,100,100161,100,99547,100,100200,100,99541,100,,,99529,100,,,99521,100
2019-06-28 10:02:00.000000000,99695,570,99647,670,99794,200,99646,100,99915,100,99645,100,99960,100,99596,100,100055,100,99589,100,100061,100,99554,100,100161,100,99547,100,100200,100,99541,100,,,99529,100,,,99521,100
2019-06-28 10:02:06.223480811,99695,570,99647,670,99718,100,99646,100,99794,200,99645,100,99915,100,99596,100,99960,100,99589,100,100055,100,99554,100,100061,100,99547,100,100161,100,99541,100,100200,100,99529,100,,,99521,100
2019-06-28 10:02:10.000000000,99695,260,99647,360,99718,255,99646,255,99794,355,99645,255,99915,100,99596,100,99960,100,99589,100,100055,100,99554,100,100061,100,99547,100,100161,100,99541,100,100200,100,99529,100,,,99521,100
2019-06-28 10:02:20.000000000,99695,218,99647,318,99718,218,99646,218,99794,318,99645,218,99915,218,99596,218,99960,100,99589,100,100055,100,99554,100,100061,100,99547,100,100161,100,99541,100,100200,100,99529,100,,,99521,100
2019-06-28 10:02:22.778148750,99695,218,99647,318,99718,218,99646,218,99793,100,99645,218,99794,318,99596,218,99915,218,99589,100,99960,100,99554,100,100055,100,99547,100,100061,100,99541,100,100161,100,99529,100,100200,100,99521,100
2019-06-28 10:02:30.000000000,99695,218,99647,318,99718,218,99646,218,99793,218,99645,218,99794,318,99596,218,99915,100,99589,100,99960,100,99554,100,100055,100,99547,100,100061,100,99541,100,100161,100,99529,100,100200,100,99521,100
2019-06-28 10:02:37.418007694,99695,218,99647,218,99718,218,99646,218,99793,218,99645,218,99794,318,99596,218,99915,100,99589,100,99960,100,99554,100,100055,100,99547,100,100061,100,99541,100,100161,100,99529,100,100200,100,99521,100
2019-06-28 10:02:40.000000000,99695,335,99647,335,99718,335,99646,335,99793,100,99645,100,99794,200,99596,100,99915,100,99589,100,99960,100,99554,100,100055,100,99547,100,100061,100,99541,100,100161,100,99529,100,100200,100,99521,100
2019-06-28 10:02:42.055129808,99695,335,99647,235,99718,335,99646,335,99793,100,99645,100,99794,200,99596,100,99915,100,99589,100,99960,100,99554,100,100055,100,99547,100,100061,100,99541,100,100161,100,99529,100,100200,100,99521,100
2019-06-28 10:02:44.002515276,99695,335,99647,235,99718,335,99646,335,99793,100,99645,100,99794,200,99596,100,99915,100,99589,100,99960,100,99554,100,100055,100,99547,100,100061,100,99541,100,100161,100,99529,100,100200,100,99521,100
2019-06-28 10:02:50.000000000,99695,570,99646,570,99718,100,99645,100,99793,100,99596,100,99794,200,99589,100,99915,100,99554,100,99960,100,99547,100,100055,100,99541,100,100061,100,99529,100,100161,100,99521,100,100200,100,99444,100
2019-06-28 10:03:00.000000000,99695,570,99646,570,99718,100,99645,100,99793,100,99596,100,99794,200,99589,100,99915,100,99554,100,99960,100,99547,100,100055,100,99541,100,100061,100,99529,100,100161,100,99521,100,100200,100,99444,100
2019-06-28 10:03:09.263440227,99647,100,99646,570,99695,570,99645,100,99718,100,99596,100,99793,100,99589,100,99794,200,99554,100,99915,100,99547,100,99960,100,99541,100,100055,100,99529,100,100061,100,99521,100,100161,100,99444,100
2019-06-28 10:03:10.000000000,99647,335,99646,335,99695,335,99645,335,99718,100,99596,100,99793,100,99589,100,99794,200,99554,100,99915,100,99547,100,99960,100,99541,100,100055,100,99529,100,100061,100,99521,100,100161,100,99444,100
2019-06-28 10:03:15.752762031,99647,335,99646,335,99663,100,99645,335,99695,335,99596,100,99718,100,99589,100,99793,100,99554,100,99794,200,99547,100,99915,100,99541,100,99960,100,99529,100,100055,100,99521,100,100061,100,99444,100
2019-06-28 10:03:20.000000000,99647,194,99646,194,99663,194,99645,194,99695,194,99596,194,99718,194,99589,194,99793,194,99554,194,99794,200,99547,100,99915,100,99541,100,99960,100,99529,100,100055,100,99521,100,100061,100,99444,100
2019-06-28 10:03:30.000000000,99647,218,99646,218,99663,218,99645,218,99695,218,99596,218,99718,218,99589,218,99793,100,99554,100,99794,200,99547,100,99915,100,99541,100,99960,100,99529,100,100055,100,99521,100,100061,100,99444,100
2019-06-28 10:03:30.660459199,99647,218,99646,218,99663,218,99645,218,99695,118,99596,218,99718,218,99589,218,99793,100,99554,100,99794,200,99547,100,99915,100,99541,100,99960,100,99529,100,100055,100,99521,100,100061,100,99444,100
2019-06-28 10:03:30.895800203,99647,218,99646,118,99663,218,99645,218,99695,118,99596,218,99718,218,99589,218,99793,100,99554,100,99794,200,99547,100,99915,100,99541,100,99960,100,99529,100,100055,100,99521,100,100061,100,99444,100
2019-06-28 10:03:33.294941257,99647,218,99646,118,99663,218,99645,218,99695,118,99596,218,99718,218,99589,218,99793,100,99547,100,99794,200,99541,100,99915,100,99529,100,99917,100,99521,100,99960,100,99444,100,100055,100,99361,100
2019-06-28 10:03:40.000000000,99647,335,99645,335,99663,335,99596,335,99718,100,99589,100,99793,100,99547,100,99794,200,99541,100,99915,100,99529,100,99917,100,99521,100,99960,100,99444,100,100055,100,99361,100,100061,100,99348,100
2019-06-28 10:03:50.000000000,99647,260,99645,260,99663,255,99596,255,99718,255,99589,255,99793,100,99547,100,99794,200,99541,100,99915,100,99529,100,99917,100,99521,100,99960,100,99444,100,100055,100,99361,100,100061,100,99348,100
2019-06-28 10:04:00.000000000,99647,335,99645,335,99663,335,99596,335,99718,100,99589,100,99793,100,99547,100,99794,200,99541,100,99915,100,99529,100,99917,100,99521,100,99960,100,99444,100,100055,100,99361,100,100061,100,99348,100
2019-06-28 10:04:10.000000000,99647,260,99645,260,99663,255,99596,255,99718,255,99589,255,99793,100,99547,100,99794,200,99541,100,99915,100,99529,100,99917,100,99521,100,99960,100,99444,100,100055,100,99361,100,100061,100,99348,100
2019-06-28 10:04:10.673893683,99647,260,99645,160,99663,255,99596,255,99718,255,99589,255,99793,100,99547,100,99794,200,99541,100,99915,100,99529,100,99917,100,99521,100,99960,100,99444,100,100055,100,99361,100,100061,100,99348,100
2019-06-28 10:04:11.880923447,99647,260,99645,60,99663,255,99596,255,99718,255,99589,255,99793,100,99547,100,99794,200,99529,100,99915,100,99521,100,99917,100,99444,100,99960,100,99361,100,100055,100,99348,100,100061,100,99290,100
2019-06-28 10:04:13.091440666,99645,40,99596,155,99647,260,99589,255,99663,255,99547,100,99718,255,99529,100,99793,100,99521,100,99794,200,99444,100,99915,100,99361,100,99917,100,99348,100,99960,100,99290,100,100055,100,99228,100
2019-06-28 10:04:20.000000000,99645,200,99589,260,99647,255,99547,255,99663,255,99529,255,99718,100,99521,100,99793,100,99444,100,99794,200,99361,100,99915,100,99348,100,99917,100,99290,100,99960,100,99228,100,100055,100,99049,100
2019-06-28 10:04:23.115596955,99645,300,99589,260,99647,255,99547,255,99663,255,99529,255,99718,100,99521,100,99793,100,99444,100,99794,200,99361,100,99915,100,99348,100,99917,100,99290,100,99960,100,99228,100,100055,100,99049,100
2019-06-28 10:04:30.000000000,99645,234,99589,194,99647,194,99547,194,99663,194,99529,194,99718,194,99521,194,99793,194,99444,194,99794,200,99361,100,99915,100,99348,100,99917,100,99290,100,99960,100,99228,100,100055,100,99049,100
2019-06-28 10:04:36.070018967,99645,234,99589,194,99647,194,99547,194,99663,194,99529,194,99718,194,99521,194,99793,94,99444,194,99794,200,99361,100,99819,100,99348,100,99915,100,99290,100,99917,100,99228,100,99960,100,99049,100
2019-06-28 10:04:40.000000000,99645,234,99589,194,99647,194,99547,194,99663,194,99529,194,99718,194,99521,194,99794,294,99444,194,99819,100,99361,100,99915,100,99348,100,99917,100,99290,100,99960,100,99228,100,100055,100,99049,100
2019-06-28 10:04:50.000000000,99645,300,99589,260,99647,255,99547,255,99663,255,99529,255,99718,100,99521,100,99794,200,99444,100,99819,100,99361,100,99915,100,99348,100,99917,100,99290,100,99960,100,99228,100,100055,100,99049,100
2019-06-28 10:04:50.840663850,99645,300,99589,260,99647,255,99547,255,99663,255,99529,255,99718,100,99521,100,99794,200,99444,100,99819,100,99429,100,99915,100,99361,100,99917,100,99348,100,99960,100,99228,100,100055,100,99049,100
2019-06-28 10:05:00.000000000,99645,375,99589,335,99647,335,99547,335,99663,100,99529,100,99718,100,99521,100,99794,200,99444,100,99819,100,99429,100,99915,100,99361,100,99917,100,99348,100,99960,100,99228,100,100055,100,99049,100
2019-06-28 10:05:10.000000000,99645,234,99589,194,99647,194,99547,194,99663,194,99529,194,99718,194,99521,194,99794,294,99444,194,99819,100,99429,100,99915,100,99361,100,99917,100,99348,100,99960,100,99228,100,100055,100,99049,100
2019-06-28 10:05:20.000000000,99645,610,99589,570,99647,100,99547,100,99663,100,99529,100,99718,100,99521,100,99794,200,99444,100,99819,100,99429,100,99915,100,99361,100,99917,100,99348,100,99960,100,99228,100,100055,100,99049,100
2019-06-28 10:05:30.000000000,99645,234,99589,194,99647,194,99547,194,99663,194,99529,194,99718,194,99521,194,99794,294,99444,194,99819,100,99429,100,99915,100,99361,100,99917,100,99348,100,99960,100,99228,100,100055,100,99049,100
2019-06-28 10:05:40.000000000,99645,234,99589,194,99647,194,99547,194,99663,194,99529,194,99718,194,99521,194,99794,294,99444,194,99819,100,99429,100,99915,100,99361,100,99917,100,99348,100,99960,100,99228,100,100055,100,99049,100
2019-06-28 10:05:50.000000000,99645,375,99589,335,99647,335,99547,335,99663,100,99529,100,99718,100,99521,100,99794,200,99444,100,99819,100,99429,100,99915,100,99361,100,99917,100,99348,100,99960,100,99228,100,100055,100,99049,100
2019-06-28 10:06:00.000000000,99645,375,99589,335,99647,335,99547,335,99663,100,99529,100,99718,100,99521,100,99794,200,99444,100,99819,100,99429,100,99915,100,99361,100,99917,100,99348,100,99960,100,99228,100,100055,100,99049,100
2019-06-28 10:06:07.759325993,99645,275,99589,335,99647,335,99547,335,99663,100,99529,100,99718,100,99521,100,99794,200,99444,100,99819,100,99429,100,99915,100,99361,100,99917,100,99348,100,99960,100,99228,100,100055,100,99049,100
2019-06-28 10:06:09.085269122,99645,275,99589,335,99647,335,99547,335,99663,100,99529,100,99718,100,99521,100,99794,200,99444,100,99819,100,99429,100,99915,100,99361,100,99917,100,99348,100,99960,100,99049,100,100055,100,98937,100
2019-06-28 10:06:10.000000000,99645,510,99589,570,99647,100,99547,100,99663,100,99529,100,99718,100,99521,100,99794,200,99444,100,99819,100,99429,100,99915,100,99361,100,99917,100,99348,100,99960,100,99049,100,100055,100,98937,100
2019-06-28 10:06:12.645070371,99645,510,99589,570,99647,100,99547,100,99663,100,99529,100,99718,100,99521,100,99794,200,99444,100,99819,100,99429,100,99915,100,99361,100,99917,100,99348,100,99960,100,99049,100,100055,100,98937,100
2019-06-28 10:06:20.000000000,99645,275,99589,335,99647,335,99547,335,99663,100,99529,100,99718,100,99521,100,99794,200,99444,100,99819,100,99429,100,99915,100,99361,100,99917,100,99348,100,99960,100,99049,100,100055,100,98937,100
2019-06-28 10:06:25.655831659,99645,175,99589,335,99647,335,99547,335,99663,100,99529,100,99718,100,99521,100,99794,200,99444,100,99819,100,99429,100,99915,100,99361,100,99917,100,99348,100,99960,100,99049,100,100055,100,98937,100
2019-06-28 10:06:30.000000000,99647,570,99589,570,99663,100,99547,100,99718,100,99529,100,99794,200,99521,100,99819,100,99444,100,99915,100,99429,100,99917,100,99361,100,99960,100,99348,100,100055,100,99049,100,100061,100,98937,100
2019-06-28 10:06:32.177183215,99647,470,99589,570,99663,100,99547,100,99718,100,99529,100,99794,200,99521,100,99819,100,99444,100,99915,100,99429,100,99917,100,99361,100,99960,100,99348,100,100055,100,99049,100,100061,100,98937,100
2019-06-28 10:06:35.223474077,99647,470,99645,100,99663,100,99589,570,99718,100,99547,100,99794,200,99529,100,99819,100,99521,100,99915,100,99444,100,99917,100,99429,100,99960,100,99361,100,100055,100,99348,100,100061,100,99049,100
2019-06-28 10:06:40.000000000,99663,260,99645,260,99718,255,99589,255,99794,355,99547,255,99819,100,99529,100,99915,100,99521,100,99917,100,99444,100,99960,100,99429,100,100055,100,99361,100,100061,100,99348,100,100161,100,99049,100
2019-06-28 10:06:44.140579570,99663,260,99645,260,99718,255,99589,255,99794,355,99547,255,99819,100,99529,100,99915,100,99521,100,99917,100,99444,100,99960,100,99429,100,100055,100,99361,100,100061,100,99348,100,100115,100,99049,100
2019-06-28 10:06:50.000000000,99663,570,99645,570,99718,100,99589,100,99794,200,99547,100,99819,100,99529,100,99915,100,99521,100,99917,100,99444,100,99960,100,99429,100,100055,100,99361,100,100061,100,99348,100,100115,100,99049,100
2019-06-28 10:07:00.000000000,99663,218,99645,218,99718,218,99589,218,99794,318,99547,218,99819,218,99529,218,99915,100,99521,100,99917,100,99444,100,99960,100,99429,100,100055,100,99361,100,100061,100,99348,100,100115,100,99049,100
2019-06-28 10:07:10.000000000,99663,570,99645,570,99718,100,99589,100,99794,200,99547,100,99819,100,99529,100,99915,100,99521,100,99917,100,99444,100,99960,100,99429,100,100055,100,99361,100,100061,100,99348,100,100115,100,99049,100
2019-06-28 10:07:18.582547943,99663,570,99652,100,99718,100,99645,570,99794,200,99547,100,99819,100,99529,100,99915,100,99521,100,99917,100,99444,100,99960,100,99429,100,100055,100,99361,100,100061,100,99348,100,100115,100,99049,100
2019-06-28 10:07:20.000000000,99663,335,99652,335,99718,335,99645,335,99794,200,99547,100,99819,100,99529,100,99915,100,99521,100,99917,100,99444,100,99960,100,99429,100,100055,100,99361,100,100061,100,99348,100,100115,100,99049,100
2019-06-28 10:07:30.000000000,99663,194,99652,194,99718,194,99645,194,99794,294,99547,194,99819,194,99529,194,99915,194,99521,194,99917,100,99444,100,99960,100,99429,100,100055,100,99361,100,100061,100,99348,100,100115,100,99049,100
2019-06-28 10:07:40.000000000,99663,218,99652,218,99718,218,99645,218,99794,318,99547,218,99819,218,99529,218,99915,100,99521,100,99917,100,99444,100,99960,100,99429,100,100055,100,99361,100,100061,100,99348,100,100115,100,99049,100
2019-06-28 10:07:50.000000000,99663,570,99652,570,99718,100,99645,100,99794,200,99547,100,99819,100,99529,100,99915,100,99521,100,99917,100,99444,100,99960,100,99429,100,100055,100,99361,100,100061,100,99348,100,100115,100,99049,100
2019-06-28 10:08:00.000000000,99663,260,99652,260,99718,255,99645,255,99794,355,99547,255,99819,100,99529,100,99915,100,99521,100,99917,100,99444,100,99960,100,99429,100,100055,100,99361,100,100061,100,99348,100,100115,100,99049,100
2019-06-28 10:08:07.932707170,99663,260,99652,260,99718,255,99645,255,99794,355,99547,255,99819,100,99529,100,99871,100,99521,100,99915,100,99444,100,99917,100,99429,100,99960,100,99361,100,100055,100,99348,100,100061,100,99049,100
2019-06-28 10:08:10.000000000,99663,335,99652,335,99718,335,99645,335,99794,200,99547,100,99819,100,99529,100,99871,100,99521,100,99915,100,99444,100,99917,100,99429,100,99960,100,99361,100,100055,100,99348,100,100061,100,99049,100
2019-06-28 10:08:17.714155987,99663,235,99652,335,99718,335,99645,335,99794,200,99547,100,99819,100,99529,100,99871,100,99521,100,99915,100,99444,100,99917,100,99429,100,99960,100,99361,100,100055,100,99348,100,100061,100,99049,100
