,ask_price_1,ask_size_1,bid_price_1,bid_size_1,ask_price_2,ask_size_2,bid_price_2,bid_size_2,ask_price_3,ask_size_3,bid_price_3,bid_size_3,ask_price_4,ask_size_4,bid_price_4,bid_size_4,ask_price_5,ask_size_5,bid_price_5,bid_size_5,ask_price_6,ask_size_6,bid_price_6,bid_size_6,ask_price_7,ask_size_7,bid_price_7,bid_size_7,ask_price_8,ask_size_8,bid_price_8,bid_size_8,ask_price_9,ask_size_9,bid_price_9,bid_size_9,ask_price_10,ask_size_10,bid_price_10,bid_size_10
2019-06-28 09:30:00.000000002,100161,100,,,,,,,,,,,,,,,,,,,,,,,,,,,,,,,,,,,,,,
2019-06-28 09:30:00.000000005,100038,100,,,100161,100,,,,,,,,,,,,,,,,,,,,,,,,,,,,,,,,,,
2019-06-28 09:30:00.000000006,100038,100,,,100042,100,,,100161,100,,,,,,,,,,,,,,,,,,,,,,,,,,,,,,
2019-06-28 09:30:00.000000008,99960,100,99958,100,100038,100,,,100042,100,,,100161,100,,,,,,,,,,,,,,,,,,,,,,,,,,
2019-06-28 09:30:00.000000009,99960,100,99958,100,100038,100,,,100042,100,,,100119,100,,,100161,100,,,,,,,,,,,,,,,,,,,,,,
2019-06-28 09:30:00.000000012,100038,100,99958,100,100042,100,,,100098,100,,,100119,100,,,100161,100,,,100202,100,,,,,,,,,,,,,,,,,,
2019-06-28 09:30:00.000000013,100017,100,99958,100,100038,100,,,100042,100,,,100098,100,,,100119,100,,,100161,100,,,100202,100,,,,,,,,,,,,,,
2019-06-28 09:30:00.000000015,100017,100,99958,100,100038,100,99845,100,100042,100,,,100098,100,,,100119,100,,,100161,100,,,100202,100,,,,,,,,,,,,,,
2019-06-28 09:30:00.000000020,100038,100,99958,100,100042,100,99845,100,100098,100,,,100119,100,,,100161,100,,,100202,100,,,,,,,,,,,,,,,,,,
2019-06-28 09:30:00.000000021,100038,100,99960,100,100042,100,99958,100,100098,100,99845,100,100119,100,,,100161,100,,,100202,100,,,,,,,,,,,,,,,,,,
2019-06-28 09:30:00.000000023,100038,100,99960,100,100042,100,99958,100,100054,100,99845,100,100098,100,,,100119,100,,,100161,100,,,100202,100,,,,,,,,,,,,,,
2019-06-28 09:30:00.000000025,100038,100,99960,100,100042,100,99958,100,100054,100,99929,100,100098,100,99845,100,100119,100,,,100161,100,,,100202,100,,,,,,,,,,,,,,
2019-06-28 09:30:00.000000026,100038,100,99960,100,100042,100,99958,100,100054,100,99929,100,100092,100,99845,100,100098,100,,,100119,100,,,100161,100,,,100202,100,,,,,,,,,,
2019-06-28 09:30:00.000000028,100017,100,99960,100,100038,100,99958,100,100042,100,99929,100,100054,100,99845,100,100092,100,99836,100,100098,100,,,100119,100,,,100161,100,,,100202,100,,,,,,
2019-06-28 09:30:00.000000030,100017,100,99960,100,100038,100,99958,100,100042,100,99929,100,100054,100,99886,100,100092,100,99845,100,100098,100,99836,100,100119,100,99819,100,100161,100,,,100202,100,,,,,,
2019-06-28 09:30:00.000000031,100017,100,99960,100,100038,100,99958,100,100042,100,99929,100,100054,100,99886,100,100092,100,99845,100,100098,100,99836,100,100119,100,99819,100,100161,100,99793,100,100202,100,,,,,,
2019-06-28 09:30:00.000000034,100017,100,99965,100,100038,100,99960,100,100042,100,99958,100,100054,100,99929,100,100092,100,99886,100,100098,100,99845,100,100119,100,99836,100,100161,100,99819,100,100202,100,99793,100,,,,
2019-06-28 09:30:00.000000038,100038,100,99997,100,100042,100,99965,100,100054,100,99960,100,100092,100,99958,100,100098,100,99929,100,100119,100,99886,100,100161,100,99845,100,100202,100,99836,100,,,99819,100,,,99793,100
2019-06-28 09:30:00.000000040,100038,100,99997,100,100042,100,99965,100,100054,100,99960,100,100063,100,99958,100,100090,100,99929,100,100092,100,99886,100,100098,100,99845,100,100119,100,99836,100,100161,100,99819,100,100202,100,99793,100
2019-06-28 09:30:00.000000044,100038,100,99997,100,100042,100,99965,100,100054,100,99960,100,100063,100,99958,100,100090,100,99930,100,100092,100,99929,100,100098,100,99886,100,100119,100,99869,100,100161,100,99845,100,100202,100,99836,100
2019-06-28 09:30:00.000000046,100036,100,99997,100,100038,100,99965,100,100042,100,99960,100,100054,100,99958,100,100063,100,99930,100,100090,100,99929,100,100092,100,99886,100,100098,100,99869,100,100119,100,99845,100,100161,100,99836,100
2019-06-28 09:30:00.000000048,100032,100,99997,100,100036,100,99965,100,100038,100,99960,100,100042,100,99958,100,100054,100,99930,100,100063,100,99929,100,100090,100,99886,100,100092,100,99869,100,100098,100,99845,100,100119,100,99836,100
2019-06-28 09:30:00.000000049,100032,100,100017,100,100036,100,100008,100,100038,100,99997,100,100042,100,99965,100,100054,100,99960,100,100063,100,99958,100,100090,100,99930,100,100092,100,99929,100,100098,100,99886,100,100119,100,99869,100
2019-06-28 09:30:00.000000051,100032,100,100017,200,100036,100,100008,100,100038,100,99997,100,100042,100,99965,100,100054,100,99960,100,100063,100,99958,100,100090,100,99930,100,100092,100,99929,100,100098,100,99886,100,100119,100,99869,100
2019-06-28 09:30:00.000000054,100032,100,100017,200,100036,100,100008,100,100038,100,99997,100,100042,100,99965,100,100054,100,99960,100,100063,100,99958,100,100078,100,99930,100,100090,100,99929,100,100092,100,99886,100,100098,100,99869,100
2019-06-28 09:30:00.000000055,100032,100,100017,200,100036,100,100008,100,100038,100,99997,100,100042,100,99965,100,100054,100,99960,100,100063,100,99958,100,100078,100,99930,100,100090,100,99929,100,100092,100,99886,100,100097,100,99869,100
2019-06-28 09:30:00.000000061,100032,100,100017,100,100036,100,100008,100,100038,100,99997,100,100042,100,99965,100,100054,100,99960,100,100063,100,99958,100,100078,100,99930,100,100090,100,99929,100,100092,100,99886,100,100097,100,99869,100
2019-06-28 09:30:00.000000065,100032,100,100017,100,100036,100,100008,100,100038,100,99997,100,100042,100,99965,100,100054,100,99960,100,100063,100,99958,100,100078,100,99930,100,100090,100,99929,100,100092,100,99886,100,100097,100,99881,100
2019-06-28 09:30:00.000000066,100032,100,100017,100,100036,100,100012,100,100038,100,100008,100,100042,100,99997,100,100054,100,99965,100,100063,100,99960,100,100078,100,99958,100,100090,100,99930,100,100092,100,99929,100,100097,100,99886,100
2019-06-28 09:30:00.000000067,100032,100,100017,100,100036,100,100012,100,100038,100,100008,100,100042,100,99997,100,100054,100,99986,100,100063,100,99965,100,100078,100,99960,100,100090,100,99958,100,100092,100,99930,100,100097,100,99929,100
2019-06-28 09:30:00.000000068,100032,100,100017,100,100036,100,100012,100,100038,100,100008,100,100042,100,99997,100,100054,100,99986,100,100063,100,99965,100,100078,100,99960,100,100090,100,99958,100,100092,100,99930,100,100097,100,99929,100
2019-06-28 09:30:00.000000069,100032,100,100017,100,100036,100,100012,100,100038,100,100008,100,100042,100,99997,100,100054,100,99986,100,100063,100,99965,100,100078,100,99960,100,100090,100,99958,100,100092,100,99930,100,100097,100,99929,100
2019-06-28 09:30:00.000000070,100032,100,100017,100,100036,100,100012,100,100038,100,100008,100,100042,100,99997,100,100054,100,99986,100,100062,100,99965,100,100063,100,99960,100,100078,100,99958,100,100090,100,99930,100,100092,100,99929,100
2019-06-28 09:30:00.000000075,100032,100,100018,100,100036,100,100017,100,100038,100,100012,100,100042,100,100008,100,100054,100,99997,100,100062,100,99986,100,100063,100,99965,100,100067,100,99960,100,100078,100,99958,100,100090,100,99930,100
2019-06-28 09:30:00.000000076,100032,100,100018,100,100036,100,100017,100,100038,100,100012,100,100042,100,100008,100,100054,100,99997,100,100062,100,99994,100,100063,100,99986,100,100067,100,99965,100,100078,100,99960,100,100090,100,99958,100
2019-06-28 09:30:00.000000077,100032,100,100018,100,100036,100,100017,100,100038,100,100012,100,100042,100,100008,100,100054,100,99997,100,100062,100,99994,100,100063,100,99990,100,100067,100,99986,100,100078,100,99965,100,100090,100,99960,100
2019-06-28 09:30:00.000000078,100032,100,100018,100,100036,100,100017,100,100038,100,100012,100,100042,100,100008,100,100054,100,99997,100,100062,100,99994,100,100063,100,99990,100,100067,100,99989,100,100078,100,99986,100,100090,100,99965,100
2019-06-28 09:30:00.000000079,100032,100,100018,100,100036,100,100017,100,100038,100,100012,100,100042,100,100008,100,100054,100,99997,100,100062,100,99994,100,100063,100,99990,100,100067,100,99989,100,100078,100,99986,100,100090,100,99965,100
2019-06-28 09:30:00.000000080,100032,100,100017,100,100036,100,100012,100,100038,100,100008,100,100042,100,99997,100,100054,100,99994,100,100062,100,99990,100,100063,100,99989,100,100067,100,99986,100,100078,100,99965,100,100090,100,99960,100
2019-06-28 09:30:00.000000081,100032,100,100017,100,100036,100,100012,100,100038,100,100008,100,100042,100,99997,100,100054,100,99994,100,100062,100,99990,100,100063,100,99989,100,100067,100,99986,100,100078,100,99965,100,100086,100,99964,100
2019-06-28 09:30:00.000000083,100032,100,100017,100,100036,100,100012,100,100038,100,100008,100,100042,100,99997,100,100054,100,99994,100,100062,100,99990,100,100063,100,99989,100,100067,100,99986,100,100078,100,99965,100,100086,100,99964,100
2019-06-28 09:30:00.000000084,100032,100,100012,100,100036,100,100008,100,100038,100,99997,100,100042,100,99994,100,100054,100,99990,100,100062,100,99989,100,100063,100,99986,100,100067,100,99965,100,100078,100,99964,100,100086,100,99960,100
2019-06-28 09:30:00.000000087,100032,100,100017,100,100036,100,100012,100,100038,100,100008,100,100042,100,99997,100,100054,100,99994,100,100062,100,99990,100,100063,100,99989,100,100067,100,99986,100,100078,100,99965,100,100086,100,99964,100
2019-06-28 09:30:00.000000088,100032,100,100017,200,100036,100,100012,100,100038,100,100008,100,100042,100,99997,100,100054,100,99994,100,100062,100,99990,100,100063,100,99989,100,100067,100,99986,100,100078,100,99965,100,100086,100,99964,100
2019-06-28 09:30:00.000000089,100032,100,100017,200,100036,100,100012,100,100038,100,100008,100,100042,100,99997,100,100047,100,99994,100,100054,100,99990,100,100062,100,99989,100,100063,100,99986,100,100067,100,99965,100,100078,100,99964,100
2019-06-28 09:30:00.000000097,100032,100,100017,200,100036,100,100012,200,100038,100,100008,100,100042,100,99997,100,100047,100,99994,100,100054,100,99990,100,100062,100,99989,100,100063,100,99986,100,100067,100,99965,100,100078,100,99964,100
2019-06-28 09:30:00.000000098,100018,100,100017,200,100032,100,100012,200,100036,100,100008,100,100038,100,99997,100,100042,100,99994,100,100047,100,99990,100,100054,100,99989,100,100062,100,99986,100,100063,100,99965,100,100067,100,99964,100
2019-06-28 09:30:00.000000099,100018,100,100017,300,100032,100,100012,200,100036,100,100008,100,100038,100,99997,100,100042,100,99994,100,100047,100,99990,100,100054,100,99989,100,100062,100,99986,100,100063,100,99965,100,100067,100,99964,100
2019-06-28 09:30:02.166974299,100018,100,100017,200,100032,100,100012,200,100036,100,100008,100,100038,100,99997,100,100042,100,99994,100,100047,100,99990,100,100054,100,99989,100,100062,100,99986,100,100063,100,99965,100,100067,100,99964,100
2019-06-28 09:30:10.000000000,100018,221,100017,321,100032,217,100012,317,100036,217,100008,217,100038,100,99997,100,100042,100,99994,100,100047,100,99990,100,100054,100,99989,100,100062,100,99986,100,100063,100,99965,100,100067,100,99964,100
2019-06-28 09:30:17.765860161,100018,221,100017,321,100032,217,100012,317,100036,217,100008,217,100038,100,99997,100,100042,100,99994,100,100047,100,99990,100,100054,100,99989,100,100062,100,99986,100,100063,100,99977,100,100067,100,99965,100
2019-06-28 09:30:20.000000000,100018,456,100017,556,100032,100,100012,200,100036,100,100008,100,100038,100,99997,100,100042,100,99994,100,100047,100,99990,100,100054,100,99989,100,100062,100,99986,100,100063,100,99977,100,100067,100,99965,100
2019-06-28 09:30:30.000000000,100018,278,100017,378,100032,278,100012,378,100036,100,100008,100,100038,100,99997,100,100042,100,99994,100,100047,100,99990,100,100054,100,99989,100,100062,100,99986,100,100063,100,99977,100,100067,100,99965,100
2019-06-28 09:30:40.000000000,100018,221,100017,321,100032,217,100012,317,100036,217,100008,217,100038,100,99997,100,100042,100,99994,100,100047,100,99990,100,100054,100,99989,100,100062,100,99986,100,100063,100,99977,100,100067,100,99965,100
2019-06-28 09:30:43.061328090,100018,221,100017,221,100032,217,100012,317,100036,217,100008,217,100038,100,99997,100,100042,100,99994,100,100047,100,99990,100,100054,100,99989,100,100062,100,99986,100,100063,100,99977,100,100067,100,99965,100
2019-06-28 09:30:43.739696142,100018,221,100017,121,100032,217,100012,317,100036,217,100008,217,100038,100,99997,100,100042,100,99994,100,100047,100,99990,100,100054,100,99989,100,100062,100,99986,100,100063,100,99977,100,100067,100,99965,100
2019-06-28 09:30:50.000000000,100018,278,100012,378,100032,278,100008,278,100036,100,99997,100,100038,100,99994,100,100042,100,99990,100,100047,100,99989,100,100054,100,99986,100,100062,100,99977,100,100063,100,99965,100,100067,100,99964,100
2019-06-28 09:31:00.000000000,100018,189,100012,289,100032,189,100008,189,100036,189,99997,189,100038,189,99994,189,100042,100,99990,100,100047,100,99989,100,100054,100,99986,100,100062,100,99977,100,100063,100,99965,100,100067,100,99964,100
2019-06-28 09:31:10.000000000,100018,456,100012,556,100032,100,100008,100,100036,100,99997,100,100038,100,99994,100,100042,100,99990,100,100047,100,99989,100,100054,100,99986,100,100062,100,99977,100,100063,100,99965,100,100067,100,99964,100
2019-06-28 09:31:20.000000000,100018,278,100012,378,100032,278,100008,278,100036,100,99997,100,100038,100,99994,100,100042,100,99990,100,100047,100,99989,100,100054,100,99986,100,100062,100,99977,100,100063,100,99965,100,100067,100,99964,100
2019-06-28 09:31:22.802377034,100018,278,100012,378,100032,278,100008,278,100036,100,99997,100,100038,100,99994,100,100042,100,99990,100,100047,100,99989,100,100054,100,99986,100,100062,100,99977,100,100063,100,99965,100,100067,100,99964,100
2019-06-28 09:31:30.000000000,100018,278,100012,378,100032,278,100008,278,100036,100,99997,100,100038,100,99994,100,100042,100,99990,100,100047,100,99989,100,100054,100,99986,100,100062,100,99977,100,100063,100,99965,100,100067,100,99964,100
2019-06-28 09:31:40.000000000,100018,221,100012,321,100032,217,100008,217,100036,217,99997,217,100038,100,99994,100,100042,100,99990,100,100047,100,99989,100,100054,100,99986,100,100062,100,99977,100,100063,100,99965,100,100067,100,99964,100
2019-06-28 09:31:50.000000000,100018,456,100012,556,100032,100,100008,100,100036,100,99997,100,100038,100,99994,100,100042,100,99990,100,100047,100,99989,100,100054,100,99986,100,100062,100,99977,100,100063,100,99965,100,100067,100,99964,100
2019-06-28 09:31:54.461963329,100018,356,100012,556,100032,100,100008,100,100036,100,99997,100,100038,100,99994,100,100042,100,99990,100,100047,100,99989,100,100062,100,99986,100,100063,100,99977,100,100067,100,99965,100,100078,100,99964,100
2019-06-28 09:32:00.000000000,100032,221,100012,321,100036,217,100008,217,100038,217,99997,217,100042,100,99994,100,100047,100,99990,100,100062,100,99989,100,100063,100,99986,100,100067,100,99977,100,100078,100,99965,100,100086,100,99964,100
2019-06-28 09:32:03.375940727,100032,221,100012,321,100036,217,100008,217,100038,217,99997,217,100042,100,99994,100,100047,100,99990,100,100062,100,99989,100,100063,100,99986,100,100067,100,99977,100,100078,100,99965,100,100086,100,99964,100
2019-06-28 09:32:10.000000000,100032,221,100012,321,100036,217,100008,217,100038,217,99997,217,100042,100,99994,100,100047,100,99990,100,100062,100,99989,100,100063,100,99986,100,100067,100,99977,100,100078,100,99965,100,100086,100,99964,100
2019-06-28 09:32:15.396921876,100032,221,100012,121,100036,217,100008,217,100038,217,99997,217,100042,100,99994,100,100047,100,99990,100,100062,100,99989,100,100063,100,99986,100,100067,100,99977,100,100078,100,99965,100,100086,100,99964,100
2019-06-28 09:32:20.000000000,100032,456,100008,456,100036,100,99997,100,100038,100,99994,100,100042,100,99990,100,100047,100,99989,100,100062,100,99986,100,100063,100,99977,100,100067,100,99965,100,100078,100,99964,100,100086,100,99960,100
2019-06-28 09:32:30.000000000,100032,189,100008,189,100036,189,99997,189,100038,189,99994,189,100042,189,99990,189,100047,100,99989,100,100062,100,99986,100,100063,100,99977,100,100067,100,99965,100,100078,100,99964,100,100086,100,99960,100
2019-06-28 09:32:40.000000000,100032,278,100008,278,100036,278,99997,278,100038,100,99994,100,100042,100,99990,100,100047,100,99989,100,100062,100,99986,100,100063,100,99977,100,100067,100,99965,100,100078,100,99964,100,100086,100,99960,100
2019-06-28 09:32:50.000000000,100032,278,100008,278,100036,278,99997,278,100038,100,99994,100,100042,100,99990,100,100047,100,99989,100,100062,100,99986,100,100063,100,99977,100,100067,100,99965,100,100078,100,99964,100,100086,100,99960,100
2019-06-28 09:33:00.000000000,100032,171,100008,171,100036,171,99997,171,100038,171,99994,171,100042,171,99990,171,100047,171,99989,171,100062,100,99986,100,100063,100,99977,100,100067,100,99965,100,100078,100,99964,100,100086,100,99960,100
2019-06-28 09:33:03.001761765,100032,171,100008,171,100036,171,99997,171,100038,171,99994,171,100042,171,99990,171,100047,171,99989,171,100062,100,99986,100,100063,100,99977,100,100067,100,99965,100,100078,100,99964,100,100086,100,99960,100
2019-06-28 09:33:10.000000000,100032,278,100008,278,100036,278,99997,278,100038,100,99994,100,100042,100,99990,100,100047,100,99989,100,100062,100,99986,100,100063,100,99977,100,100067,100,99965,100,100078,100,99964,100,100086,100,99960,100
2019-06-28 09:33:20.000000000,100032,171,100008,171,100036,171,99997,171,100038,171,99994,171,100042,171,99990,171,100047,171,99989,171,100062,100,99986,100,100063,100,99977,100,100067,100,99965,100,100078,100,99964,100,100086,100,99960,100
2019-06-28 09:33:30.000000000,100032,456,100008,456,100036,100,99997,100,100038,100,99994,100,100042,100,99990,100,100047,100,99989,100,100062,100,99986,100,100063,100,99977,100,100067,100,99965,100,100078,100,99964,100,100086,100,99960,100
2019-06-28 09:33:36.358499682,100032,456,100008,456,100036,100,99997,100,100038,100,99994,100,100042,100,99990,100,100047,100,99989,100,100062,100,99986,100,100063,100,99977,100,100067,100,99964,100,100078,100,99960,100,100086,100,99958,100
2019-06-28 09:33:40.000000000,100032,278,100008,278,100036,278,99997,278,100038,100,99994,100,100042,100,99990,100,100047,100,99989,100,100062,100,99986,100,100063,100,99977,100,100067,100,99964,100,100078,100,99960,100,100086,100,99958,100
2019-06-28 09:33:42.187984476,100032,278,100008,278,100036,278,99997,278,100038,100,99994,100,100042,100,99990,100,100047,100,99989,100,100062,100,99986,100,100063,100,99977,100,100067,100,99964,100,100078,100,99960,100,100086,100,99958,100
2019-06-28 09:33:50.000000000,100032,278,100008,278,100036,278,99997,278,100038,100,99994,100,100042,100,99990,100,100047,100,99989,100,100062,100,99986,100,100063,100,99977,100,100067,100,99964,100,100078,100,99960,100,100086,100,99958,100
2019-06-28 09:34:00.000000000,100032,456,100008,456,100036,100,99997,100,100038,100,99994,100,100042,100,99990,100,100047,100,99989,100,100062,100,99986,100,100063,100,99977,100,100067,100,99964,100,100078,100,99960,100,100086,100,99958,100
2019-06-28 09:34:03.417463896,100032,456,100008,456,100036,100,99997,100,100038,100,99994,100,100042,100,99990,100,100047,100,99989,100,100062,100,99986,100,100063,100,99977,100,100067,100,99964,100,100078,100,99960,100,100086,100,99958,100
2019-06-28 09:34:06.056634831,100032,456,100008,456,100036,100,99997,100,100038,100,99994,100,100042,100,99990,100,100047,100,99989,100,100062,100,99986,100,100063,100,99977,100,100067,100,99964,100,100078,100,99960,100,100086,100,99958,100
2019-06-28 09:34:10.000000000,100032,278,100008,278,100036,278,99997,278,100038,100,99994,100,100042,100,99990,100,100047,100,99989,100,100062,100,99986,100,100063,100,99977,100,100067,100,99964,100,100078,100,99960,100,100086,100,99958,100
2019-06-28 09:34:18.213790171,100017,100,100008,278,100032,278,99997,278,100036,278,99994,100,100038,100,99990,100,100042,100,99989,100,100047,100,99986,100,100062,100,99977,100,100063,100,99964,100,100067,100,99960,100,100078,100,99958,100
2019-06-28 09:34:20.000000000,100017,278,100008,278,100032,278,99997,278,100036,100,99994,100,100038,100,99990,100,100042,100,99989,100,100047,100,99986,100,100062,100,99977,100,100063,100,99964,100,100067,100,99960,100,100078,100,99958,100
2019-06-28 09:34:25.991923004,100017,278,100008,278,100032,278,99997,278,100036,100,99994,100,100038,100,99990,100,100042,100,99989,100,100047,100,99986,100,100062,100,99977,100,100063,100,99964,100,100067,100,99960,100,100078,100,99958,100
2019-06-28 09:34:30.000000000,100017,171,100008,171,100032,171,99997,171,100036,171,99994,171,100038,171,99990,171,100042,171,99989,171,100047,100,99986,100,100062,100,99977,100,100063,100,99964,100,100067,100,99960,100,100078,100,99958,100
2019-06-28 09:34:33.242868987,100017,171,100008,71,100032,171,99997,171,100036,171,99994,171,100038,171,99990,71,100042,171,99989,171,100047,100,99986,100,100062,100,99977,100,100063,100,99964,100,100067,100,99960,100,100078,100,99958,100
2019-06-28 09:34:40.000000000,100017,278,99997,278,100032,278,99994,278,100036,100,99989,100,100038,100,99986,100,100042,100,99977,100,100047,100,99964,100,100062,100,99960,100,100063,100,99958,100,100067,100,99932,100,100078,100,99930,100
2019-06-28 09:34:50.000000000,100017,171,99997,171,100032,171,99994,171,100036,171,99989,171,100038,171,99986,171,100042,171,99977,171,100047,100,99964,100,100062,100,99960,100,100063,100,99958,100,100067,100,99932,100,100078,100,99930,100
2019-06-28 09:35:00.000000000,100017,221,99997,221,100032,217,99994,217,100036,217,99989,217,100038,100,99986,100,100042,100,99977,100,100047,100,99964,100,100062,100,99960,100,100063,100,99958,100,100067,100,99932,100,100078,100,99930,100
2019-06-28 09:35:10.000000000,100017,171,99997,171,100032,171,99994,171,100036,171,99989,171,100038,171,99986,171,100042,171,99977,171,100047,100,99964,100,100062,100,99960,100,100063,100,99958,100,100067,100,99932,100,100078,100,99930,100
2019-06-28 09:35:20.000000000,100017,278,99997,278,100032,278,99994,278,100036,100,99989,100,100038,100,99986,100,100042,100,99977,100,100047,100,99964,100,100062,100,99960,100,100063,100,99958,100,100067,100,99932,100,100078,100,99930,100
2019-06-28 09:35:30.000000000,100017,456,99997,456,100032,100,99994,100,100036,100,99989,100,100038,100,99986,100,100042,100,99977,100,100047,100,99964,100,100062,100,99960,100,100063,100,99958,100,100067,100,99932,100,100078,100,99930,100
2019-06-28 09:35:36.568991454,100012,100,99997,456,100017,456,99994,100,100032,100,99989,100,100036,100,99986,100,100038,100,99977,100,100042,100,99964,100,100047,100,99960,100,100062,100,99958,100,100063,100,99932,100,100067,100,99930,100
2019-06-28 09:35:40.000000000,100012,171,99997,171,100017,171,99994,171,100032,171,99989,171,100036,171,99986,171,100038,171,99977,171,100042,100,99964,100,100047,100,99960,100,100062,100,99958,100,100063,100,99932,100,100067,100,99930,100
2019-06-28 09:35:50.000000000,100012,278,99997,278,100017,278,99994,278,100032,100,99989,100,100036,100,99986,100,100038,100,99977,100,100042,100,99964,100,100047,100,99960,100,100062,100,99958,100,100063,100,99932,100,100067,100,99930,100
2019-06-28 09:36:00.000000000,100012,189,99997,189,100017,189,99994,189,100032,189,99989,189,100036,189,99986,189,100038,100,99977,100,100042,100,99964,100,100047,100,99960,100,100062,100,99958,100,100063,100,99932,100,100067,100,99930,100
2019-06-28 09:36:08.721999108,100012,189,99997,89,100017,189,99994,189,100032,189,99989,189,100036,189,99986,189,100038,100,99977,100,100042,100,99964,100,100047,100,99960,100,100062,100,99958,100,100063,100,99932,100,100067,100,99930,100
2019-06-28 09:36:10.000000000,100012,171,99994,171,100017,171,99989,171,100032,171,99986,171,100036,171,99977,171,100038,171,99964,171,100042,100,99960,100,100047,100,99958,100,100062,100,99932,100,100063,100,99930,100,100067,100,99929,100
2019-06-28 09:36:17.331321470,100012,171,99994,171,100017,171,99989,171,100032,171,99986,171,100036,171,99977,171,100038,171,99964,171,100042,100,99960,100,100062,100,99958,100,100063,100,99932,100,100067,100,99930,100,100078,100,99929,100
2019-06-28 09:36:20.000000000,100012,171,99994,171,100017,171,99989,171,100032,171,99986,171,100036,171,99977,171,100038,171,99964,171,100042,100,99960,100,100062,100,99958,100,100063,100,99932,100,100067,100,99930,100,100078,100,99929,100
2019-06-28 09:36:25.881220019,100012,171,99994,171,100017,171,99989,171,100032,171,99986,171,100036,171,99977,171,100038,171,99964,171,100042,100,99960,100,100062,100,99958,100,100063,100,99932,100,100067,100,99930,100,100078,100,99929,100
2019-06-28 09:36:30.000000000,100012,278,99994,278,100017,278,99989,278,100032,100,99986,100,100036,100,99977,100,100038,100,99964,100,100042,100,99960,100,100062,100,99958,100,100063,100,99932,100,100067,100,99930,100,100078,100,99929,100
2019-06-28 09:36:40.000000000,100012,278,99994,278,100017,278,99989,278,100032,100,99986,100,100036,100,99977,100,100038,100,99964,100,100042,100,99960,100,100062,100,99958,100,100063,100,99932,100,100067,100,99930,100,100078,100,99929,100
2019-06-28 09:36:44.365797504,100012,278,99994,178,100017,278,99989,278,100032,100,99986,100,100036,100,99977,100,100038,100,99964,100,100042,100,99960,100,100062,100,99958,100,100063,100,99932,100,100067,100,99930,100,100078,100,99929,100
2019-06-28 09:36:50.000000000,100012,456,99989,456,100017,100,99986,100,100032,100,99977,100,100036,100,99964,100,100038,100,99960,100,100042,100,99958,100,100062,100,99932,100,100063,100,99930,100,100067,100,99929,100,100078,100,99914,100
2019-06-28 09:37:00.000000000,100012,278,99989,278,100017,278,99986,278,100032,100,99977,100,100036,100,99964,100,100038,100,99960,100,100042,100,99958,100,100062,100,99932,100,100063,100,99930,100,100067,100,99929,100,100078,100,99914,100
2019-06-28 09:37:04.697461339,100012,278,99989,278,100017,278,99986,278,100032,100,99977,100,100036,100,99964,100,100038,100,99960,100,100042,100,99958,100,100062,100,99932,100,100063,100,99930,100,100067,100,99929,100,100078,100,99914,100
2019-06-28 09:37:10.000000000,100012,171,99989,171,100017,171,99986,171,100032,171,99977,171,100036,171,99964,171,100038,171,99960,171,100042,100,99958,100,100062,100,99932,100,100063,100,99930,100,100067,100,99929,100,100078,100,99914,100
2019-06-28 09:37:13.783863572,100012,171,99989,71,100017,171,99986,171,100032,171,99977,171,100036,171,99964,171,100038,71,99960,171,100042,100,99958,100,100062,100,99932,100,100063,100,99930,100,100067,100,99929,100,100078,100,99914,100
2019-06-28 09:37:20.000000000,100012,189,99986,189,100017,189,99977,189,100032,189,99964,189,100036,189,99960,189,100042,100,99958,100,100062,100,99932,100,100063,100,99930,100,100067,100,99929,100,100078,100,99914,100,100090,100,99903,100
2019-06-28 09:37:30.000000000,100012,189,99986,189,100017,189,99977,189,100032,189,99964,189,100036,189,99960,189,100042,100,99958,100,100062,100,99932,100,100063,100,99930,100,100067,100,99929,100,100078,100,99914,100,100090,100,99903,100
2019-06-28 09:37:40.000000000,100012,456,99986,456,100017,100,99977,100,100032,100,99964,100,100036,100,99960,100,100042,100,99958,100,100062,100,99932,100,100063,100,99930,100,100067,100,99929,100,100078,100,99914,100,100090,100,99903,100
2019-06-28 09:37:50.000000000,100012,278,99986,278,100017,278,99977,278,100032,100,99964,100,100036,100,99960,100,100042,100,99958,100,100062,100,99932,100,100063,100,99930,100,100067,100,99929,100,100078,100,99914,100,100090,100,99903,100
2019-06-28 09:37:59.388413477,100012,278,99986,278,100017,278,99977,278,100032,100,99964,100,100036,100,99960,100,100042,100,99958,100,100062,100,99932,100,100063,100,99930,100,100067,100,99929,100,100078,100,99914,100,100090,100,99903,100
2019-06-28 09:38:00.000000000,100012,189,99986,189,100017,189,99977,189,100032,189,99964,189,100036,189,99960,189,100042,100,99958,100,100062,100,99932,100,100063,100,99930,100,100067,100,99929,100,100078,100,99914,100,100090,100,99903,100
2019-06-28 09:38:10.000000000,100012,278,99986,278,100017,278,99977,278,100032,100,99964,100,100036,100,99960,100,100042,100,99958,100,100062,100,99932,100,100063,100,99930,100,100067,100,99929,100,100078,100,99914,100,100090,100,99903,100
2019-06-28 09:38:18.955557957,100012,278,99986,178,100017,278,99977,278,100032,100,99964,100,100036,100,99960,100,100042,100,99958,100,100062,100,99932,100,100063,100,99930,100,100067,100,99929,100,100078,100,99914,100,100090,100,99903,100
2019-06-28 09:38:20.000000000,100012,221,99977,221,100017,217,99964,217,100032,217,99960,217,100036,100,99958,100,100042,100,99932,100,100062,100,99930,100,100063,100,99929,100,100067,100,99914,100,100078,100,99903,100,100090,100,99893,100
2019-06-28 09:38:30.000000000,100012,221,99977,221,100017,217,99964,217,100032,217,99960,217,100036,100,99958,100,100042,100,99932,100,100062,100,99930,100,100063,100,99929,100,100067,100,99914,100,100078,100,99903,100,100090,100,99893,100
2019-06-28 09:38:40.000000000,100012,456,99977,456,100017,100,99964,100,100032,100,99960,100,100036,100,99958,100,100042,100,99932,100,100062,100,99930,100,100063,100,99929,100,100067,100,99914,100,100078,100,99903,100,100090,100,99893,100
2019-06-28 09:38:44.901557416,100012,456,99977,456,100017,100,99964,100,100032,100,99960,100,100036,100,99958,100,100042,100,99932,100,100062,100,99930,100,100063,100,99929,100,100067,100,99914,100,100078,100,99903,100,100090,100,99893,100
2019-06-28 09:38:46.323427829,100012,456,99977,356,100017,100,99964,100,100032,100,99960,100,100036,100,99958,100,100042,100,99932,100,100062,100,99930,100,100063,100,99929,100,100067,100,99914,100,100078,100,99903,100,100090,100,99893,100
2019-06-28 09:38:50.000000000,100012,221,99964,221,100017,217,99960,217,100032,217,99958,217,100036,100,99932,100,100042,100,99930,100,100062,100,99929,100,100063,100,99914,100,100067,100,99903,100,100078,100,99893,100,100090,100,99890,100
2019-06-28 09:38:57.540501355,100012,221,99964,121,100017,217,99960,217,100032,217,99958,217,100036,100,99932,100,100042,100,99930,100,100062,100,99929,100,100063,100,99914,100,100067,100,99903,100,100078,100,99893,100,100090,100,99890,100
2019-06-28 09:39:00.000000000,100012,456,99960,456,100017,100,99958,100,100032,100,99932,100,100036,100,99930,100,100042,100,99929,100,100062,100,99914,100,100063,100,99903,100,100067,100,99893,100,100078,100,99890,100,100090,100,99881,100
2019-06-28 09:39:10.000000000,100012,278,99960,278,100017,278,99958,278,100032,100,99932,100,100036,100,99930,100,100042,100,99929,100,100062,100,99914,100,100063,100,99903,100,100067,100,99893,100,100078,100,99890,100,100090,100,99881,100
2019-06-28 09:39:12.576930408,100012,278,99960,278,100017,278,99958,278,100032,100,99932,100,100036,100,99930,100,100042,100,99929,100,100062,100,99914,100,100063,100,99903,100,100067,100,99893,100,100078,100,99890,100,100090,100,99881,100
2019-06-28 09:39:16.767610814,100012,278,99960,178,100017,278,99958,278,100032,100,99932,100,100036,100,99930,100,100042,100,99929,100,100062,100,99914,100,100063,100,99903,100,100067,100,99893,100,100078,100,99890,100,100090,100,99881,100
2019-06-28 09:39:20.000000000,100012,189,99958,189,100017,189,99932,189,100032,189,99930,189,100036,189,99929,189,100042,100,99914,100,100062,100,99903,100,100063,100,99893,100,100067,100,99890,100,100078,100,99881,100,100090,100,99869,100
2019-06-28 09:39:30.000000000,100012,278,99958,278,100017,278,99932,278,100032,100,99930,100,100036,100,99929,100,100042,100,99914,100,100062,100,99903,100,100063,100,99893,100,100067,100,99890,100,100078,100,99881,100,100090,100,99869,100
2019-06-28 09:39:40.000000000,100012,221,99958,221,100017,217,99932,217,100032,217,99930,217,100036,100,99929,100,100042,100,99914,100,100062,100,99903,100,100063,100,99893,100,100067,100,99890,100,100078,100,99881,100,100090,100,99869,100
2019-06-28 09:39:46.853090210,100012,221,99958,221,100017,217,99932,217,100032,117,99930,217,100036,100,99929,100,100042,100,99914,100,100062,100,99903,100,100063,100,99893,100,100067,100,99890,100,100078,100,99881,100,100090,100,99869,100
2019-06-28 09:39:50.000000000,100012,278,99958,278,100017,278,99932,278,100036,100,99930,100,100042,100,99929,100,100062,100,99914,100,100063,100,99903,100,100067,100,99893,100,100078,100,99890,100,100090,100,99881,100,100092,100,99869,100
2019-06-28 09:39:52.901627103,100012,278,99958,278,100017,278,99932,278,100036,100,99930,100,100042,100,99929,100,100062,100,99914,100,100063,100,99903,100,100067,100,99893,100,100078,100,99890,100,100090,100,99881,100,100092,100,99869,100
2019-06-28 09:40:00.000000000,100012,171,99958,171,100017,171,99932,171,100036,171,99930,171,100042,171,99929,171,100062,171,99914,171,100063,100,99903,100,100067,100,99893,100,100078,100,99890,100,100090,100,99881,100,100092,100,99869,100
2019-06-28 09:40:10.000000000,100012,456,99958,456,100017,100,99932,100,100036,100,99930,100,100042,100,99929,100,100062,100,99914,100,100063,100,99903,100,100067,100,99893,100,100078,100,99890,100,100090,100,99881,100,100092,100,99869,100
2019-06-28 09:40:20.000000000,100012,221,99958,221,100017,217,99932,217,100036,217,99930,217,100042,100,99929,100,100062,100,99914,100,100063,100,99903,100,100067,100,99893,100,100078,100,99890,100,100090,100,99881,100,100092,100,99869,100
2019-06-28 09:40:22.853067293,100012,221,99958,221,100017,217,99932,217,100036,217,99930,217,100042,100,99929,100,100062,100,99914,100,100063,100,99903,100,100067,100,99893,100,100078,100,99890,100,100090,100,99881,100,100092,100,99869,100
2019-06-28 09:40:30.000000000,100012,456,99958,456,100017,100,99932,100,100036,100,99930,100,100042,100,99929,100,100062,100,99914,100,100063,100,99903,100,100067,100,99893,100,100078,100,99890,100,100090,100,99881,100,100092,100,99869,100
2019-06-28 09:40:32.267702610,100012,456,99958,456,100017,100,99932,100,100036,100,99930,100,100042,100,99929,100,100062,100,99914,100,100063,100,99903,100,100067,100,99893,100,100078,100,99890,100,100090,100,99881,100,100092,100,99869,100
2019-06-28 09:40:39.354311778,100012,456,99958,356,100017,100,99932,100,100036,100,99930,100,100042,100,99929,100,100062,100,99914,100,100063,100,99903,100,100067,100,99893,100,100078,100,99890,100,100090,100,99881,100,100092,100,99869,100
2019-06-28 09:40:39.627884148,100012,456,99958,356,100017,100,99932,100,100036,100,99930,100,100042,100,99929,100,100062,100,99914,100,100063,100,99903,100,100067,100,99893,100,100078,100,99890,100,100090,100,99881,100,100092,100,99869,100
2019-06-28 09:40:40.000000000,100012,171,99932,171,100017,171,99930,171,100036,171,99929,171,100042,171,99914,171,100062,171,99903,171,100063,100,99893,100,100067,100,99890,100,100078,100,99881,100,100090,100,99869,100,100092,100,99845,100
2019-06-28 09:40:50.000000000,100012,221,99932,221,100017,217,99930,217,100036,217,99929,217,100042,100,99914,100,100062,100,99903,100,100063,100,99893,100,100067,100,99890,100,100078,100,99881,100,100090,100,99869,100,100092,100,99845,100
2019-06-28 09:41:00.000000000,100012,221,99932,221,100017,217,99930,217,100036,217,99929,217,100042,100,99914,100,100062,100,99903,100,100063,100,99893,100,100067,100,99890,100,100078,100,99881,100,100090,100,99869,100,100092,100,99845,100
2019-06-28 09:41:01.374735848,100012,221,99932,121,100017,217,99930,217,100036,217,99929,217,100042,100,99914,100,100062,100,99903,100,100063,100,99893,100,100067,100,99890,100,100078,100,99881,100,100090,100,99869,100,100092,100,99845,100
2019-06-28 09:41:03.229449715,100012,221,99932,121,100017,217,99930,217,100036,217,99929,217,100042,100,99914,100,100062,100,99903,100,100063,100,99893,100,100078,100,99890,100,100090,100,99881,100,100092,100,99869,100,100202,100,99845,100
2019-06-28 09:41:10.000000000,100012,278,99930,278,100017,278,99929,278,100036,100,99914,100,100042,100,99903,100,100062,100,99893,100,100063,100,99890,100,100078,100,99881,100,100090,100,99869,100,100092,100,99845,100,100202,100,99836,100
2019-06-28 09:41:16.706542901,99958,100,99930,278,100012,278,99929,278,100017,278,99914,100,100036,100,99903,100,100042,100,99893,100,100062,100,99890,100,100063,100,99881,100,100078,100,99869,100,100090,100,99845,100,100092,100,99836,100
2019-06-28 09:41:20.000000000,99958,171,99930,171,100012,171,99929,171,100017,171,99914,171,100036,171,99903,171,100042,171,99893,171,100062,100,99890,100,100063,100,99881,100,100078,100,99869,100,100090,100,99845,100,100092,100,99836,100
2019-06-28 09:41:26.038797997,99958,171,99930,71,100012,171,99929,171,100017,171,99914,171,100036,171,99903,171,100042,171,99893,171,100062,100,99890,100,100063,100,99881,100,100078,100,99869,100,100090,100,99845,100,100092,100,99836,100
2019-06-28 09:41:26.267459723,99958,171,99930,71,100012,171,99929,171,100017,171,99914,171,100036,171,99903,171,100042,171,99893,171,100062,100,99890,100,100063,100,99881,100,100078,100,99869,100,100090,100,99845,100,100092,100,99836,100
2019-06-28 09:41:28.604821505,99958,171,99930,71,100012,171,99929,171,100017,171,99914,171,100036,171,99903,171,100042,171,99893,171,100062,100,99890,100,100063,100,99881,100,100078,100,99869,100,100090,100,99845,100,100092,100,99836,100
2019-06-28 09:41:30.000000000,99958,221,99929,221,100012,217,99914,217,100017,217,99903,217,100036,100,99893,100,100042,100,99890,100,100062,100,99881,100,100063,100,99869,100,100078,100,99845,100,100090,100,99836,100,100092,100,99830,100
2019-06-28 09:41:37.577680353,99958,221,99929,221,100012,217,99914,217,100017,217,99903,217,100036,100,99893,100,100042,100,99890,100,100062,100,99869,100,100063,100,99845,100,100078,100,99836,100,100090,100,99830,100,100092,100,99786,100
2019-06-28 09:41:37.647804961,99958,221,99929,221,100012,217,99914,217,100017,217,99903,217,100036,100,99893,100,100042,100,99890,100,100062,100,99869,100,100063,100,99845,100,100078,100,99836,100,100090,100,99786,100,100092,100,99620,100
2019-06-28 09:41:40.000000000,99958,221,99929,221,100012,217,99914,217,100017,217,99903,217,100036,100,99893,100,100042,100,99890,100,100062,100,99869,100,100063,100,99845,100,100078,100,99836,100,100090,100,99786,100,100092,100,99620,100
2019-06-28 09:41:44.445897349,99932,100,99929,221,99958,221,99914,217,100012,217,99903,217,100017,217,99893,100,100036,100,99890,100,100042,100,99869,100,100062,100,99845,100,100063,100,99836,100,100078,100,99786,100,100090,100,99620,100
2019-06-28 09:41:45.239350522,99932,100,99929,221,99958,221,99914,217,100012,217,99903,217,100017,217,99893,100,100036,100,99890,100,100042,100,99869,100,100062,100,99845,100,100063,100,99836,100,100078,100,99786,100,100090,100,99625,100
2019-06-28 09:41:46.749761081,99932,100,99929,121,99958,221,99914,217,100012,217,99903,217,100017,217,99893,100,100036,100,99890,100,100042,100,99869,100,100062,100,99845,100,100063,100,99836,100,100078,100,99786,100,100090,100,99625,100
2019-06-28 09:41:50.000000000,99932,221,99914,221,99958,217,99903,217,100012,217,99893,217,100017,100,99890,100,100036,100,99869,100,100042,100,99845,100,100062,100,99836,100,100063,100,99786,100,100078,100,99625,100,100090,100,99620,100
2019-06-28 09:41:52.445912309,99930,100,99914,221,99932,221,99903,217,99958,217,99893,217,100012,217,99890,100,100017,100,99869,100,100036,100,99845,100,100042,100,99836,100,100062,100,99786,100,100063,100,99625,100,100078,100,99620,100
2019-06-28 09:42:00.000000000,99930,189,99914,189,99932,189,99903,189,99958,189,99893,189,100012,189,99890,189,100017,100,99869,100,100036,100,99845,100,100042,100,99836,100,100062,100,99786,100,100063,100,99625,100,100078,100,99620,100
2019-06-28 09:42:10.000000000,99930,171,99914,171,99932,171,99903,171,99958,171,99893,171,100012,171,99890,171,100017,171,99869,171,100036,100,99845,100,100042,100,99836,100,100062,100,99786,100,100063,100,99625,100,100078,100,99620,100
2019-06-28 09:42:15.393705156,99930,271,99914,171,99932,171,99903,171,99958,171,99893,171,100012,171,99890,171,100017,171,99869,171,100036,100,99845,100,100042,100,99836,100,100062,100,99786,100,100063,100,99625,100,100078,100,99620,100
2019-06-28 09:42:20.000000000,99930,556,99914,456,99932,100,99903,100,99958,100,99893,100,100012,100,99890,100,100017,100,99869,100,100036,100,99845,100,100042,100,99836,100,100062,100,99786,100,100063,100,99625,100,100078,100,99620,100
2019-06-28 09:42:24.343969306,99930,556,99914,356,99932,100,99903,100,99958,100,99893,100,100012,100,99890,100,100017,100,99845,100,100036,100,99836,100,100042,100,99786,100,100062,100,99625,100,100063,100,99620,100,100078,100,99599,100
2019-06-28 09:42:28.555803703,99930,456,99914,356,99932,100,99903,100,99958,100,99893,100,100012,100,99890,100,100017,100,99845,100,100036,100,99836,100,100042,100,99786,100,100062,100,99625,100,100063,100,99620,100,100078,100,99599,100
2019-06-28 09:42:28.724643583,99930,456,99914,356,99932,100,99903,100,99958,100,99893,100,100012,100,99890,100,100017,100,99845,100,100036,100,99836,100,100042,100,99786,100,100062,100,99625,100,100063,100,99620,100,100078,100,99599,100
2019-06-28 09:42:30.000000000,99930,189,99903,189,99932,189,99893,189,99958,189,99890,189,100012,189,99845,189,100017,100,99836,100,100036,100,99786,100,100042,100,99625,100,100062,100,99620,100,100063,100,99599,100,100078,100,99555,100
2019-06-28 09:42:34.016349649,99930,189,99903,189,99932,189,99893,189,99958,189,99890,189,100012,189,99845,189,100017,100,99836,100,100036,100,99786,100,100042,100,99620,100,100062,100,99599,100,100063,100,99555,100,100078,100,99538,100
2019-06-28 09:42:39.959313990,99930,189,99903,89,99932,189,99893,189,99958,189,99890,189,100012,189,99845,189,100017,100,99836,100,100036,100,99786,100,100042,100,99620,100,100062,100,99599,100,100063,100,99555,100,100078,100,99538,100
2019-06-28 09:42:40.000000000,99930,221,99893,221,99932,217,99890,217,99958,217,99845,217,100012,100,99836,100,100017,100,99786,100,100036,100,99620,100,100042,100,99599,100,100062,100,99555,100,100063,100,99538,100,100078,100,99488,100
2019-06-28 09:42:50.000000000,99930,221,99893,221,99932,217,99890,217,99958,217,99845,217,100012,100,99836,100,100017,100,99786,100,100036,100,99620,100,100042,100,99599,100,100062,100,99555,100,100063,100,99538,100,100078,100,99488,100
2019-06-28 09:43:00.000000000,99930,189,99893,189,99932,189,99890,189,99958,189,99845,189,100012,189,99836,189,100017,100,99786,100,100036,100,99620,100,100042,100,99599,100,100062,100,99555,100,100063,100,99538,100,100078,100,99488,100
2019-06-28 09:43:03.454436693,99930,189,99893,89,99932,189,99890,189,99958,189,99845,189,100012,189,99836,189,100017,100,99786,100,100036,100,99620,100,100042,100,99599,100,100062,100,99555,100,100063,100,99538,100,100078,100,99488,100
2019-06-28 09:43:10.000000000,99930,189,99890,189,99932,189,99845,189,99958,189,99836,189,100012,189,99786,189,100017,100,99620,100,100036,100,99599,100,100042,100,99555,100,100062,100,99538,100,100063,100,99488,100,100078,100,99468,100
2019-06-28 09:43:20.000000000,99930,189,99890,189,99932,189,99845,189,99958,189,99836,189,100012,189,99786,189,100017,100,99620,100,100036,100,99599,100,100042,100,99555,100,100062,100,99538,100,100063,100,99488,100,100078,100,99468,100
2019-06-28 09:43:23.948739222,99930,189,99890,89,99932,189,99845,189,99958,189,99836,189,100012,189,99786,189,100017,100,99620,100,100036,100,99599,100,100042,100,99555,100,100062,100,99538,100,100063,100,99488,100,100078,100,99468,100
2019-06-28 09:43:30.000000000,99930,171,99845,171,99932,171,99836,171,99958,171,99786,171,100012,171,99620,171,100017,171,99599,171,100036,100,99555,100,100042,100,99538,100,100062,100,99488,100,100063,100,99468,100,100078,100,99430,100
2019-06-28 09:43:30.732286461,99930,171,99845,171,99932,171,99836,171,99958,171,99786,171,100012,171,99620,171,100017,171,99599,171,100036,100,99555,100,100042,100,99538,100,100062,100,99488,100,100063,100,99468,100,100078,100,99430,100
2019-06-28 09:43:40.000000000,99930,456,99845,456,99932,100,99836,100,99958,100,99786,100,100012,100,99620,100,100017,100,99599,100,100036,100,99555,100,100042,100,99538,100,100062,100,99488,100,100063,100,99468,100,100078,100,99430,100
2019-06-28 09:43:48.472952638,99930,456,99845,456,99932,100,99836,100,99958,100,99786,100,100012,100,99620,100,100017,100,99599,100,100036,100,99555,100,100042,100,99538,100,100062,100,99519,100,100063,100,99488,100,100078,100,99468,100
2019-06-28 09:43:50.000000000,99930,189,99845,189,99932,189,99836,189,99958,189,99786,189,100012,189,99620,189,100017,100,99599,100,100036,100,99555,100,100042,100,99538,100,100062,100,99519,100,100063,100,99488,100,100078,100,99468,100
2019-06-28 09:43:58.200297279,99852,100,99845,189,99930,189,99836,189,99932,189,99786,189,99958,189,99620,189,100012,189,99599,100,100017,100,99555,100,100036,100,99538,100,100042,100,99519,100,100062,100,99488,100,100063,100,99468,100
2019-06-28 09:44:00.000000000,99852,456,99845,456,99930,100,99836,100,99932,100,99786,100,99958,100,99620,100,100012,100,99599,100,100017,100,99555,100,100036,100,99538,100,100042,100,99519,100,100062,100,99488,100,100063,100,99468,100
2019-06-28 09:44:10.000000000,99852,171,99845,171,99930,171,99836,171,99932,171,99786,171,99958,171,99620,171,100012,171,99599,171,100017,100,99555,100,100036,100,99538,100,100042,100,99519,100,100062,100,99488,100,100063,100,99468,100
2019-06-28 09:44:20.000000000,99852,171,99845,171,99930,171,99836,171,99932,171,99786,171,99958,171,99620,171,100012,171,99599,171,100017,100,99555,100,100036,100,99538,100,100042,100,99519,100,100062,100,99488,100,100063,100,99468,100
2019-06-28 09:44:30.000000000,99852,189,99845,189,99930,189,99836,189,99932,189,99786,189,99958,189,99620,189,100012,100,99599,100,100017,100,99555,100,100036,100,99538,100,100042,100,99519,100,100062,100,99488,100,100063,100,99468,100
2019-06-28 09:44:40.000000000,99852,278,99845,278,99930,278,99836,278,99932,100,99786,100,99958,100,99620,100,100012,100,99599,100,100017,100,99555,100,100036,100,99538,100,100042,100,99519,100,100062,100,99488,100,100063,100,99468,100
2019-06-28 09:44:50.000000000,99852,189,99845,189,99930,189,99836,189,99932,189,99786,189,99958,189,99620,189,100012,100,99599,100,100017,100,99555,100,100036,100,99538,100,100042,100,99519,100,100062,100,99488,100,100063,100,99468,100
2019-06-28 09:44:58.550200710,99852,189,99845,189,99919,100,99836,189,99930,189,99786,189,99932,189,99620,189,99958,189,99599,100,100012,100,99555,100,100017,100,99538,100,100036,100,99519,100,100042,100,99488,100,100062,100,99468,100
2019-06-28 09:45:00.000000000,99852,221,99845,221,99919,217,99836,217,99930,217,99786,217,99932,100,99620,100,99958,100,99599,100,100012,100,99555,100,100017,100,99538,100,100036,100,99519,100,100042,100,99488,100,100062,100,99468,100
2019-06-28 09:45:10.000000000,99852,221,99845,221,99919,217,99836,217,99930,217,99786,217,99932,100,99620,100,99958,100,99599,100,100012,100,99555,100,100017,100,99538,100,100036,100,99519,100,100042,100,99488,100,100062,100,99468,100
2019-06-28 09:45:10.193552685,99852,221,99845,221,99919,217,99836,217,99930,217,99786,217,99932,100,99620,100,99958,100,99599,100,100012,100,99555,100,100016,100,99538,100,100017,100,99519,100,100036,100,99488,100,100042,100,99468,100
2019-06-28 09:45:17.959586895,99852,221,99845,221,99919,217,99836,217,99930,217,99786,217,99932,100,99620,100,99958,100,99599,100,100012,100,99555,100,100016,100,99538,100,100017,100,99519,100,100036,100,99488,100,100042,100,99468,100
2019-06-28 09:45:20.000000000,99852,278,99845,278,99919,278,99836,278,99930,100,99786,100,99932,100,99620,100,99958,100,99599,100,100012,100,99555,100,100016,100,99538,100,100017,100,99519,100,100036,100,99488,100,100042,100,99468,100
2019-06-28 09:45:21.176500490,99852,278,99845,178,99919,278,99836,278,99930,100,99786,100,99932,100,99620,100,99958,100,99599,100,100012,100,99555,100,100016,100,99538,100,100017,100,99519,100,100036,100,99488,100,100042,100,99468,100
2019-06-28 09:45:30.000000000,99852,171,99836,171,99919,171,99786,171,99930,171,99620,171,99932,171,99599,171,99958,171,99555,171,100012,100,99538,100,100016,100,99519,100,100017,100,99488,100,100036,100,99468,100,100042,100,99430,100
2019-06-28 09:45:34.587513645,99852,71,99836,171,99919,171,99786,171,99930,171,99620,171,99932,171,99599,171,99958,171,99555,171,100012,100,99538,100,100016,100,99519,100,100017,100,99488,100,100036,100,99468,100,100042,100,99430,100
2019-06-28 09:45:40.000000000,99919,456,99836,456,99930,100,99786,100,99932,100,99620,100,99958,100,99599,100,100012,100,99555,100,100016,100,99538,100,100017,100,99519,100,100036,100,99488,100,100042,100,99468,100,100062,100,99430,100
2019-06-28 09:45:45.415706329,99844,100,99836,456,99919,456,99786,100,99930,100,99620,100,99932,100,99599,100,99958,100,99555,100,100012,100,99538,100,100016,100,99519,100,100017,100,99488,100,100036,100,99468,100,100042,100,99430,100
2019-06-28 09:45:50.000000000,99844,189,99836,189,99919,189,99786,189,99930,189,99620,189,99932,189,99599,189,99958,100,99555,100,100012,100,99538,100,100016,100,99519,100,100017,100,99488,100,100036,100,99468,100,100042,100,99430,100
2019-06-28 09:46:00.000000000,99844,221,99836,221,99919,217,99786,217,99930,217,99620,217,99932,100,99599,100,99958,100,99555,100,100012,100,99538,100,100016,100,99519,100,100017,100,99488,100,100036,100,99468,100,100042,100,99430,100
2019-06-28 09:46:01.719494076,99844,221,99836,221,99919,217,99786,217,99930,217,99620,217,99932,100,99599,100,99958,100,99555,100,100012,100,99538,100,100016,100,99519,100,100017,100,99488,100,100036,100,99468,100,100042,100,99338,100
2019-06-28 09:46:10.000000000,99844,171,99836,171,99919,171,99786,171,99930,171,99620,171,99932,171,99599,171,99958,171,99555,171,100012,100,99538,100,100016,100,99519,100,100017,100,99488,100,100036,100,99468,100,100042,100,99338,100
2019-06-28 09:46:19.885051836,99844,171,99836,171,99847,100,99786,171,99919,171,99620,171,99930,171,99599,171,99932,171,99555,171,99958,171,99538,100,100012,100,99519,100,100016,100,99488,100,100017,100,99468,100,100042,100,99338,100
2019-06-28 09:46:20.000000000,99844,456,99836,456,99847,100,99786,100,99919,100,99620,100,99930,100,99599,100,99932,100,99555,100,99958,100,99538,100,100012,100,99519,100,100016,100,99488,100,100017,100,99468,100,100042,100,99338,100
2019-06-28 09:46:30.000000000,99844,189,99836,189,99847,189,99786,189,99919,189,99620,189,99930,189,99599,189,99932,100,99555,100,99958,100,99538,100,100012,100,99519,100,100016,100,99488,100,100017,100,99468,100,100042,100,99338,100
2019-06-28 09:46:40.000000000,99844,171,99836,171,99847,171,99786,171,99919,171,99620,171,99930,171,99599,171,99932,171,99555,171,99958,100,99538,100,100012,100,99519,100,100016,100,99488,100,100017,100,99468,100,100042,100,99338,100
2019-06-28 09:46:48.903934443,99844,171,99836,171,99847,171,99786,171,99919,171,99620,171,99930,71,99599,171,99932,171,99555,171,99958,100,99538,100,100012,100,99519,100,100016,100,99488,100,100017,100,99468,100,100042,100,99338,100
2019-06-28 09:46:50.000000000,99844,221,99836,221,99847,217,99786,217,99919,217,99620,217,99932,100,99599,100,99958,100,99555,100,100012,100,99538,100,100016,100,99519,100,100017,100,99488,100,100042,100,99468,100,100062,100,99338,100
2019-06-28 09:46:50.078402018,99844,221,99836,221,99847,217,99786,217,99851,100,99620,217,99919,217,99599,100,99932,100,99555,100,99958,100,99538,100,100012,100,99519,100,100016,100,99488,100,100017,100,99468,100,100042,100,99338,100
2019-06-28 09:47:00.000000000,99844,221,99836,221,99847,217,99786,217,99851,217,99620,217,99919,100,99599,100,99932,100,99555,100,99958,100,99538,100,100012,100,99519,100,100016,100,99488,100,100017,100,99468,100,100042,100,99338,100
2019-06-28 09:47:01.594105639,99844,221,99836,121,99847,217,99786,217,99851,217,99620,217,99932,100,99599,100,99958,100,99555,100,100012,100,99538,100,100016,100,99519,100,100017,100,99488,100,100042,100,99468,100,100062,100,99338,100
2019-06-28 09:47:05.232971486,99844,221,99836,21,99847,217,99786,217,99851,217,99620,217,99932,100,99599,100,99958,100,99555,100,100012,100,99538,100,100016,100,99519,100,100017,100,99488,100,100042,100,99468,100,100062,100,99338,100
2019-06-28 09:47:07.196278430,99844,221,99836,21,99847,217,99786,217,99851,117,99620,217,99932,100,99599,100,99958,100,99555,100,100012,100,99538,100,100016,100,99519,100,100017,100,99488,100,100042,100,99468,100,100062,100,99338,100
2019-06-28 09:47:10.000000000,99844,171,99786,171,99847,171,99620,171,99932,171,99599,171,99958,171,99555,171,100012,171,99538,171,100016,100,99519,100,100017,100,99488,100,100042,100,99468,100,100062,100,99338,100,100078,100,99268,100
2019-06-28 09:47:19.516799341,99836,100,99786,171,99844,171,99620,171,99847,171,99599,171,99932,171,99555,171,99958,171,99538,171,100012,171,99519,100,100016,100,99488,100,100042,100,99468,100,100062,100,99338,100,100078,100,99268,100
2019-06-28 09:47:20.000000000,99836,221,99786,221,99844,217,99620,217,99847,217,99599,217,99932,100,99555,100,99958,100,99538,100,100012,100,99519,100,100016,100,99488,100,100042,100,99468,100,100062,100,99338,100,100078,100,99268,100
2019-06-28 09:47:26.186386600,99836,321,99786,221,99844,217,99620,217,99847,217,99599,217,99932,100,99555,100,99958,100,99538,100,100012,100,99519,100,100016,100,99488,100,100042,100,99468,100,100062,100,99338,100,100078,100,99268,100
2019-06-28 09:47:30.000000000,99836,556,99786,456,99844,100,99620,100,99847,100,99599,100,99932,100,99555,100,99958,100,99538,100,100012,100,99519,100,100016,100,99488,100,100042,100,99468,100,100062,100,99338,100,100078,100,99268,100
2019-06-28 09:47:37.711240729,99836,556,99786,456,99844,100,99620,100,99847,100,99599,100,99932,100,99555,100,99958,100,99538,100,100012,100,99519,100,100016,100,99488,100,100042,100,99468,100,100062,100,99420,100,100078,100,99338,100
2019-06-28 09:47:40.000000000,99836,289,99786,189,99844,189,99620,189,99847,189,99599,189,99932,189,99555,189,99958,100,99538,100,100012,100,99519,100,100016,100,99488,100,100042,100,99468,100,100062,100,99420,100,100078,100,99338,100
2019-06-28 09:47:47.113420635,99836,289,99786,89,99844,189,99620,189,99847,189,99599,189,99932,189,99555,189,99958,100,99538,100,100012,100,99519,100,100016,100,99488,100,100042,100,99468,100,100062,100,99420,100,100078,100,99338,100
2019-06-28 09:47:50.000000000,99836,289,99620,189,99844,189,99599,189,99847,189,99555,189,99932,189,99538,189,99958,100,99519,100,100012,100,99488,100,100016,100,99468,100,100042,100,99420,100,100062,100,99338,100,100078,100,99268,100
2019-06-28 09:47:54.996317051,99835,100,99620,189,99836,289,99599,189,99844,189,99555,189,99847,189,99538,189,99932,189,99519,100,99958,100,99488,100,100012,100,99468,100,100016,100,99420,100,100042,100,99338,100,100062,100,99268,100
2019-06-28 09:47:58.623117910,99835,100,99620,189,99836,289,99599,189,99844,189,99555,189,99847,189,99538,189,99932,189,99519,100,99958,100,99488,100,100012,100,99468,100,100016,100,99420,100,100042,100,99361,100,100062,100,99338,100
2019-06-28 09:47:58.830634454,99835,100,99620,189,99836,289,99599,189,99844,189,99555,189,99847,189,99538,189,99932,189,99519,100,99958,100,99488,100,100012,100,99468,100,100016,100,99420,100,100062,100,99361,100,100078,100,99338,100
2019-06-28 09:48:00.000000000,99835,278,99620,278,99836,378,99599,278,99844,100,99555,100,99847,100,99538,100,99932,100,99519,100,99958,100,99488,100,100012,100,99468,100,100016,100,99420,100,100062,100,99361,100,100078,100,99338,100
2019-06-28 09:48:06.066565253,99835,278,99620,278,99836,378,99599,278,99844,100,99555,100,99847,100,99538,100,99932,100,99519,100,99958,100,99488,100,100012,100,99468,100,100016,100,99420,100,100062,100,99361,100,100078,100,99338,100
2019-06-28 09:48:10.000000000,99835,189,99620,189,99836,289,99599,189,99844,189,99555,189,99847,189,99538,189,99932,100,99519,100,99958,100,99488,100,100012,100,99468,100,100016,100,99420,100,100062,100,99361,100,100078,100,99338,100
2019-06-28 09:48:20.000000000,99835,189,99620,189,99836,289,99599,189,99844,189,99555,189,99847,189,99538,189,99932,100,99519,100,99958,100,99488,100,100012,100,99468,100,100016,100,99420,100,100062,100,99361,100,100078,100,99338,100
2019-06-28 09:48:29.961187423,99835,189,99620,189,99836,289,99599,189,99844,189,99555,189,99847,189,99538,189,99932,100,99519,100,99958,100,99488,100,100012,100,99468,100,100016,100,99420,100,100062,100,99361,100,100078,100,99338,100
2019-06-28 09:48:30.000000000,99835,456,99620,456,99836,200,99599,100,99844,100,99555,100,99847,100,99538,100,99932,100,99519,100,99958,100,99488,100,100012,100,99468,100,100016,100,99420,100,100062,100,99361,100,100078,100,99338,100
2019-06-28 09:48:40.000000000,99835,189,99620,189,99836,289,99599,189,99844,189,99555,189,99847,189,99538,189,99932,100,99519,100,99958,100,99488,100,100012,100,99468,100,100016,100,99420,100,100062,100,99361,100,100078,100,99338,100
2019-06-28 09:48:46.921907971,99835,289,99620,189,99836,289,99599,189,99844,189,99555,189,99847,189,99538,189,99932,100,99519,100,99958,100,99488,100,100012,100,99468,100,100016,100,99420,100,100062,100,99361,100,100078,100,99338,100
2019-06-28 09:48:50.000000000,99835,378,99620,278,99836,378,99599,278,99844,100,99555,100,99847,100,99538,100,99932,100,99519,100,99958,100,99488,100,100012,100,99468,100,100016,100,99420,100,100062,100,99361,100,100078,100,99338,100
2019-06-28 09:48:50.166731429,99835,378,99620,178,99836,378,99599,278,99844,100,99555,100,99847,100,99538,100,99932,100,99519,100,99958,100,99488,100,100012,100,99468,100,100016,100,99420,100,100062,100,99361,100,100078,100,99338,100
2019-06-28 09:49:00.000000000,99835,289,99599,189,99836,289,99555,189,99844,189,99538,189,99847,189,99519,189,99932,100,99488,100,99958,100,99468,100,100012,100,99420,100,100016,100,99361,100,100062,100,99338,100,100078,100,99273,100
2019-06-28 09:49:06.554396280,99786,100,99599,189,99835,289,99555,189,99836,289,99538,189,99844,189,99519,189,99847,189,99488,100,99932,100,99468,100,99958,100,99420,100,100012,100,99361,100,100016,100,99338,100,100062,100,99273,100
2019-06-28 09:49:10.000000000,99786,278,99599,278,99835,378,99555,278,99836,200,99538,100,99844,100,99519,100,99847,100,99488,100,99932,100,99468,100,99958,100,99420,100,100012,100,99361,100,100016,100,99338,100,100062,100,99273,100
2019-06-28 09:49:15.099883531,99786,278,99599,178,99835,378,99555,278,99836,200,99538,100,99847,100,99519,100,99932,100,99488,100,99958,100,99468,100,100012,100,99420,100,100016,100,99361,100,100062,100,99338,100,100078,100,99273,100
2019-06-28 09:49:20.000000000,99786,171,99555,171,99835,271,99538,171,99836,271,99519,171,99847,171,99488,171,99932,171,99468,171,99958,100,99420,100,100012,100,99361,100,100016,100,99338,100,100062,100,99273,100,100078,100,99268,100
2019-06-28 09:49:30.000000000,99786,171,99555,171,99835,271,99538,171,99836,271,99519,171,99847,171,99488,171,99932,171,99468,171,99958,100,99420,100,100012,100,99361,100,100016,100,99338,100,100062,100,99273,100,100078,100,99268,100
2019-06-28 09:49:40.000000000,99786,456,99555,456,99835,200,99538,100,99836,200,99519,100,99847,100,99488,100,99932,100,99468,100,99958,100,99420,100,100012,100,99361,100,100016,100,99338,100,100062,100,99273,100,100078,100,99268,100
2019-06-28 09:49:45.160588606,99786,456,99571,100,99835,200,99555,456,99836,200,99538,100,99847,100,99519,100,99932,100,99488,100,99958,100,99468,100,100012,100,99420,100,100016,100,99361,100,100062,100,99338,100,100078,100,99273,100
2019-06-28 09:49:46.659869273,99786,456,99571,100,99835,200,99555,456,99836,200,99538,100,99847,100,99519,100,99932,100,99488,100,100012,100,99468,100,100016,100,99420,100,100062,100,99361,100,100078,100,99338,100,100092,100,99273,100
2019-06-28 09:49:50.000000000,99786,456,99571,456,99835,200,99555,100,99836,200,99538,100,99847,100,99519,100,99932,100,99488,100,100012,100,99468,100,100016,100,99420,100,100062,100,99361,100,100078,100,99338,100,100092,100,99273,100
2019-06-28 09:49:52.190083879,99645,100,99571,456,99786,456,99555,100,99835,200,99538,100,99836,200,99519,100,99847,100,99488,100,99932,100,99468,100,100012,100,99420,100,100016,100,99361,100,100062,100,99338,100,100078,100,99273,100
2019-06-28 09:50:00.000000000,99645,221,99571,221,99786,217,99555,217,99835,317,99538,217,99836,200,99519,100,99847,100,99488,100,99932,100,99468,100,100012,100,99420,100,100016,100,99361,100,100062,100,99338,100,100078,100,99273,100
2019-06-28 09:50:00.388945192,99645,221,99571,221,99786,217,99555,217,99835,317,99538,217,99836,200,99519,100,99847,100,99488,100,100012,100,99468,100,100016,100,99420,100,100062,100,99361,100,100078,100,99338,100,100092,100,99273,100
2019-06-28 09:50:10.000000000,99645,171,99571,171,99786,171,99555,171,99835,271,99538,171,99836,271,99519,171,99847,171,99488,171,100012,100,99468,100,100016,100,99420,100,100062,100,99361,100,100078,100,99338,100,100092,100,99273,100
2019-06-28 09:50:20.000000000,99645,278,99571,278,99786,278,99555,278,99835,200,99538,100,99836,200,99519,100,99847,100,99488,100,100012,100,99468,100,100016,100,99420,100,100062,100,99361,100,100078,100,99338,100,100092,100,99273,100
2019-06-28 09:50:29.553516134,99645,278,99621,100,99786,278,99571,278,99835,200,99555,278,99836,200,99538,100,99847,100,99519,100,100012,100,99488,100,100016,100,99468,100,100062,100,99420,100,100078,100,99361,100,100092,100,99338,100
2019-06-28 09:50:30.000000000,99645,189,99621,189,99786,189,99571,189,99835,289,99555,189,99836,289,99538,189,99847,100,99519,100,100012,100,99488,100,100016,100,99468,100,100062,100,99420,100,100078,100,99361,100,100092,100,99338,100
2019-06-28 09:50:40.000000000,99645,189,99621,189,99786,189,99571,189,99835,289,99555,189,99836,289,99538,189,99847,100,99519,100,100012,100,99488,100,100016,100,99468,100,100062,100,99420,100,100078,100,99361,100,100092,100,99338,100
2019-06-28 09:50:46.055140917,99645,89,99621,189,99786,189,99571,189,99835,289,99555,189,99836,289,99538,189,99847,100,99519,100,100012,100,99488,100,100016,100,99468,100,100062,100,99420,100,100078,100,99361,100,100092,100,99338,100
2019-06-28 09:50:50.000000000,99786,189,99621,189,99835,289,99571,189,99836,289,99555,189,99847,189,99538,189,100012,100,99519,100,100016,100,99488,100,100062,100,99468,100,100078,100,99420,100,100092,100,99361,100,100285,100,99338,100
2019-06-28 09:50:54.629050509,99786,189,99778,100,99835,289,99621,189,99836,289,99571,89,99847,189,99555,189,100012,100,99538,189,100016,100,99519,100,100062,100,99488,100,100078,100,99468,100,100092,100,99420,100,100285,100,99361,100
2019-06-28 09:51:00.000000000,99786,221,99778,221,99835,317,99621,217,99836,317,99555,217,99847,100,99538,100,100012,100,99519,100,100016,100,99488,100,100062,100,99468,100,100078,100,99420,100,100092,100,99361,100,100285,100,99338,100
2019-06-28 09:51:10.000000000,99786,278,99778,278,99835,378,99621,278,99836,200,99555,100,99847,100,99538,100,100012,100,99519,100,100016,100,99488,100,100062,100,99468,100,100078,100,99420,100,100092,100,99361,100,100285,100,99338,100
2019-06-28 09:51:11.543551362,99786,278,99778,278,99835,378,99621,278,99836,200,99555,100,99847,100,99538,100,99927,100,99519,100,100012,100,99488,100,100016,100,99468,100,100062,100,99420,100,100078,100,99361,100,100092,100,99338,100
2019-06-28 09:51:20.000000000,99786,189,99778,189,99835,289,99621,189,99836,289,99555,189,99847,189,99538,189,99927,100,99519,100,100012,100,99488,100,100016,100,99468,100,100062,100,99420,100,100078,100,99361,100,100092,100,99338,100
2019-06-28 09:51:30.000000000,99786,456,99778,456,99835,200,99621,100,99836,200,99555,100,99847,100,99538,100,99927,100,99519,100,100012,100,99488,100,100016,100,99468,100,100062,100,99420,100,100078,100,99361,100,100092,100,99338,100
2019-06-28 09:51:40.000000000,99786,456,99778,456,99835,200,99621,100,99836,200,99555,100,99847,100,99538,100,99927,100,99519,100,100012,100,99488,100,100016,100,99468,100,100062,100,99420,100,100078,100,99361,100,100092,100,99338,100
2019-06-28 09:51:41.289989737,99786,456,99778,456,99835,200,99621,100,99836,200,99555,100,99847,100,99538,100,99927,100,99519,100,100012,100,99488,100,100016,100,99468,100,100062,100,99420,100,100078,100,99361,100,100092,100,99338,100
2019-06-28 09:51:50.000000000,99786,278,99778,278,99835,378,99621,278,99836,200,99555,100,99847,100,99538,100,99927,100,99519,100,100012,100,99488,100,100016,100,99468,100,100062,100,99420,100,100078,100,99361,100,100092,100,99338,100
2019-06-28 09:51:50.185160142,99786,278,99778,278,99835,378,99621,278,99836,200,99555,100,99847,100,99538,100,99927,100,99519,100,100012,100,99488,100,100016,100,99468,100,100062,100,99420,100,100078,100,99361,100,100092,100,99338,100
2019-06-28 09:52:00.000000000,99786,189,99778,189,99835,289,99621,189,99836,289,99555,189,99847,189,99538,189,99927,100,99519,100,100012,100,99488,100,100016,100,99468,100,100062,100,99420,100,100078,100,99361,100,100092,100,99338,100
2019-06-28 09:52:10.000000000,99786,221,99778,221,99835,317,99621,217,99836,317,99555,217,99847,100,99538,100,99927,100,99519,100,100012,100,99488,100,100016,100,99468,100,100062,100,99420,100,100078,100,99361,100,100092,100,99338,100
2019-06-28 09:52:10.987115804,99786,221,99778,221,99835,317,99621,217,99836,317,99555,217,99847,100,99538,100,99927,100,99519,100,100012,100,99488,100,100016,100,99468,100,100062,100,99420,100,100078,100,99361,100,100092,100,99338,100
2019-06-28 09:52:20.000000000,99786,189,99778,189,99835,289,99621,189,99836,289,99555,189,99847,189,99538,189,99927,100,99519,100,100012,100,99488,100,100016,100,99468,100,100062,100,99420,100,100078,100,99361,100,100092,100,99338,100
2019-06-28 09:52:25.552438300,99786,89,99778,189,99835,289,99621,189,99836,289,99555,189,99847,189,99538,189,99927,100,99519,100,100012,100,99488,100,100016,100,99468,100,100062,100,99420,100,100078,100,99361,100,100092,100,99338,100
2019-06-28 09:52:30.000000000,99835,321,99778,221,99836,317,99621,217,99847,217,99555,217,99927,100,99538,100,100012,100,99519,100,100016,100,99488,100,100062,100,99468,100,100078,100,99420,100,100092,100,99361,100,100104,100,99338,100
2019-06-28 09:52:33.775772341,99835,221,99778,221,99836,317,99621,217,99847,217,99555,217,99927,100,99538,100,100012,100,99519,100,100016,100,99488,100,100062,100,99468,100,100078,100,99420,100,100092,100,99361,100,100104,100,99338,100
2019-06-28 09:52:40.000000000,99835,456,99778,456,99836,200,99621,100,99847,100,99555,100,99927,100,99538,100,100012,100,99519,100,100016,100,99488,100,100062,100,99468,100,100078,100,99420,100,100092,100,99361,100,100104,100,99338,100
2019-06-28 09:52:47.705910647,99835,356,99778,456,99836,200,99621,100,99847,100,99555,100,99927,100,99538,100,100012,100,99519,100,100016,100,99488,100,100062,100,99468,100,100078,100,99420,100,100092,100,99361,100,100104,100,99338,100
2019-06-28 09:52:48.084489214,99835,356,99778,456,99836,200,99621,100,99847,100,99555,100,99927,100,99538,100,100012,100,99519,100,100016,100,99488,100,100062,100,99468,100,100078,100,99420,100,100092,100,99361,100,100104,100,99338,100
2019-06-28 09:52:50.000000000,99836,321,99778,221,99847,217,99621,217,99927,217,99555,217,100012,100,99538,100,100016,100,99519,100,100062,100,99488,100,100078,100,99468,100,100092,100,99420,100,100104,100,99361,100,100117,100,99338,100
2019-06-28 09:53:00.000000000,99836,271,99778,171,99847,171,99621,171,99927,171,99555,171,100012,171,99538,171,100016,171,99519,171,100062,100,99488,100,100078,100,99468,100,100092,100,99420,100,100104,100,99361,100,100117,100,99338,100
2019-06-28 09:53:10.000000000,99836,271,99778,171,99847,171,99621,171,99927,171,99555,171,100012,171,99538,171,100016,171,99519,171,100062,100,99488,100,100078,100,99468,100,100092,100,99420,100,100104,100,99361,100,100117,100,99338,100
2019-06-28 09:53:20.000000000,99836,289,99778,189,99847,189,99621,189,99927,189,99555,189,100012,189,99538,189,100016,100,99519,100,100062,100,99488,100,100078,100,99468,100,100092,100,99420,100,100104,100,99361,100,100117,100,99338,100
2019-06-28 09:53:30.000000000,99836,289,99778,189,99847,189,99621,189,99927,189,99555,189,100012,189,99538,189,100016,100,99519,100,100062,100,99488,100,100078,100,99468,100,100092,100,99420,100,100104,100,99361,100,100117,100,99338,100
2019-06-28 09:53:37.077640794,99836,289,99778,189,99847,189,99621,189,99927,189,99620,100,100012,189,99555,189,100016,100,99538,189,100062,100,99519,100,100078,100,99488,100,100092,100,99468,100,100104,100,99420,100,100117,100,99338,100
2019-06-28 09:53:40.000000000,99836,289,99778,189,99847,189,99621,189,99927,189,99620,189,100012,189,99555,189,100016,100,99538,100,100062,100,99519,100,100078,100,99488,100,100092,100,99468,100,100104,100,99420,100,100117,100,99338,100
2019-06-28 09:53:50.000000000,99836,271,99778,171,99847,171,99621,171,99927,171,99620,171,100012,171,99555,171,100016,171,99538,171,100062,100,99519,100,100078,100,99488,100,100092,100,99468,100,100104,100,99420,100,100117,100,99338,100
2019-06-28 09:54:00.000000000,99836,556,99778,456,99847,100,99621,100,99927,100,99620,100,100012,100,99555,100,100016,100,99538,100,100062,100,99519,100,100078,100,99488,100,100092,100,99468,100,100104,100,99420,100,100117,100,99338,100
2019-06-28 09:54:10.000000000,99836,556,99778,456,99847,100,99621,100,99927,100,99620,100,100012,100,99555,100,100016,100,99538,100,100062,100,99519,100,100078,100,99488,100,100092,100,99468,100,100104,100,99420,100,100117,100,99338,100
2019-06-28 09:54:10.409463782,99836,556,99778,456,99847,100,99621,100,99927,100,99620,100,100012,100,99555,100,100016,100,99538,100,100062,100,99519,100,100078,100,99488,100,100092,100,99468,100,100104,100,99420,100,100117,100,99338,100
2019-06-28 09:54:11.608399765,99836,456,99778,456,99847,100,99621,100,99927,100,99620,100,100012,100,99555,100,100016,100,99538,100,100062,100,99519,100,100078,100,99488,100,100092,100,99468,100,100104,100,99420,100,100117,100,99338,100
2019-06-28 09:54:20.000000000,99836,456,99778,456,99847,100,99621,100,99927,100,99620,100,100012,100,99555,100,100016,100,99538,100,100062,100,99519,100,100078,100,99488,100,100092,100,99468,100,100104,100,99420,100,100117,100,99338,100
2019-06-28 09:54:26.137857534,99836,456,99835,100,99847,100,99778,456,99927,100,99621,100,100012,100,99620,100,100016,100,99555,100,100062,100,99538,100,100078,100,99519,100,100092,100,99488,100,100104,100,99468,100,100117,100,99420,100
2019-06-28 09:54:30.000000000,99836,456,99835,456,99847,100,99778,100,99927,100,99621,100,100012,100,99620,100,100016,100,99555,100,100062,100,99538,100,100078,100,99519,100,100092,100,99488,100,100104,100,99468,100,100117,100,99420,100
2019-06-28 09:54:37.077941145,99836,356,99835,456,99847,100,99778,100,99927,100,99621,100,100012,100,99620,100,100016,100,99555,100,100062,100,99538,100,100078,100,99519,100,100092,100,99488,100,100104,100,99468,100,100117,100,99420,100
2019-06-28 09:54:40.000000000,99847,278,99835,278,99927,278,99778,278,100012,100,99621,100,100016,100,99620,100,100062,100,99555,100,100078,100,99538,100,100092,100,99519,100,100104,100,99488,100,100117,100,99468,100,100147,100,99420,100
2019-06-28 09:54:41.121021531,99847,178,99835,278,99927,278,99778,278,100012,100,99621,100,100016,100,99555,100,100062,100,99538,100,100078,100,99519,100,100092,100,99488,100,100104,100,99468,100,100117,100,99420,100,100147,100,99338,100
2019-06-28 09:54:43.032260831,99847,178,99836,100,99927,278,99835,278,100012,100,99778,278,100016,100,99621,100,100062,100,99555,100,100078,100,99538,100,100092,100,99519,100,100104,100,99488,100,100117,100,99468,100,100147,100,99420,100
2019-06-28 09:54:50.000000000,99927,189,99836,189,100012,189,99835,189,100016,189,99778,189,100062,189,99621,189,100078,100,99555,100,100092,100,99538,100,100104,100,99519,100,100117,100,99488,100,100147,100,99468,100,100217,100,99420,100
2019-06-28 09:55:00.000000000,99927,171,99836,171,100012,171,99835,171,100016,171,99778,171,100062,171,99621,171,100078,171,99555,171,100092,100,99538,100,100104,100,99519,100,100117,100,99488,100,100147,100,99468,100,100217,100,99420,100
2019-06-28 09:55:10.000000000,99927,221,99836,221,100012,217,99835,217,100016,217,99778,217,100062,100,99621,100,100078,100,99555,100,100092,100,99538,100,100104,100,99519,100,100117,100,99488,100,100147,100,99468,100,100217,100,99420,100
2019-06-28 09:55:20.000000000,99927,189,99836,189,100012,189,99835,189,100016,189,99778,189,100062,189,99621,189,100078,100,99555,100,100092,100,99538,100,100104,100,99519,100,100117,100,99488,100,100147,100,99468,100,100217,100,99420,100
2019-06-28 09:55:30.000000000,99927,189,99836,189,100012,189,99835,189,100016,189,99778,189,100062,189,99621,189,100078,100,99555,100,100092,100,99538,100,100104,100,99519,100,100117,100,99488,100,100147,100,99468,100,100217,100,99420,100
2019-06-28 09:55:40.000000000,99927,221,99836,221,100012,217,99835,217,100016,217,99778,217,100062,100,99621,100,100078,100,99555,100,100092,100,99538,100,100104,100,99519,100,100117,100,99488,100,100147,100,99468,100,100217,100,99420,100
2019-06-28 09:55:47.722462379,99927,221,99836,221,100012,217,99835,217,100016,217,99778,217,100062,100,99621,100,100078,100,99555,100,100092,100,99538,100,100104,100,99519,100,100117,100,99488,100,100147,100,99468,100,100217,100,99420,100
2019-06-28 09:55:50.000000000,99927,171,99836,171,100012,171,99835,171,100016,171,99778,171,100062,171,99621,171,100078,171,99555,171,100092,100,99538,100,100104,100,99519,100,100117,100,99488,100,100147,100,99468,100,100217,100,99420,100
2019-06-28 09:56:00.000000000,99927,189,99836,189,100012,189,99835,189,100016,189,99778,189,100062,189,99621,189,100078,100,99555,100,100092,100,99538,100,100104,100,99519,100,100117,100,99488,100,100147,100,99468,100,100217,100,99420,100
2019-06-28 09:56:10.000000000,99927,171,99836,171,100012,171,99835,171,100016,171,99778,171,100062,171,99621,171,100078,171,99555,171,100092,100,99538,100,100104,100,99519,100,100117,100,99488,100,100147,100,99468,100,100217,100,99420,100
2019-06-28 09:56:20.000000000,99927,221,99836,221,100012,217,99835,217,100016,217,99778,217,100062,100,99621,100,100078,100,99555,100,100092,100,99538,100,100104,100,99519,100,100117,100,99488,100,100147,100,99468,100,100217,100,99420,100
2019-06-28 09:56:21.006805846,99927,221,99836,221,100012,217,99835,217,100016,217,99778,217,100039,100,99621,100,100062,100,99555,100,100078,100,99538,100,100092,100,99519,100,100104,100,99488,100,100117,100,99468,100,100147,100,99420,100
2019-06-28 09:56:28.224813121,99927,221,99836,221,99974,100,99835,217,100012,217,99778,217,100016,217,99621,100,100039,100,99555,100,100062,100,99538,100,100078,100,99519,100,100092,100,99488,100,100104,100,99468,100,100117,100,99420,100
2019-06-28 09:56:30.000000000,99927,278,99836,278,99974,278,99835,278,100012,100,99778,100,100016,100,99621,100,100039,100,99555,100,100062,100,99538,100,100078,100,99519,100,100092,100,99488,100,100104,100,99468,100,100117,100,99420,100
2019-06-28 09:56:30.761546451,99927,178,99836,278,99974,278,99835,278,100012,100,99778,100,100016,100,99621,100,100062,100,99555,100,100078,100,99538,100,100092,100,99519,100,100104,100,99488,100,100117,100,99468,100,100147,100,99420,100
2019-06-28 09:56:40.000000000,99974,171,99836,171,100012,171,99835,171,100016,171,99778,171,100062,171,99621,171,100078,171,99555,171,100092,100,99538,100,100104,100,99519,100,100117,100,99488,100,100147,100,99468,100,100217,100,99420,100
2019-06-28 09:56:50.000000000,99974,171,99836,171,100012,171,99835,171,100016,171,99778,171,100062,171,99621,171,100078,171,99555,171,100092,100,99538,100,100104,100,99519,100,100117,100,99488,100,100147,100,99468,100,100217,100,99420,100
2019-06-28 09:57:00.000000000,99974,278,99836,278,100012,278,99835,278,100016,100,99778,100,100062,100,99621,100,100078,100,99555,100,100092,100,99538,100,100104,100,99519,100,100117,100,99488,100,100147,100,99468,100,100217,100,99420,100
2019-06-28 09:57:10.000000000,99974,171,99836,171,100012,171,99835,171,100016,171,99778,171,100062,171,99621,171,100078,171,99555,171,100092,100,99538,100,100104,100,99519,100,100117,100,99488,100,100147,100,99468,100,100217,100,99420,100
2019-06-28 09:57:20.000000000,99974,171,99836,171,100012,171,99835,171,100016,171,99778,171,100062,171,99621,171,100078,171,99555,171,100092,100,99538,100,100104,100,99519,100,100117,100,99488,100,100147,100,99468,100,100217,100,99420,100
2019-06-28 09:57:30.000000000,99974,189,99836,189,100012,189,99835,189,100016,189,99778,189,100062,189,99621,189,100078,100,99555,100,100092,100,99538,100,100104,100,99519,100,100117,100,99488,100,100147,100,99468,100,100217,100,99420,100
2019-06-28 09:57:40.000000000,99974,189,99836,189,100012,189,99835,189,100016,189,99778,189,100062,189,99621,189,100078,100,99555,100,100092,100,99538,100,100104,100,99519,100,100117,100,99488,100,100147,100,99468,100,100217,100,99420,100
2019-06-28 09:57:41.443455653,99974,89,99836,189,100012,189,99835,189,100016,189,99778,189,100062,189,99621,189,100078,100,99555,100,100092,100,99538,100,100104,100,99519,100,100117,100,99488,100,100147,100,99468,100,100217,100,99420,100
2019-06-28 09:57:49.228862202,100012,189,99974,11,100016,189,99836,189,100062,189,99835,189,100078,100,99778,189,100092,100,99621,189,100104,100,99555,100,100117,100,99538,100,100147,100,99519,100,100217,100,99488,100,100301,100,99468,100
2019-06-28 09:57:50.000000000,100012,171,99974,82,100016,171,99836,171,100062,171,99835,171,100078,171,99778,171,100092,171,99621,171,100104,100,99555,100,100117,100,99538,100,100147,100,99519,100,100217,100,99488,100,100301,100,99468,100
2019-06-28 09:58:00.000000000,100012,221,99974,132,100016,217,99836,217,100062,217,99835,217,100078,100,99778,100,100092,100,99621,100,100104,100,99555,100,100117,100,99538,100,100147,100,99519,100,100217,100,99488,100,100301,100,99468,100
2019-06-28 09:58:10.000000000,100012,456,99974,367,100016,100,99836,100,100062,100,99835,100,100078,100,99778,100,100092,100,99621,100,100104,100,99555,100,100117,100,99538,100,100147,100,99519,100,100217,100,99488,100,100301,100,99468,100
2019-06-28 09:58:20.000000000,100012,171,99974,82,100016,171,99836,171,100062,171,99835,171,100078,171,99778,171,100092,171,99621,171,100104,100,99555,100,100117,100,99538,100,100147,100,99519,100,100217,100,99488,100,100301,100,99468,100
2019-06-28 09:58:30.000000000,100012,189,99974,100,100016,189,99836,189,100062,189,99835,189,100078,189,99778,189,100092,100,99621,100,100104,100,99555,100,100117,100,99538,100,100147,100,99519,100,100217,100,99488,100,100301,100,99468,100
2019-06-28 09:58:40.000000000,100012,221,99974,132,100016,217,99836,217,100062,217,99835,217,100078,100,99778,100,100092,100,99621,100,100104,100,99555,100,100117,100,99538,100,100147,100,99519,100,100217,100,99488,100,100301,100,99468,100
2019-06-28 09:58:50.000000000,100012,221,99974,132,100016,217,99836,217,100062,217,99835,217,100078,100,99778,100,100092,100,99621,100,100104,100,99555,100,100117,100,99538,100,100147,100,99519,100,100217,100,99488,100,100301,100,99468,100
2019-06-28 09:59:00.000000000,100012,171,99974,82,100016,171,99836,171,100062,171,99835,171,100078,171,99778,171,100092,171,99621,171,100104,100,99555,100,100117,100,99538,100,100147,100,99519,100,100217,100,99488,100,100301,100,99468,100
2019-06-28 09:59:10.000000000,100012,189,99974,100,100016,189,99836,189,100062,189,99835,189,100078,189,99778,189,100092,100,99621,100,100104,100,99555,100,100117,100,99538,100,100147,100,99519,100,100217,100,99488,100,100301,100,99468,100
2019-06-28 09:59:20.000000000,100012,278,99974,189,100016,278,99836,278,100062,100,99835,100,100078,100,99778,100,100092,100,99621,100,100104,100,99555,100,100117,100,99538,100,100147,100,99519,100,100217,100,99488,100,100301,100,99468,100
2019-06-28 09:59:26.797863719,100012,278,99974,89,100016,278,99836,278,100078,100,99835,100,100092,100,99778,100,100104,100,99621,100,100117,100,99555,100,100147,100,99538,100,100217,100,99519,100,100301,100,99488,100,,,99468,100
2019-06-28 09:59:30.000000000,100012,221,99836,221,100016,217,99835,217,100078,217,99778,217,100092,100,99621,100,100104,100,99555,100,100117,100,99538,100,100147,100,99519,100,100217,100,99488,100,100301,100,99468,100,,,99420,100
2019-06-28 09:59:35.057412064,99974,100,99836,221,100012,221,99835,217,100016,217,99778,217,100078,217,99621,100,100092,100,99555,100,100104,100,99538,100,100117,100,99519,100,100147,100,99488,100,100217,100,99468,100,100301,100,99420,100
2019-06-28 09:59:40.000000000,99974,456,99836,456,100012,100,99835,100,100016,100,99778,100,100078,100,99621,100,100092,100,99555,100,100104,100,99538,100,100117,100,99519,100,100147,100,99488,100,100217,100,99468,100,100301,100,99420,100
2019-06-28 09:59:50.000000000,99974,221,99836,221,100012,217,99835,217,100016,217,99778,217,100078,100,99621,100,100092,100,99555,100,100104,100,99538,100,100117,100,99519,100,100147,100,99488,100,100217,100,99468,100,100301,100,99420,100
2019-06-28 09:59:55.757129322,99974,221,99836,121,100012,217,99835,217,100016,217,99778,217,100078,100,99621,100,100092,100,99555,100,100104,100,99538,100,100117,100,99519,100,100147,100,99488,100,100217,100,99468,100,100301,100,99420,100
2019-06-28 10:00:00.000000000,99974,456,99835,456,100012,100,99778,100,100016,100,99621,100,100078,100,99555,100,100092,100,99538,100,100104,100,99519,100,100117,100,99488,100,100147,100,99468,100,100217,100,99420,100,100301,100,99273,100
2019-06-28 10:00:03.860384011,99974,456,99835,456,100012,100,99778,100,100016,100,99621,100,100078,100,99555,100,100092,100,99538,100,100104,100,99519,100,100147,100,99488,100,100191,100,99468,100,100217,100,99420,100,100301,100,99273,100
2019-06-28 10:00:10.000000000,99974,189,99835,189,100012,189,99778,189,100016,189,99621,189,100078,189,99555,189,100092,100,99538,100,100104,100,99519,100,100147,100,99488,100,100191,100,99468,100,100217,100,99420,100,100301,100,99273,100
2019-06-28 10:00:10.984461405,99974,189,99835,89,100012,189,99778,189,100016,189,99621,189,100078,189,99555,189,100092,100,99538,100,100104,100,99519,100,100147,100,99488,100,100191,100,99468,100,100217,100,99420,100,100301,100,99273,100
2019-06-28 10:00:18.017419702,99974,189,99837,100,100012,189,99835,89,100016,189,99778,189,100078,189,99621,189,100092,100,99555,189,100104,100,99538,100,100147,100,99519,100,100191,100,99488,100,100217,100,99468,100,100301,100,99420,100
2019-06-28 10:00:20.000000000,99974,171,99837,171,100012,171,99778,171,100016,171,99621,171,100078,171,99555,171,100092,171,99538,171,100104,100,99519,100,100147,100,99488,100,100191,100,99468,100,100217,100,99420,100,100301,100,99273,100
2019-06-28 10:00:26.283835732,99974,171,99837,171,100012,171,99778,171,100016,171,99621,171,100078,171,99555,171,100092,171,99538,171,100104,200,99519,100,100147,100,99488,100,100191,100,99468,100,100217,100,99420,100,100301,100,99273,100
2019-06-28 10:00:30.000000000,99974,189,99837,189,100012,189,99778,189,100016,189,99621,189,100078,189,99555,189,100092,100,99538,100,100104,200,99519,100,100147,100,99488,100,100191,100,99468,100,100217,100,99420,100,100301,100,99273,100
2019-06-28 10:00:31.001530608,99974,189,99837,289,100012,89,99778,189,100016,189,99621,189,100078,189,99555,189,100092,100,99538,100,100104,200,99519,100,100147,100,99488,100,100191,100,99468,100,100217,100,99420,100,100301,100,99273,100
2019-06-28 10:00:40.000000000,99974,278,99837,378,100016,278,99778,278,100078,100,99621,100,100092,100,99555,100,100104,200,99538,100,100147,100,99519,100,100191,100,99488,100,100217,100,99468,100,100301,100,99420,100,,,99273,100
2019-06-28 10:00:50.000000000,99974,221,99837,321,100016,217,99778,217,100078,217,99621,217,100092,100,99555,100,100104,200,99538,100,100147,100,99519,100,100191,100,99488,100,100217,100,99468,100,100301,100,99420,100,,,99273,100
2019-06-28 10:00:57.068590841,99974,221,99837,321,100016,117,99778,217,100078,217,99621,217,100092,100,99555,100,100104,200,99538,100,100147,100,99519,100,100159,100,99488,100,100191,100,99468,100,100217,100,99420,100,100301,100,99273,100
2019-06-28 10:00:59.132146385,99974,221,99837,421,100016,117,99778,217,100078,217,99621,217,100092,100,99555,100,100104,200,99538,100,100147,100,99519,100,100159,100,99488,100,100191,100,99468,100,100217,100,99420,100,100301,100,99273,100
2019-06-28 10:01:00.000000000,99974,189,99837,389,100078,189,99778,189,100092,189,99621,189,100104,289,99555,189,100147,100,99538,100,100159,100,99519,100,100191,100,99488,100,100217,100,99468,100,100301,100,99420,100,,,99273,100
2019-06-28 10:01:00.597984969,99974,189,99837,389,100035,100,99778,189,100078,189,99621,189,100092,189,99555,189,100104,289,99538,100,100147,100,99519,100,100159,100,99488,100,100191,100,99468,100,100217,100,99420,100,100301,100,99273,100
2019-06-28 10:01:10.000000000,99974,456,99837,656,100035,100,99778,100,100078,100,99621,100,100092,100,99555,100,100104,200,99538,100,100147,100,99519,100,100159,100,99488,100,100191,100,99468,100,100217,100,99420,100,100301,100,99273,100
2019-06-28 10:01:14.315230555,99974,456,99953,100,100035,100,99837,656,100078,100,99778,100,100092,100,99621,100,100104,200,99555,100,100147,100,99538,100,100159,100,99519,100,100191,100,99488,100,100217,100,99468,100,100301,100,99420,100
2019-06-28 10:01:20.000000000,99974,171,99953,171,100035,171,99837,371,100078,171,99778,171,100092,171,99621,171,100104,271,99555,171,100147,100,99538,100,100159,100,99519,100,100191,100,99488,100,100217,100,99468,100,100301,100,99420,100
2019-06-28 10:01:30.000000000,99974,171,99953,171,100035,171,99837,371,100078,171,99778,171,100092,171,99621,171,100104,271,99555,171,100147,100,99538,100,100159,100,99519,100,100191,100,99488,100,100217,100,99468,100,100301,100,99420,100
2019-06-28 10:01:40.000000000,99974,221,99953,221,100035,217,99837,417,100078,217,99778,217,100092,100,99621,100,100104,200,99555,100,100147,100,99538,100,100159,100,99519,100,100191,100,99488,100,100217,100,99468,100,100301,100,99420,100
2019-06-28 10:01:46.719603105,99974,121,99953,221,100035,217,99837,417,100078,217,99778,217,100092,100,99621,100,100104,200,99555,100,100147,100,99538,100,100191,100,99519,100,100217,100,99488,100,100301,100,99468,100,,,99420,100
2019-06-28 10:01:50.000000000,100035,456,99953,456,100078,100,99837,300,100092,100,99778,100,100104,200,99621,100,100147,100,99555,100,100191,100,99538,100,100217,100,99519,100,100301,100,99488,100,,,99468,100,,,99420,100
2019-06-28 10:01:55.750150885,100035,356,99953,456,100078,100,99837,300,100092,100,99778,100,100104,200,99621,100,100147,100,99555,100,100191,100,99538,100,100217,100,99519,100,100301,100,99488,100,,,99468,100,,,99420,100
2019-06-28 10:02:00.000000000,100078,278,99953,278,100092,278,99837,478,100104,200,99778,100,100147,100,99621,100,100191,100,99555,100,100217,100,99538,100,100301,100,99519,100,,,99488,100,,,99468,100,,,99420,100
2019-06-28 10:02:05.045240844,100078,178,99953,278,100092,278,99837,478,100104,200,99778,100,100147,100,99621,100,100191,100,99538,100,100217,100,99519,100,100301,100,99488,100,,,99468,100,,,99420,100,,,99273,100
2019-06-28 10:02:10.000000000,100092,221,99953,221,100104,317,99837,417,100147,217,99778,217,100191,100,99621,100,100217,100,99538,100,100301,100,99519,100,,,99488,100,,,99468,100,,,99420,100,,,99273,100
2019-06-28 10:02:11.459634367,100092,221,100035,100,100104,317,99953,221,100147,217,99837,417,100191,100,99778,217,100217,100,99621,100,100301,100,99538,100,,,99519,100,,,99488,100,,,99468,100,,,99420,100
2019-06-28 10:02:13.743609264,100092,221,100035,100,100104,317,99953,221,100147,217,99837,417,100191,100,99778,217,100217,100,99621,100,100301,100,99538,100,100416,100,99519,100,,,99468,100,,,99420,100,,,99273,100
2019-06-28 10:02:20.000000000,100092,278,100035,278,100104,378,99953,278,100147,100,99837,300,100191,100,99778,100,100217,100,99621,100,100301,100,99538,100,100416,100,99519,100,,,99468,100,,,99420,100,,,99273,100
2019-06-28 10:02:20.292974684,100092,278,100035,278,100104,378,99953,278,100147,100,99837,300,100191,100,99621,100,100217,100,99538,100,100301,100,99519,100,100416,100,99468,100,100801,100,99420,100,,,99273,100,,,99268,100
2019-06-28 10:02:30.000000000,100092,171,100035,171,100104,271,99953,171,100147,171,99837,371,100191,171,99621,171,100217,171,99538,171,100301,100,99519,100,100416,100,99468,100,100801,100,99420,100,,,99273,100,,,99268,100
2019-06-28 10:02:33.675438564,100092,171,100035,171,100104,271,99953,171,100147,171,99837,371,100191,171,99621,171,100217,171,99538,171,100301,100,99519,100,100416,100,99468,100,100733,100,99273,100,100801,100,99268,100,,,99169,100
2019-06-28 10:02:40.000000000,100092,189,100035,189,100104,289,99953,189,100147,189,99837,389,100191,189,99621,189,100217,100,99538,100,100301,100,99519,100,100416,100,99468,100,100733,100,99273,100,100801,100,99268,100,,,99169,100
2019-06-28 10:02:44.537770036,100092,189,100035,189,100104,289,99953,189,100147,189,99837,389,100191,189,99621,189,100217,100,99538,100,100301,100,99519,100,100341,100,99468,100,100416,100,99273,100,100733,100,99268,100,100801,100,99169,100
2019-06-28 10:02:48.107357898,100092,189,100035,189,100104,289,99953,189,100147,189,99837,389,100191,189,99621,189,100217,100,99538,100,100301,100,99519,100,100341,100,99468,100,100416,100,99273,100,100550,100,99268,100,100733,100,99169,100
2019-06-28 10:02:50.000000000,100092,221,100035,221,100104,317,99953,217,100147,217,99837,417,100191,100,99621,100,100217,100,99538,100,100301,100,99519,100,100341,100,99468,100,100416,100,99273,100,100550,100,99268,100,100733,100,99169,100
2019-06-28 10:02:50.780702437,100092,221,100035,221,100104,317,99953,217,100147,217,99837,417,100191,100,99621,100,100217,100,99538,100,100245,100,99519,100,100301,100,99468,100,100341,100,99273,100,100416,100,99268,100,100550,100,99169,100
2019-06-28 10:02:59.256668451,100092,121,100035,221,100104,317,99953,217,100147,217,99837,417,100191,100,99621,100,100217,100,99538,100,100245,100,99519,100,100301,100,99468,100,100341,100,99273,100,100416,100,99268,100,100550,100,99169,100
2019-06-28 10:03:00.000000000,100104,378,100035,278,100147,278,99953,278,100191,100,99837,300,100217,100,99621,100,100245,100,99538,100,100301,100,99519,100,100341,100,99468,100,100416,100,99273,100,100550,100,99268,100,100733,100,99169,100
2019-06-28 10:03:10.000000000,100104,289,100035,189,100147,189,99953,189,100191,189,99837,389,100217,189,99621,189,100245,100,99538,100,100301,100,99519,100,100341,100,99468,100,100416,100,99273,100,100550,100,99268,100,100733,100,99169,100
2019-06-28 10:03:20.000000000,100104,321,100035,221,100147,217,99953,217,100191,217,99837,417,100217,100,99621,100,100245,100,99538,100,100301,100,99519,100,100341,100,99468,100,100416,100,99273,100,100550,100,99268,100,100733,100,99169,100
2019-06-28 10:03:30.000000000,100104,321,100035,221,100147,217,99953,217,100191,217,99837,417,100217,100,99621,100,100245,100,99538,100,100301,100,99519,100,100341,100,99468,100,100416,100,99273,100,100550,100,99268,100,100733,100,99169,100
2019-06-28 10:03:40.000000000,100104,321,100035,221,100147,217,99953,217,100191,217,99837,417,100217,100,99621,100,100245,100,99538,100,100301,100,99519,100,100341,100,99468,100,100416,100,99273,100,100550,100,99268,100,100733,100,99169,100
2019-06-28 10:03:50.000000000,100104,321,100035,221,100147,217,99953,217,100191,217,99837,417,100217,100,99621,100,100245,100,99538,100,100301,100,99519,100,100341,100,99468,100,100416,100,99273,100,100550,100,99268,100,100733,100,99169,100
2019-06-28 10:04:00.000000000,100104,378,100035,278,100147,278,99953,278,100191,100,99837,300,100217,100,99621,100,100245,100,99538,100,100301,100,99519,100,100341,100,99468,100,100416,100,99273,100,100550,100,99268,100,100733,100,99169,100
2019-06-28 10:04:06.430128897,100104,278,100035,278,100147,278,99953,278,100191,100,99837,300,100217,100,99621,100,100245,100,99538,100,100301,100,99519,100,100341,100,99468,100,100416,100,99273,100,100550,100,99268,100,100733,100,99169,100
2019-06-28 10:04:10.000000000,100104,278,100035,278,100147,278,99953,278,100191,100,99837,300,100217,100,99621,100,100245,100,99538,100,100301,100,99519,100,100341,100,99468,100,100416,100,99273,100,100550,100,99268,100,100733,100,99169,100
2019-06-28 10:04:14.804644866,100104,278,100092,100,100147,278,100035,278,100191,100,99953,278,100217,100,99837,300,100245,100,99621,100,100301,100,99538,100,100341,100,99519,100,100416,100,99468,100,100550,100,99273,100,100733,100,99268,100
2019-06-28 10:04:20.000000000,100104,221,100092,221,100147,217,100035,217,100191,217,99953,217,100217,100,99837,300,100245,100,99621,100,100301,100,99538,100,100341,100,99519,100,100416,100,99468,100,100550,100,99273,100,100733,100,99268,100
2019-06-28 10:04:26.107789995,100104,121,100092,221,100147,217,100035,217,100191,217,99953,217,100217,100,99837,300,100245,100,99621,100,100301,100,99538,100,100341,100,99519,100,100416,100,99468,100,100550,100,99273,100,100733,100,99268,100
2019-06-28 10:04:30.000000000,100147,171,100092,171,100191,171,100035,171,100217,171,99953,171,100245,171,99837,371,100301,171,99621,171,100341,100,99538,100,100416,100,99519,100,100550,100,99468,100,100733,100,99273,100,100801,100,99268,100
2019-06-28 10:04:40.000000000,100147,171,100092,171,100191,171,100035,171,100217,171,99953,171,100245,171,99837,371,100301,171,99621,171,100341,100,99538,100,100416,100,99519,100,100550,100,99468,100,100733,100,99273,100,100801,100,99268,100
2019-06-28 10:04:50.000000000,100147,221,100092,221,100191,217,100035,217,100217,217,99953,217,100245,100,99837,300,100301,100,99621,100,100341,100,99538,100,100416,100,99519,100,100550,100,99468,100,100733,100,99273,100,100801,100,99268,100
2019-06-28 10:05:00.000000000,100147,189,100092,189,100191,189,100035,189,100217,189,99953,189,100245,189,99837,389,100301,100,99621,100,100341,100,99538,100,100416,100,99519,100,100550,100,99468,100,100733,100,99273,100,100801,100,99268,100
2019-06-28 10:05:10.000000000,100147,221,100092,221,100191,217,100035,217,100217,217,99953,217,100245,100,99837,300,100301,100,99621,100,100341,100,99538,100,100416,100,99519,100,100550,100,99468,100,100733,100,99273,100,100801,100,99268,100
2019-06-28 10:05:15.306482823,100147,121,100092,221,100191,217,100035,217,100217,217,99953,217,100245,100,99837,300,100301,100,99621,100,100341,100,99519,100,100416,100,99468,100,100550,100,99273,100,100733,100,99268,100,100801,100,99169,100
2019-06-28 10:05:17.764008494,100147,121,100092,221,100191,217,100035,217,100217,217,99953,217,100245,100,99837,300,100301,100,99621,100,100341,100,99519,100,100416,100,99468,100,100550,100,99273,100,100733,100,99268,100,100801,100,99169,100
2019-06-28 10:05:20.000000000,100191,171,100092,171,100217,171,100035,171,100245,171,99953,171,100301,171,99837,371,100341,171,99621,171,100416,100,99519,100,100550,100,99468,100,100733,100,99273,100,100801,100,99268,100,101142,100,99169,100
2019-06-28 10:05:30.000000000,100191,456,100092,456,100217,100,100035,100,100245,100,99953,100,100301,100,99837,300,100341,100,99621,100,100416,100,99519,100,100550,100,99468,100,100733,100,99273,100,100801,100,99268,100,101142,100,99169,100
2019-06-28 10:05:40.000000000,100191,456,100092,456,100217,100,100035,100,100245,100,99953,100,100301,100,99837,300,100341,100,99621,100,100416,100,99519,100,100550,100,99468,100,100733,100,99273,100,100801,100,99268,100,101142,100,99169,100
2019-06-28 10:05:50.000000000,100191,278,100092,278,100217,278,100035,278,100245,100,99953,100,100301,100,99837,300,100341,100,99621,100,100416,100,99519,100,100550,100,99468,100,100733,100,99273,100,100801,100,99268,100,101142,100,99169,100
2019-06-28 10:06:00.000000000,100191,189,100092,189,100217,189,100035,189,100245,189,99953,189,100301,189,99837,389,100341,100,99621,100,100416,100,99519,100,100550,100,99468,100,100733,100,99273,100,100801,100,99268,100,101142,100,99169,100
2019-06-28 10:06:10.000000000,100191,189,100092,189,100217,189,100035,189,100245,189,99953,189,100301,189,99837,389,100341,100,99621,100,100416,100,99519,100,100550,100,99468,100,100733,100,99273,100,100801,100,99268,100,101142,100,99169,100
2019-06-28 10:06:20.000000000,100191,189,100092,189,100217,189,100035,189,100245,189,99953,189,100301,189,99837,389,100341,100,99621,100,100416,100,99519,100,100550,100,99468,100,100733,100,99273,100,100801,100,99268,100,101142,100,99169,100
2019-06-28 10:06:30.000000000,100191,171,100092,171,100217,171,100035,171,100245,171,99953,171,100301,171,99837,371,100341,171,99621,171,100416,100,99519,100,100550,100,99468,100,100733,100,99273,100,100801,100,99268,100,101142,100,99169,100
2019-06-28 10:06:40.000000000,100191,221,100092,221,100217,217,100035,217,100245,217,99953,217,100301,100,99837,300,100341,100,99621,100,100416,100,99519,100,100550,100,99468,100,100733,100,99273,100,100801,100,99268,100,101142,100,99169,100
2019-06-28 10:06:45.346336065,100191,121,100092,221,100217,217,100035,217,100245,217,99953,217,100301,100,99837,300,100341,100,99621,100,100416,100,99519,100,100550,100,99468,100,100577,100,99273,100,100733,100,99268,100,100801,100,99169,100
2019-06-28 10:06:50.000000000,100217,221,100092,221,100245,217,100035,217,100301,217,99953,217,100341,100,99837,300,100416,100,99621,100,100550,100,99519,100,100577,100,99468,100,100733,100,99273,100,100801,100,99268,100,101142,100,99169,100
2019-06-28 10:07:00.000000000,100217,278,100092,278,100245,278,100035,278,100301,100,99953,100,100341,100,99837,300,100416,100,99621,100,100550,100,99519,100,100577,100,99468,100,100733,100,99273,100,100801,100,99268,100,101142,100,99169,100
2019-06-28 10:07:10.000000000,100217,456,100092,456,100245,100,100035,100,100301,100,99953,100,100341,100,99837,300,100416,100,99621,100,100550,100,99519,100,100577,100,99468,100,100733,100,99273,100,100801,100,99268,100,101142,100,99169,100
2019-06-28 10:07:19.824310166,100217,456,100092,456,100245,100,100035,100,100301,100,99953,100,100341,100,99837,300,100416,100,99621,100,100550,100,99519,100,100577,100,99468,100,100671,100,99273,100,100733,100,99268,100,100801,100,99169,100
2019-06-28 10:07:20.000000000,100217,171,100092,171,100245,171,100035,171,100301,171,99953,171,100341,171,99837,371,100416,171,99621,171,100550,100,99519,100,100577,100,99468,100,100671,100,99273,100,100733,100,99268,100,100801,100,99169,100
2019-06-28 10:07:30.000000000,100217,456,100092,456,100245,100,100035,100,100301,100,99953,100,100341,100,99837,300,100416,100,99621,100,100550,100,99519,100,100577,100,99468,100,100671,100,99273,100,100733,100,99268,100,100801,100,99169,100
2019-06-28 10:07:33.679597528,100217,356,100092,456,100245,100,100035,100,100301,100,99953,100,100341,100,99837,300,100416,100,99621,100,100550,100,99519,100,100577,100,99468,100,100671,100,99273,100,100733,100,99268,100,100801,100,99169,100
2019-06-28 10:07:40.000000000,100245,456,100092,456,100301,100,100035,100,100341,100,99953,100,100416,100,99837,300,100550,100,99621,100,100577,100,99519,100,100671,100,99468,100,100733,100,99273,100,100801,100,99268,100,101142,100,99169,100
2019-06-28 10:07:50.000000000,100245,171,100092,171,100301,171,100035,171,100341,171,99953,171,100416,171,99837,371,100550,171,99621,171,100577,100,99519,100,100671,100,99468,100,100733,100,99273,100,100801,100,99268,100,101142,100,99169,100
2019-06-28 10:08:00.000000000,100245,221,100092,221,100301,217,100035,217,100341,217,99953,217,100416,100,99837,300,100550,100,99621,100,100577,100,99519,100,100671,100,99468,100,100733,100,99273,100,100801,100,99268,100,101142,100,99169,100
2019-06-28 10:08:10.000000000,100245,456,100092,456,100301,100,100035,100,100341,100,99953,100,100416,100,99837,300,100550,100,99621,100,100577,100,99519,100,100671,100,99468,100,100733,100,99273,100,100801,100,99268,100,101142,100,99169,100
2019-06-28 10:08:10.101251165,100245,456,100092,456,100301,100,100035,100,100341,100,99953,100,100416,100,99847,100,100550,100,99837,300,100577,100,99621,100,100671,100,99519,100,100733,100,99468,100,100801,100,99273,100,101142,100,99268,100
2019-06-28 10:08:18.586223909,100146,100,100092,456,100245,456,100035,100,100301,100,99953,100,100341,100,99847,100,100416,100,99837,300,100550,100,99621,100,100577,100,99519,100,100671,100,99468,100,100733,100,99273,100,100801,100,99268,100
2019-06-28 10:08:19.730169614,100146,100,100092,356,100245,456,100035,100,100301,100,99953,100,100341,100,99847,100,100416,100,99837,300,100550,100,99621,100,100577,100,99519,100,100671,100,99468,100,100733,100,99273,100,100801,100,99268,100
