,ask_price_1,ask_size_1,bid_price_1,bid_size_1,ask_price_2,ask_size_2,bid_price_2,bid_size_2,ask_price_3,ask_size_3,bid_price_3,bid_size_3,ask_price_4,ask_size_4,bid_price_4,bid_size_4,ask_price_5,ask_size_5,bid_price_5,bid_size_5,ask_price_6,ask_size_6,bid_price_6,bid_size_6,ask_price_7,ask_size_7,bid_price_7,bid_size_7,ask_price_8,ask_size_8,bid_price_8,bid_size_8,ask_price_9,ask_size_9,bid_price_9,bid_size_9,ask_price_10,ask_size_10,bid_price_10,bid_size_10
2019-06-28 09:30:00.000000000,,,99864,100,,,,,,,,,,,,,,,,,,,,,,,,,,,,,,,,,,,,
2019-06-28 09:30:00.000000004,100022,100,99864,100,100040,100,,,,,,,,,,,,,,,,,,,,,,,,,,,,,,,,,,
2019-06-28 09:30:00.000000005,100004,100,99864,100,100022,100,,,100040,100,,,,,,,,,,,,,,,,,,,,,,,,,,,,,,
2019-06-28 09:30:00.000000006,100004,100,100001,100,100022,100,99864,100,100040,100,,,,,,,,,,,,,,,,,,,,,,,,,,,,,,
2019-06-28 09:30:00.000000007,100004,100,100001,100,100022,100,99864,100,100040,100,,,100045,100,,,,,,,,,,,,,,,,,,,,,,,,,,
2019-06-28 09:30:00.000000009,100004,100,100001,100,100022,100,99888,100,100040,100,99864,100,100045,100,,,,,,,,,,,,,,,,,,,,,,,,,,
2019-06-28 09:30:00.000000010,100004,100,99944,100,100022,100,99890,100,100040,100,99888,100,100045,100,99864,100,,,,,,,,,,,,,,,,,,,,,,,,
2019-06-28 09:30:00.000000011,100004,100,99944,100,100022,100,99922,100,100040,100,99890,100,100045,100,99888,100,,,99864,100,,,,,,,,,,,,,,,,,,,,
2019-06-28 09:30:00.000000012,100022,100,99944,100,100040,100,99922,100,100045,100,99890,100,,,99888,100,,,99864,100,,,,,,,,,,,,,,,,,,,,
2019-06-28 09:30:00.000000013,99994,100,99944,100,100022,100,99922,100,100040,100,99890,100,100045,100,99888,100,,,99864,100,,,,,,,,,,,,,,,,,,,,
2019-06-28 09:30:00.000000020,99994,100,99944,100,100004,100,99922,100,100022,100,99890,100,100040,100,99888,100,100045,100,99864,100,,,,,,,,,,,,,,,,,,,,
2019-06-28 09:30:00.000000021,99994,100,99944,100,100004,100,99922,100,100022,100,99890,100,100040,100,99888,100,100045,100,99864,100,100153,100,,,,,,,,,,,,,,,,,,
2019-06-28 09:30:00.000000026,99960,100,99944,100,99994,100,99922,100,99998,100,99890,100,100004,100,99888,100,100022,100,99864,100,100040,100,,,100045,100,,,100153,100,,,,,,,,,,
2019-06-28 09:30:00.000000029,99994,100,99944,100,99998,100,99922,100,100004,100,99890,100,100022,100,99888,100,100040,100,99864,100,100045,100,,,100153,100,,,,,,,,,,,,,,
2019-06-28 09:30:00.000000030,99989,100,99944,100,99994,100,99922,100,99998,100,99890,100,100004,100,99888,100,100022,100,99864,100,100040,100,99839,100,100045,100,,,100153,100,,,,,,,,,,
2019-06-28 09:30:00.000000031,99989,100,99944,100,99994,100,99922,100,99998,100,99890,100,100004,100,99888,100,100022,100,99864,100,100024,100,99839,100,100040,100,,,100045,100,,,100091,100,,,100153,100,,
2019-06-28 09:30:00.000000033,99989,100,99944,100,99994,100,99922,100,99998,100,99920,100,100004,100,99890,100,100022,100,99888,100,100024,100,99864,100,100040,100,99839,100,100045,100,,,100091,100,,,100153,100,,
2019-06-28 09:30:00.000000034,99989,100,99960,100,99994,100,99944,100,99998,100,99922,100,100004,100,99920,100,100022,100,99892,100,100024,100,99890,100,100040,100,99888,100,100045,100,99864,100,100091,100,99839,100,100153,100,,
2019-06-28 09:30:00.000000035,99989,100,99960,100,99994,100,99944,100,99998,100,99922,100,100004,100,99920,100,100022,100,99892,100,100024,100,99890,100,100026,100,99888,100,100040,100,99864,100,100043,100,99839,100,100045,100,,
2019-06-28 09:30:00.000000036,99989,100,99960,100,99994,100,99944,100,99998,100,99922,100,100004,100,99920,100,100022,100,99892,100,100024,100,99890,100,100026,100,99888,100,100040,100,99864,100,100043,100,99839,100,100045,100,,
2019-06-28 09:30:00.000000037,99989,100,99960,100,99994,100,99944,100,99998,100,99934,100,100004,100,99922,100,100022,100,99920,100,100024,100,99892,100,100026,100,99890,100,100040,100,99888,100,100043,100,99864,100,100045,100,99839,100
2019-06-28 09:30:00.000000038,99989,100,99960,100,99994,100,99944,100,99998,100,99934,100,100004,100,99922,100,100022,100,99920,100,100024,100,99892,100,100026,100,99890,100,100040,100,99888,100,100043,100,99864,100,100045,100,99839,100
2019-06-28 09:30:00.000000040,99989,100,99960,100,99994,100,99944,100,99998,100,99934,100,100004,100,99922,100,100022,100,99920,100,100024,100,99892,100,100026,100,99890,100,100040,100,99888,100,100043,100,99864,100,100045,100,99839,100
2019-06-28 09:30:00.000000043,99989,100,99960,100,99994,100,99948,100,99998,100,99944,100,100004,100,99934,100,100022,100,99922,100,100024,100,99920,100,100026,100,99892,100,100040,100,99890,100,100043,100,99888,100,100045,100,99864,100
2019-06-28 09:30:00.000000047,99989,100,99960,100,99994,100,99948,100,99998,100,99944,100,100004,100,99934,100,100006,100,99922,100,100022,100,99920,100,100024,100,99892,100,100026,100,99890,100,100040,100,99888,100,100043,100,99864,100
2019-06-28 09:30:00.000000048,99989,100,99960,100,99994,100,99948,100,99998,100,99944,100,100004,100,99934,100,100006,100,99922,100,100022,100,99920,100,100024,100,99892,100,100026,100,99890,100,100040,100,99888,100,100043,100,99864,100
2019-06-28 09:30:00.000000050,99994,100,99960,100,99998,100,99948,100,100004,100,99944,100,100006,100,99934,100,100022,100,99922,100,100024,100,99920,100,100026,100,99892,100,100040,100,99890,100,100043,100,99888,100,100045,100,99864,100
2019-06-28 09:30:00.000000051,99998,100,99960,100,100004,100,99948,100,100006,100,99944,100,100022,100,99934,100,100024,100,99922,100,100026,100,99920,100,100040,100,99892,100,100043,100,99890,100,100045,100,99888,100,100067,100,99864,100
2019-06-28 09:30:00.000000052,99998,100,99996,100,100004,100,99960,100,100006,100,99948,100,100022,100,99944,100,100024,100,99934,100,100026,100,99922,100,100040,100,99920,100,100043,100,99892,100,100045,100,99890,100,100067,100,99888,100
2019-06-28 09:30:00.000000057,99998,100,99996,100,100004,100,99960,100,100006,100,99948,100,100022,100,99944,100,100024,100,99934,100,100026,100,99922,100,100040,100,99920,100,100043,100,99897,100,100045,100,99892,100,100067,100,99890,100
2019-06-28 09:30:00.000000060,99998,100,99960,100,100004,100,99948,100,100006,100,99944,100,100022,100,99934,100,100024,100,99922,100,100026,100,99920,100,100040,100,99897,100,100043,100,99892,100,100045,100,99890,100,100067,100,99888,100
2019-06-28 09:30:00.000000062,99998,100,99960,100,100004,100,99948,100,100006,100,99944,100,100022,100,99934,100,100024,100,99922,100,100026,100,99920,100,100040,100,99897,100,100043,100,99892,200,100045,100,99890,100,100067,100,99888,100
2019-06-28 09:30:00.000000064,100004,100,99960,100,100006,100,99948,100,100022,100,99944,100,100024,100,99934,100,100026,100,99922,100,100040,100,99920,100,100043,100,99897,100,100045,100,99894,100,100067,100,99892,200,100070,100,99890,100
2019-06-28 09:30:00.000000065,100004,100,99960,100,100006,100,99948,100,100022,100,99944,100,100024,100,99934,100,100026,100,99922,100,100040,200,99920,100,100043,100,99897,100,100045,100,99894,100,100067,100,99892,200,100070,100,99890,100
2019-06-28 09:30:00.000000067,100004,100,99960,100,100006,100,99948,100,100022,100,99944,100,100024,100,99934,100,100026,100,99922,100,100040,200,99920,100,100043,100,99897,100,100045,200,99894,100,100067,100,99892,200,100070,100,99890,100
2019-06-28 09:30:00.000000069,100004,100,99994,100,100006,100,99960,100,100022,100,99948,100,100024,100,99944,100,100026,100,99934,100,100040,200,99922,100,100043,100,99920,100,100045,200,99897,100,100067,100,99894,100,100070,100,99892,200
2019-06-28 09:30:00.000000070,100004,100,99994,100,100006,100,99960,100,100022,100,99948,100,100024,100,99944,100,100026,100,99934,100,100040,200,99922,100,100043,100,99920,100,100045,200,99897,100,100067,100,99895,100,100070,100,99894,100
2019-06-28 09:30:00.000000071,99998,100,99994,200,100004,100,99960,100,100006,100,99948,100,100022,100,99944,100,100024,100,99934,100,100026,100,99922,100,100040,200,99920,100,100043,100,99897,100,100045,200,99895,100,100067,100,99894,100
2019-06-28 09:30:00.000000072,99998,100,99994,200,100004,100,99960,100,100006,100,99948,100,100022,100,99944,100,100024,100,99934,100,100026,100,99922,100,100040,200,99920,100,100043,100,99897,100,100045,200,99895,100,100067,100,99894,100
2019-06-28 09:30:00.000000073,99998,100,99994,300,100004,100,99960,100,100006,100,99948,100,100022,100,99944,100,100024,100,99934,100,100026,100,99922,100,100040,200,99920,100,100043,100,99897,100,100045,200,99895,100,100067,100,99894,100
2019-06-28 09:30:00.000000074,99998,200,99994,300,100004,100,99960,100,100006,100,99948,100,100022,100,99944,100,100024,100,99934,100,100026,100,99922,100,100040,200,99920,100,100043,100,99897,100,100045,200,99895,100,100067,100,99894,100
2019-06-28 09:30:00.000000077,99998,200,99994,200,100004,100,99960,100,100006,100,99948,100,100022,100,99944,100,100024,100,99934,100,100026,100,99922,100,100040,200,99920,100,100043,100,99897,100,100045,200,99895,100,100067,100,99894,100
2019-06-28 09:30:00.000000079,99998,200,99994,200,100004,100,99960,100,100006,100,99948,100,100013,100,99944,100,100022,100,99934,100,100024,100,99922,100,100026,100,99920,100,100040,200,99897,100,100043,100,99895,100,100045,200,99894,100
2019-06-28 09:30:00.000000080,99998,200,99994,200,100004,100,99960,100,100006,100,99948,100,100013,100,99944,100,100022,100,99934,100,100024,100,99922,100,100026,100,99920,100,100040,200,99897,100,100043,100,99895,100,100045,200,99894,100
2019-06-28 09:30:00.000000082,99998,200,99994,200,100004,100,99960,100,100006,100,99948,100,100013,100,99944,100,100022,100,99934,100,100024,100,99922,100,100026,100,99920,100,100040,200,99897,100,100043,100,99895,100,100045,200,99894,100
2019-06-28 09:30:00.000000086,99998,200,99995,100,100004,100,99994,200,100006,100,99960,100,100013,100,99948,100,100022,100,99944,100,100024,100,99934,100,100026,100,99922,100,100040,200,99920,100,100043,100,99897,100,100045,200,99895,100
2019-06-28 09:30:00.000000088,99998,300,99995,100,100004,100,99994,200,100006,100,99960,100,100013,100,99948,100,100022,100,99944,100,100024,100,99934,100,100026,100,99922,100,100040,200,99920,100,100043,100,99897,100,100045,200,99895,100
2019-06-28 09:30:00.000000090,99998,300,99995,100,100004,100,99994,200,100006,100,99960,100,100013,100,99948,100,100022,100,99944,100,100024,100,99934,100,100026,100,99922,100,100040,200,99920,100,100043,100,99897,100,100045,200,99895,100
2019-06-28 09:30:00.000000094,99998,300,99995,100,100004,100,99994,200,100006,100,99960,100,100013,100,99948,100,100022,100,99944,100,100024,100,99942,100,100026,100,99934,100,100040,200,99922,100,100043,100,99920,100,100045,200,99897,100
2019-06-28 09:30:00.000000098,99998,300,99995,200,100004,100,99994,200,100006,100,99960,100,100013,100,99948,100,100022,100,99944,100,100024,100,99942,100,100026,100,99934,100,100040,200,99922,100,100043,100,99920,100,100045,200,99897,100
2019-06-28 09:30:00.000000099,99998,300,99995,200,100004,100,99994,200,100006,100,99960,100,100013,100,99948,100,100022,100,99944,100,100024,100,99942,100,100026,100,99934,100,100040,200,99922,100,100043,100,99920,100,100045,200,99897,100
2019-06-28 09:30:10.000000000,99998,406,99995,306,100004,206,99994,306,100006,206,99960,206,100013,206,99948,206,100022,100,99944,100,100024,100,99942,100,100026,100,99934,100,100040,200,99922,100,100043,100,99920,100,100045,200,99897,100
2019-06-28 09:30:20.000000000,99998,726,99995,626,100004,100,99994,200,100006,100,99960,100,100013,100,99948,100,100022,100,99944,100,100024,100,99942,100,100026,100,99934,100,100040,200,99922,100,100043,100,99920,100,100045,200,99897,100
2019-06-28 09:30:22.706646710,99998,726,99995,626,100004,100,99994,200,100006,100,99960,100,100013,200,99948,100,100022,100,99944,100,100024,100,99942,100,100026,100,99934,100,100040,100,99922,100,100043,100,99920,100,100045,200,99897,100
2019-06-28 09:30:30.000000000,99998,385,99995,285,100004,185,99994,285,100006,185,99960,185,100013,285,99948,185,100022,185,99944,185,100024,100,99942,100,100026,100,99934,100,100040,100,99922,100,100043,100,99920,100,100045,200,99897,100
2019-06-28 09:30:37.436805038,99998,385,99995,185,100004,185,99994,285,100006,185,99960,185,100013,285,99948,185,100022,185,99944,185,100026,100,99942,100,100040,100,99934,100,100043,100,99922,100,100045,200,99920,100,100067,100,99897,100
2019-06-28 09:30:40.000000000,99998,406,99995,206,100004,206,99994,306,100006,206,99960,206,100013,306,99948,206,100022,100,99944,100,100026,100,99942,100,100040,100,99934,100,100043,100,99922,100,100045,200,99920,100,100067,100,99897,100
2019-06-28 09:30:50.000000000,99998,513,99995,313,100004,313,99994,413,100006,100,99960,100,100013,200,99948,100,100022,100,99944,100,100026,100,99942,100,100040,100,99934,100,100043,100,99922,100,100045,200,99920,100,100067,100,99897,100
2019-06-28 09:30:58.450715809,99998,513,99995,313,100004,313,99994,413,100006,100,99960,100,100013,200,99948,100,100022,100,99944,100,100026,100,99942,100,100040,100,99934,100,100043,100,99922,100,100045,200,99920,100,100067,100,99897,100
2019-06-28 09:31:00.000000000,99998,445,99995,245,100004,241,99994,341,100006,241,99960,241,100013,200,99948,100,100022,100,99944,100,100026,100,99942,100,100040,100,99934,100,100043,100,99922,100,100045,200,99920,100,100067,100,99897,100
2019-06-28 09:31:10.000000000,99998,726,99995,526,100004,100,99994,200,100006,100,99960,100,100013,200,99948,100,100022,100,99944,100,100026,100,99942,100,100040,100,99934,100,100043,100,99922,100,100045,200,99920,100,100067,100,99897,100
2019-06-28 09:31:13.835439330,99998,726,99995,526,100004,100,99994,200,100006,100,99960,100,100013,200,99948,100,100022,100,99944,100,100026,100,99942,100,100040,100,99934,100,100043,100,99920,100,100045,200,99897,100,100067,100,99895,100
2019-06-28 09:31:20.000000000,99998,406,99995,206,100004,206,99994,306,100006,206,99960,206,100013,306,99948,206,100022,100,99944,100,100026,100,99942,100,100040,100,99934,100,100043,100,99920,100,100045,200,99897,100,100067,100,99895,100
2019-06-28 09:31:30.000000000,99998,726,99995,526,100004,100,99994,200,100006,100,99960,100,100013,200,99948,100,100022,100,99944,100,100026,100,99942,100,100040,100,99934,100,100043,100,99920,100,100045,200,99897,100,100067,100,99895,100
2019-06-28 09:31:40.000000000,99998,726,99995,526,100004,100,99994,200,100006,100,99960,100,100013,200,99948,100,100022,100,99944,100,100026,100,99942,100,100040,100,99934,100,100043,100,99920,100,100045,200,99897,100,100067,100,99895,100
2019-06-28 09:31:43.293854778,99998,726,99995,426,100004,100,99994,200,100006,100,99960,100,100013,200,99948,100,100022,100,99944,100,100026,100,99942,100,100040,100,99934,100,100043,100,99897,100,100045,200,99895,100,100067,100,99894,100
2019-06-28 09:31:50.000000000,99998,726,99994,626,100004,100,99960,100,100006,100,99948,100,100013,200,99944,100,100022,100,99942,100,100026,100,99934,100,100040,100,99897,100,100043,100,99895,100,100045,200,99894,100,100067,100,99892,200
2019-06-28 09:32:00.000000000,99998,726,99994,626,100004,100,99960,100,100006,100,99948,100,100013,200,99944,100,100022,100,99942,100,100026,100,99934,100,100040,100,99897,100,100043,100,99895,100,100045,200,99894,100,100067,100,99892,200
2019-06-28 09:32:09.090192090,99998,726,99994,526,100004,100,99960,100,100006,100,99948,100,100013,200,99944,100,100022,100,99942,100,100026,100,99934,100,100040,100,99897,100,100043,100,99894,100,100045,200,99892,200,100067,100,99890,100
2019-06-28 09:32:10.000000000,99998,406,99994,206,100004,206,99960,206,100006,206,99948,206,100013,306,99944,206,100022,100,99942,100,100026,100,99934,100,100040,100,99897,100,100043,100,99894,100,100045,200,99892,200,100067,100,99890,100
2019-06-28 09:32:20.000000000,99998,513,99994,313,100004,313,99960,313,100006,100,99948,100,100013,200,99944,100,100022,100,99942,100,100026,100,99934,100,100040,100,99897,100,100043,100,99894,100,100045,200,99892,200,100067,100,99890,100
2019-06-28 09:32:30.000000000,99998,513,99994,313,100004,313,99960,313,100006,100,99948,100,100013,200,99944,100,100022,100,99942,100,100026,100,99934,100,100040,100,99897,100,100043,100,99894,100,100045,200,99892,200,100067,100,99890,100
2019-06-28 09:32:40.000000000,99998,726,99994,526,100004,100,99960,100,100006,100,99948,100,100013,200,99944,100,100022,100,99942,100,100026,100,99934,100,100040,100,99897,100,100043,100,99894,100,100045,200,99892,200,100067,100,99890,100
2019-06-28 09:32:50.000000000,99998,513,99994,313,100004,313,99960,313,100006,100,99948,100,100013,200,99944,100,100022,100,99942,100,100026,100,99934,100,100040,100,99897,100,100043,100,99894,100,100045,200,99892,200,100067,100,99890,100
2019-06-28 09:33:00.000000000,99998,726,99994,526,100004,100,99960,100,100006,100,99948,100,100013,200,99944,100,100022,100,99942,100,100026,100,99934,100,100040,100,99897,100,100043,100,99894,100,100045,200,99892,200,100067,100,99890,100
2019-06-28 09:33:00.242852520,99998,726,99994,426,100004,100,99960,100,100006,100,99948,100,100013,200,99944,100,100022,100,99942,100,100026,100,99934,100,100040,100,99897,100,100043,100,99894,100,100045,200,99892,200,100067,100,99890,100
2019-06-28 09:33:07.654044387,99998,726,99994,426,100004,100,99960,100,100006,100,99948,100,100013,200,99944,100,100022,100,99942,100,100026,100,99934,100,100040,100,99897,100,100043,100,99894,100,100045,200,99892,200,100067,100,99890,100
2019-06-28 09:33:10.000000000,99998,726,99960,526,100004,100,99948,100,100006,100,99944,100,100013,200,99942,100,100022,100,99934,100,100026,100,99897,100,100040,100,99894,100,100043,100,99892,200,100045,200,99890,100,100067,100,99888,100
2019-06-28 09:33:20.000000000,99998,385,99960,185,100004,185,99948,185,100006,185,99944,185,100013,285,99942,185,100022,185,99934,185,100026,100,99897,100,100040,100,99894,100,100043,100,99892,200,100045,200,99890,100,100067,100,99888,100
2019-06-28 09:33:27.109466668,99994,100,99960,85,99998,385,99948,185,100004,185,99944,185,100006,185,99942,185,100013,285,99934,185,100022,185,99897,100,100026,100,99894,100,100040,100,99892,200,100043,100,99890,100,100045,200,99888,100
2019-06-28 09:33:30.000000000,99994,526,99948,526,99998,300,99944,100,100004,100,99942,100,100006,100,99934,100,100013,200,99897,100,100022,100,99894,100,100026,100,99892,200,100040,100,99890,100,100043,100,99888,100,100045,200,99887,100
2019-06-28 09:33:31.517494909,99994,526,99948,526,99998,300,99944,100,100004,100,99942,100,100006,100,99934,100,100013,200,99897,100,100022,100,99894,100,100026,100,99892,200,100040,100,99890,100,100043,100,99888,100,100045,200,99887,100
2019-06-28 09:33:40.000000000,99994,313,99948,313,99998,513,99944,313,100004,100,99942,100,100006,100,99934,100,100013,200,99897,100,100022,100,99894,100,100026,100,99892,200,100040,100,99890,100,100043,100,99888,100,100045,200,99887,100
2019-06-28 09:33:50.000000000,99994,245,99948,245,99998,441,99944,241,100004,241,99942,241,100006,100,99934,100,100013,200,99897,100,100022,100,99894,100,100026,100,99892,200,100040,100,99890,100,100043,100,99888,100,100045,200,99887,100
2019-06-28 09:33:52.625182562,99994,245,99948,245,99998,441,99944,241,100004,241,99942,241,100006,100,99934,100,100013,200,99897,100,100022,100,99894,100,100026,100,99892,200,100040,100,99890,100,100043,100,99888,100,100045,200,99887,100
2019-06-28 09:34:00.000000000,99994,185,99948,185,99998,385,99944,185,100004,185,99942,185,100006,185,99934,185,100013,285,99897,185,100022,100,99894,100,100026,100,99892,200,100040,100,99890,100,100043,100,99888,100,100045,200,99887,100
2019-06-28 09:34:10.000000000,99994,206,99948,206,99998,406,99944,206,100004,206,99942,206,100006,206,99934,206,100013,200,99897,100,100022,100,99894,100,100026,100,99892,200,100040,100,99890,100,100043,100,99888,100,100045,200,99887,100
2019-06-28 09:34:20.000000000,99994,526,99948,526,99998,300,99944,100,100004,100,99942,100,100006,100,99934,100,100013,200,99897,100,100022,100,99894,100,100026,100,99892,200,100040,100,99890,100,100043,100,99888,100,100045,200,99887,100
2019-06-28 09:34:25.239094571,99994,526,99948,526,99998,300,99944,100,100004,100,99942,100,100006,100,99934,100,100013,200,99897,100,100022,100,99894,100,100026,100,99892,200,100040,100,99890,100,100043,100,99888,100,100045,200,99864,200
2019-06-28 09:34:29.609769623,99994,426,99948,526,99998,300,99944,100,100004,100,99942,100,100006,100,99934,100,100013,200,99897,100,100022,100,99894,100,100026,100,99892,200,100040,100,99890,100,100043,100,99888,100,100045,200,99864,200
2019-06-28 09:34:30.000000000,99998,726,99948,526,100004,100,99944,100,100006,100,99942,100,100013,200,99934,100,100022,100,99897,100,100026,100,99894,100,100040,100,99892,200,100043,100,99890,100,100045,200,99888,100,100067,100,99864,200
2019-06-28 09:34:40.000000000,99998,726,99948,526,100004,100,99944,100,100006,100,99942,100,100013,200,99934,100,100022,100,99897,100,100026,100,99894,100,100040,100,99892,200,100043,100,99890,100,100045,200,99888,100,100067,100,99864,200
2019-06-28 09:34:44.037026812,99998,626,99948,426,100004,100,99944,100,100006,100,99942,100,100013,200,99934,100,100022,100,99897,100,100026,100,99894,100,100040,100,99892,200,100043,100,99890,100,100045,200,99888,100,100067,100,99864,200
2019-06-28 09:34:50.000000000,99998,306,99944,206,100004,206,99942,206,100006,206,99934,206,100013,306,99897,206,100022,100,99894,100,100026,100,99892,200,100040,100,99890,100,100043,100,99888,100,100045,200,99864,200,100067,100,99856,100
2019-06-28 09:34:50.543169491,99998,306,99944,206,100004,106,99942,206,100006,206,99934,206,100013,306,99897,206,100022,100,99894,100,100026,100,99892,200,100040,100,99890,100,100043,100,99888,100,100045,200,99864,200,100067,100,99856,100
2019-06-28 09:35:00.000000000,99998,413,99944,313,100006,313,99942,313,100013,200,99934,100,100022,100,99897,100,100026,100,99894,100,100040,100,99892,200,100043,100,99890,100,100045,200,99888,100,100067,100,99864,200,100070,100,99856,100
2019-06-28 09:35:10.000000000,99998,285,99944,185,100006,185,99942,185,100013,285,99934,185,100022,185,99897,185,100026,185,99894,185,100040,100,99892,200,100043,100,99890,100,100045,200,99888,100,100067,100,99864,200,100070,100,99856,100
2019-06-28 09:35:20.000000000,99998,413,99944,313,100006,313,99942,313,100013,200,99934,100,100022,100,99897,100,100026,100,99894,100,100040,100,99892,200,100043,100,99890,100,100045,200,99888,100,100067,100,99864,200,100070,100,99856,100
2019-06-28 09:35:30.000000000,99998,626,99944,526,100006,100,99942,100,100013,200,99934,100,100022,100,99897,100,100026,100,99894,100,100040,100,99892,200,100043,100,99890,100,100045,200,99888,100,100067,100,99864,200,100070,100,99856,100
2019-06-28 09:35:30.797284528,99998,626,99944,426,100006,100,99942,100,100013,100,99934,100,100022,100,99897,100,100026,100,99894,100,100040,100,99892,200,100043,100,99890,100,100045,200,99888,100,100067,100,99864,200,100070,100,99856,100
2019-06-28 09:35:36.414878057,99997,100,99944,426,99998,626,99942,100,100006,100,99934,100,100013,100,99897,100,100022,100,99894,100,100026,100,99892,200,100040,100,99890,100,100043,100,99888,100,100045,200,99864,200,100067,100,99856,100
2019-06-28 09:35:40.000000000,99997,185,99942,185,99998,285,99934,185,100006,185,99897,185,100013,185,99894,185,100022,185,99892,285,100026,100,99890,100,100040,100,99888,100,100043,100,99864,200,100045,200,99856,100,100067,100,99854,100
2019-06-28 09:35:42.430239155,99997,185,99942,185,99998,285,99934,185,100006,85,99897,185,100013,185,99894,185,100022,185,99892,285,100026,100,99890,100,100040,100,99888,100,100043,100,99864,200,100045,200,99856,100,100067,100,99854,100
2019-06-28 09:35:50.000000000,99997,526,99942,526,99998,200,99934,100,100013,100,99897,100,100022,100,99894,100,100026,100,99892,200,100040,100,99890,100,100043,100,99888,100,100045,200,99864,200,100067,100,99856,100,100070,100,99854,100
2019-06-28 09:35:59.520060551,99997,526,99942,526,99998,200,99934,100,100013,100,99897,100,100022,100,99894,100,100026,100,99892,200,100040,100,99890,100,100043,100,99888,100,100045,200,99864,200,100067,100,99856,100,100070,100,99854,100
2019-06-28 09:36:00.000000000,99997,526,99942,526,99998,200,99934,100,100013,100,99897,100,100022,100,99894,100,100026,100,99892,200,100040,100,99890,100,100043,100,99888,100,100045,200,99864,200,100067,100,99856,100,100070,100,99854,100
2019-06-28 09:36:03.715064740,99997,526,99942,426,99998,200,99934,100,100013,100,99897,100,100022,100,99894,100,100026,100,99892,200,100043,100,99890,100,100045,200,99888,100,100067,100,99864,200,100070,100,99856,100,100090,100,99854,100
2019-06-28 09:36:10.000000000,99997,206,99934,206,99998,306,99897,206,100013,206,99894,206,100022,206,99892,306,100026,100,99890,100,100043,100,99888,100,100045,200,99864,200,100067,100,99856,100,100070,100,99854,100,100090,100,99848,100
2019-06-28 09:36:20.000000000,99997,206,99934,206,99998,306,99897,206,100013,206,99894,206,100022,206,99892,306,100026,100,99890,100,100043,100,99888,100,100045,200,99864,200,100067,100,99856,100,100070,100,99854,100,100090,100,99848,100
2019-06-28 09:36:23.118717315,99997,206,99934,206,99998,306,99897,206,100013,206,99894,206,100022,206,99892,306,100026,100,99890,100,100043,100,99888,100,100045,200,99864,200,100067,100,99856,100,100070,100,99854,100,100090,100,99848,100
2019-06-28 09:36:30.000000000,99997,206,99934,206,99998,306,99897,206,100013,206,99894,206,100022,206,99892,306,100026,100,99890,100,100043,100,99888,100,100045,200,99864,200,100067,100,99856,100,100070,100,99854,100,100090,100,99848,100
2019-06-28 09:36:40.000000000,99997,526,99934,526,99998,200,99897,100,100013,100,99894,100,100022,100,99892,200,100026,100,99890,100,100043,100,99888,100,100045,200,99864,200,100067,100,99856,100,100070,100,99854,100,100090,100,99848,100
2019-06-28 09:36:50.000000000,99997,313,99934,313,99998,413,99897,313,100013,100,99894,100,100022,100,99892,200,100026,100,99890,100,100043,100,99888,100,100045,200,99864,200,100067,100,99856,100,100070,100,99854,100,100090,100,99848,100
2019-06-28 09:36:54.217855786,99997,313,99934,113,99998,413,99897,313,100013,100,99894,100,100022,100,99892,200,100026,100,99890,100,100043,100,99888,100,100045,200,99864,200,100067,100,99856,100,100070,100,99854,100,100090,100,99848,100
2019-06-28 09:36:55.819839702,99942,100,99934,113,99997,313,99897,313,99998,413,99894,100,100013,100,99892,200,100022,100,99890,100,100026,100,99888,100,100043,100,99864,200,100045,200,99856,100,100067,100,99854,100,100070,100,99848,100
2019-06-28 09:37:00.000000000,99942,206,99897,206,99997,206,99894,206,99998,306,99892,306,100013,206,99890,206,100022,100,99888,100,100026,100,99864,200,100043,100,99856,100,100045,200,99854,100,100067,100,99848,100,100070,100,99786,100
2019-06-28 09:37:10.000000000,99942,185,99897,185,99997,185,99894,185,99998,285,99892,285,100013,185,99890,185,100022,185,99888,185,100026,100,99864,200,100043,100,99856,100,100045,200,99854,100,100067,100,99848,100,100070,100,99786,100
2019-06-28 09:37:18.879939866,99942,285,99897,185,99997,185,99894,185,99998,285,99892,285,100013,185,99890,185,100022,185,99888,185,100026,100,99864,200,100043,100,99856,100,100045,200,99854,100,100067,100,99848,100,100070,100,99786,100
2019-06-28 09:37:20.000000000,99942,285,99897,185,99997,185,99894,185,99998,285,99892,285,100013,185,99890,185,100022,185,99888,185,100026,100,99864,200,100043,100,99856,100,100045,200,99854,100,100067,100,99848,100,100070,100,99786,100
2019-06-28 09:37:30.000000000,99942,413,99897,313,99997,313,99894,313,99998,200,99892,200,100013,100,99890,100,100022,100,99888,100,100026,100,99864,200,100043,100,99856,100,100045,200,99854,100,100067,100,99848,100,100070,100,99786,100
2019-06-28 09:37:40.000000000,99942,413,99897,313,99997,313,99894,313,99998,200,99892,200,100013,100,99890,100,100022,100,99888,100,100026,100,99864,200,100043,100,99856,100,100045,200,99854,100,100067,100,99848,100,100070,100,99786,100
2019-06-28 09:37:50.000000000,99942,345,99897,245,99997,241,99894,241,99998,341,99892,341,100013,100,99890,100,100022,100,99888,100,100026,100,99864,200,100043,100,99856,100,100045,200,99854,100,100067,100,99848,100,100070,100,99786,100
2019-06-28 09:37:52.075314774,99942,345,99897,245,99997,241,99894,241,99998,341,99892,341,100013,100,99890,100,100022,100,99888,100,100026,100,99864,200,100043,100,99856,100,100045,200,99854,100,100067,100,99848,100,100070,100,99786,100
2019-06-28 09:38:00.000000000,99942,626,99897,526,99997,100,99894,100,99998,200,99892,200,100013,100,99890,100,100022,100,99888,100,100026,100,99864,200,100043,100,99856,100,100045,200,99854,100,100067,100,99848,100,100070,100,99786,100
2019-06-28 09:38:00.974820051,99942,626,99897,526,99997,100,99894,100,99998,200,99892,200,100013,100,99890,100,100022,100,99888,100,100026,100,99864,200,100043,100,99856,100,100045,200,99854,100,100067,100,99848,100,100070,100,99786,100
2019-06-28 09:38:10.000000000,99942,285,99897,185,99997,185,99894,185,99998,285,99892,285,100013,185,99890,185,100022,185,99888,185,100026,100,99864,200,100043,100,99856,100,100045,200,99854,100,100067,100,99848,100,100070,100,99786,100
2019-06-28 09:38:14.972832448,99942,285,99897,185,99997,185,99894,185,99998,285,99892,285,100013,185,99890,185,100022,185,99888,185,100026,100,99864,200,100043,100,99856,100,100045,200,99854,100,100067,100,99851,100,100070,100,99848,100
2019-06-28 09:38:20.000000000,99942,413,99897,313,99997,313,99894,313,99998,200,99892,200,100013,100,99890,100,100022,100,99888,100,100026,100,99864,200,100043,100,99856,100,100045,200,99854,100,100067,100,99851,100,100070,100,99848,100
2019-06-28 09:38:30.000000000,99942,285,99897,185,99997,185,99894,185,99998,285,99892,285,100013,185,99890,185,100022,185,99888,185,100026,100,99864,200,100043,100,99856,100,100045,200,99854,100,100067,100,99851,100,100070,100,99848,100
2019-06-28 09:38:33.191742811,99941,100,99897,185,99942,285,99894,85,99997,185,99892,285,99998,285,99890,185,100013,185,99888,185,100022,185,99864,200,100026,100,99856,100,100043,100,99854,100,100045,200,99851,100,100067,100,99848,100
2019-06-28 09:38:34.705338246,99942,285,99897,185,99997,185,99894,85,99998,285,99892,285,100013,185,99890,185,100022,185,99888,185,100026,100,99864,200,100043,100,99856,100,100045,200,99854,100,100067,100,99851,100,100070,100,99848,100
2019-06-28 09:38:40.000000000,99942,626,99897,526,99997,100,99892,200,99998,200,99890,100,100013,100,99888,100,100022,100,99864,200,100026,100,99856,100,100043,100,99854,100,100045,200,99851,100,100067,100,99848,100,100070,100,99786,100
2019-06-28 09:38:50.000000000,99942,345,99897,245,99997,241,99892,341,99998,341,99890,241,100013,100,99888,100,100022,100,99864,200,100026,100,99856,100,100043,100,99854,100,100045,200,99851,100,100067,100,99848,100,100070,100,99786,100
2019-06-28 09:39:00.000000000,99942,413,99897,313,99997,313,99892,413,99998,200,99890,100,100013,100,99888,100,100022,100,99864,200,100026,100,99856,100,100043,100,99854,100,100045,200,99851,100,100067,100,99848,100,100070,100,99786,100
2019-06-28 09:39:10.000000000,99942,626,99897,526,99997,100,99892,200,99998,200,99890,100,100013,100,99888,100,100022,100,99864,200,100026,100,99856,100,100043,100,99854,100,100045,200,99851,100,100067,100,99848,100,100070,100,99786,100
2019-06-28 09:39:20.000000000,99942,285,99897,185,99997,185,99892,285,99998,285,99890,185,100013,185,99888,185,100022,185,99864,285,100026,100,99856,100,100043,100,99854,100,100045,200,99851,100,100067,100,99848,100,100070,100,99786,100
2019-06-28 09:39:30.000000000,99942,413,99897,313,99997,313,99892,413,99998,200,99890,100,100013,100,99888,100,100022,100,99864,200,100026,100,99856,100,100043,100,99854,100,100045,200,99851,100,100067,100,99848,100,100070,100,99786,100
2019-06-28 09:39:32.147173619,99942,313,99897,313,99997,313,99892,413,99998,200,99890,100,100013,100,99888,100,100022,100,99864,200,100026,100,99856,100,100043,100,99854,100,100045,200,99851,100,100067,100,99848,100,100070,100,99786,100
2019-06-28 09:39:40.000000000,99942,245,99897,245,99997,241,99892,341,99998,341,99890,241,100013,100,99888,100,100022,100,99864,200,100026,100,99856,100,100043,100,99854,100,100045,200,99851,100,100067,100,99848,100,100070,100,99786,100
2019-06-28 09:39:41.150545522,99942,245,99897,245,99997,241,99892,341,99998,341,99890,241,100013,100,99888,100,100022,100,99864,200,100026,100,99856,100,100043,100,99854,100,100045,200,99851,100,100067,100,99848,100,100070,100,99786,100
2019-06-28 09:39:50.000000000,99942,526,99897,526,99997,100,99892,200,99998,200,99890,100,100013,100,99888,100,100022,100,99864,200,100026,100,99856,100,100043,100,99854,100,100045,200,99851,100,100067,100,99848,100,100070,100,99786,100
2019-06-28 09:39:50.866128100,99942,426,99897,526,99997,100,99892,100,99998,200,99890,100,100013,100,99888,100,100022,100,99864,200,100026,100,99856,100,100043,100,99854,100,100045,200,99851,100,100067,100,99848,100,100070,100,99786,100
2019-06-28 09:40:00.000000000,99997,526,99897,526,99998,200,99892,100,100013,100,99890,100,100022,100,99888,100,100026,100,99864,200,100043,100,99856,100,100045,200,99854,100,100067,100,99851,100,100070,100,99848,100,100090,100,99786,100
2019-06-28 09:40:10.000000000,99997,185,99897,185,99998,285,99892,185,100013,185,99890,185,100022,185,99888,185,100026,185,99864,285,100043,100,99856,100,100045,200,99854,100,100067,100,99851,100,100070,100,99848,100,100090,100,99786,100
2019-06-28 09:40:17.746329124,99997,185,99897,185,99998,285,99892,185,100013,185,99890,185,100022,185,99888,185,100026,185,99864,285,100043,100,99856,100,100045,200,99854,100,100067,100,99851,100,100070,100,99848,100,100090,100,99786,100
2019-06-28 09:40:20.000000000,99997,526,99897,526,99998,200,99892,100,100013,100,99890,100,100022,100,99888,100,100026,100,99864,200,100043,100,99856,100,100045,200,99854,100,100067,100,99851,100,100070,100,99848,100,100090,100,99786,100
2019-06-28 09:40:21.703898911,99997,526,99897,526,99998,200,99890,100,100013,100,99888,100,100022,100,99864,200,100026,100,99856,100,100043,100,99854,100,100045,200,99851,100,100067,100,99848,100,100070,100,99786,100,100090,100,99690,100
2019-06-28 09:40:29.510490117,99997,526,99897,526,99998,100,99890,100,100013,100,99888,100,100022,100,99864,200,100026,100,99856,100,100043,100,99854,100,100045,200,99851,100,100067,100,99848,100,100070,100,99786,100,100090,100,99690,100
2019-06-28 09:40:30.000000000,99997,206,99897,206,99998,206,99890,206,100013,206,99888,206,100022,206,99864,306,100026,100,99856,100,100043,100,99854,100,100045,200,99851,100,100067,100,99848,100,100070,100,99786,100,100090,100,99690,100
2019-06-28 09:40:36.862865567,99997,206,99897,206,99998,206,99890,206,100013,206,99888,206,100022,206,99864,306,100026,100,99856,100,100043,100,99854,100,100045,200,99848,100,100067,100,99786,100,100070,100,99690,100,100090,100,99662,100
2019-06-28 09:40:40.000000000,99997,313,99897,313,99998,313,99890,313,100013,100,99888,100,100022,100,99864,200,100026,100,99856,100,100043,100,99854,100,100045,200,99848,100,100067,100,99786,100,100070,100,99690,100,100090,100,99662,100
2019-06-28 09:40:50.000000000,99997,185,99897,185,99998,185,99890,185,100013,185,99888,185,100022,185,99864,285,100026,185,99856,185,100043,100,99854,100,100045,200,99848,100,100067,100,99786,100,100070,100,99690,100,100090,100,99662,100
2019-06-28 09:40:51.858509714,99997,85,99897,185,99998,185,99890,185,100013,185,99888,185,100022,185,99864,285,100026,185,99856,185,100043,100,99854,100,100045,200,99848,100,100070,100,99786,100,100090,100,99690,100,100109,100,99662,100
2019-06-28 09:40:54.838688624,99998,185,99997,15,100013,185,99897,185,100022,185,99890,185,100026,185,99888,185,100043,100,99864,185,100045,200,99856,185,100070,100,99854,100,100090,100,99848,100,100109,100,99786,100,100124,100,99690,100
2019-06-28 09:40:56.314766258,99998,85,99997,15,100013,185,99897,185,100022,185,99890,185,100026,185,99888,185,100043,100,99864,185,100045,200,99856,185,100070,100,99854,100,100090,100,99848,100,100109,100,99786,100,100124,100,99690,100
2019-06-28 09:41:00.000000000,100013,526,99997,441,100022,100,99897,100,100026,100,99890,100,100043,100,99888,100,100045,200,99864,100,100070,100,99856,100,100090,100,99854,100,100109,100,99848,100,100124,100,99786,100,100153,200,99690,100
2019-06-28 09:41:10.000000000,100013,526,99997,441,100022,100,99897,100,100026,100,99890,100,100043,100,99888,100,100045,200,99864,100,100070,100,99856,100,100090,100,99854,100,100109,100,99848,100,100124,100,99786,100,100153,200,99690,100
2019-06-28 09:41:11.380419800,100013,426,99997,441,100022,100,99897,100,100026,100,99890,100,100043,100,99888,100,100045,200,99864,100,100070,100,99856,100,100090,100,99854,100,100109,100,99848,100,100124,100,99786,100,100153,200,99690,100
2019-06-28 09:41:20.000000000,100022,206,99997,121,100026,206,99897,206,100043,206,99890,206,100045,306,99888,206,100070,100,99864,100,100090,100,99856,100,100109,100,99854,100,100124,100,99848,100,100153,200,99786,100,100208,100,99690,100
2019-06-28 09:41:24.307126083,100022,106,99997,106,100026,206,99897,206,100043,206,99890,206,100045,306,99888,206,100070,100,99864,100,100090,100,99856,100,100109,100,99854,100,100124,100,99848,100,100153,200,99786,100,100208,100,99690,100
2019-06-28 09:41:30.000000000,100026,245,99897,245,100043,241,99890,241,100045,341,99888,241,100070,100,99864,100,100090,100,99856,100,100109,100,99854,100,100124,100,99848,100,100153,200,99786,100,100208,100,99690,100,100210,100,99662,100
2019-06-28 09:41:40.000000000,100026,206,99897,206,100043,206,99890,206,100045,306,99888,206,100070,206,99864,206,100090,100,99856,100,100109,100,99854,100,100124,100,99848,100,100153,200,99786,100,100208,100,99690,100,100210,100,99662,100
2019-06-28 09:41:50.000000000,100026,526,99897,526,100043,100,99890,100,100045,200,99888,100,100070,100,99864,100,100090,100,99856,100,100109,100,99854,100,100124,100,99848,100,100153,200,99786,100,100208,100,99690,100,100210,100,99662,100
2019-06-28 09:41:51.878360230,100026,426,99897,526,100043,100,99890,100,100045,200,99888,100,100070,100,99864,100,100090,100,99856,100,100109,100,99854,100,100124,100,99848,100,100153,200,99786,100,100208,100,99690,100,100210,100,99662,100
2019-06-28 09:42:00.000000000,100043,185,99897,185,100045,285,99890,185,100070,185,99888,185,100090,185,99864,185,100109,185,99856,185,100124,100,99854,100,100153,200,99848,100,100208,100,99786,100,100210,100,99690,100,100246,100,99662,100
2019-06-28 09:42:08.946501873,100043,185,99897,185,100045,285,99890,185,100070,185,99888,185,100090,185,99864,185,100109,185,99856,185,100124,100,99854,100,100153,200,99848,100,100208,100,99786,100,100210,100,99690,100,100246,100,99662,100
2019-06-28 09:42:10.000000000,100043,245,99897,245,100045,341,99890,241,100070,241,99888,241,100090,100,99864,100,100109,100,99856,100,100124,100,99854,100,100153,200,99848,100,100208,100,99786,100,100210,100,99690,100,100246,100,99662,100
2019-06-28 09:42:20.000000000,100043,185,99897,185,100045,285,99890,185,100070,185,99888,185,100090,185,99864,185,100109,185,99856,185,100124,100,99854,100,100153,200,99848,100,100208,100,99786,100,100210,100,99690,100,100246,100,99662,100
2019-06-28 09:42:27.993180651,100043,185,100022,100,100045,285,99897,185,100070,185,99890,185,100090,185,99888,185,100109,185,99864,185,100124,100,99856,185,100153,200,99854,100,100208,100,99848,100,100210,100,99786,100,100246,100,99690,100
2019-06-28 09:42:30.000000000,100043,206,100022,206,100045,306,99897,206,100070,206,99890,206,100090,206,99888,206,100109,100,99864,100,100124,100,99856,100,100153,200,99854,100,100208,100,99848,100,100210,100,99786,100,100246,100,99690,100
2019-06-28 09:42:37.474550906,100043,206,100022,306,100045,306,99897,206,100070,206,99890,206,100090,206,99888,206,100109,100,99864,100,100124,100,99856,100,100153,200,99854,100,100208,100,99848,100,100210,100,99786,100,100246,100,99690,100
2019-06-28 09:42:40.000000000,100043,313,100022,413,100045,413,99897,313,100070,100,99890,100,100090,100,99888,100,100109,100,99864,100,100124,100,99856,100,100153,200,99854,100,100208,100,99848,100,100210,100,99786,100,100246,100,99690,100
2019-06-28 09:42:50.000000000,100043,185,100022,285,100045,285,99897,185,100070,185,99890,185,100090,185,99888,185,100109,185,99864,185,100124,100,99856,100,100153,200,99854,100,100208,100,99848,100,100210,100,99786,100,100246,100,99690,100
2019-06-28 09:43:00.000000000,100043,185,100022,285,100045,285,99897,185,100070,185,99890,185,100090,185,99888,185,100109,185,99864,185,100124,100,99856,100,100153,200,99854,100,100208,100,99848,100,100210,100,99786,100,100246,100,99690,100
2019-06-28 09:43:10.000000000,100043,245,100022,345,100045,341,99897,241,100070,241,99890,241,100090,100,99888,100,100109,100,99864,100,100124,100,99856,100,100153,200,99854,100,100208,100,99848,100,100210,100,99786,100,100246,100,99690,100
2019-06-28 09:43:20.000000000,100043,185,100022,285,100045,285,99897,185,100070,185,99890,185,100090,185,99888,185,100109,185,99864,185,100124,100,99856,100,100153,200,99854,100,100208,100,99848,100,100210,100,99786,100,100246,100,99690,100
2019-06-28 09:43:20.611981013,100043,185,100022,285,100045,285,99897,185,100070,185,99890,185,100090,185,99888,185,100109,185,99864,185,100124,100,99856,100,100153,200,99854,100,100210,100,99848,100,100246,100,99786,100,100576,100,99690,100
2019-06-28 09:43:21.148129439,100043,185,100022,185,100045,285,99897,185,100070,185,99890,185,100090,185,99888,185,100109,185,99864,185,100124,100,99856,100,100153,200,99854,100,100210,100,99848,100,100246,100,99786,100,100576,100,99690,100
2019-06-28 09:43:30.000000000,100043,206,100022,206,100045,306,99897,206,100070,206,99890,206,100090,206,99888,206,100109,100,99864,100,100124,100,99856,100,100153,200,99854,100,100210,100,99848,100,100246,100,99786,100,100576,100,99690,100
2019-06-28 09:43:40.000000000,100043,206,100022,206,100045,306,99897,206,100070,206,99890,206,100090,206,99888,206,100109,100,99864,100,100124,100,99856,100,100153,200,99854,100,100210,100,99848,100,100246,100,99786,100,100576,100,99690,100
2019-06-28 09:43:47.012155000,100043,206,100022,106,100045,206,99897,206,100070,206,99890,206,100090,206,99888,206,100109,100,99864,100,100124,100,99856,100,100153,200,99854,100,100210,100,99848,100,100246,100,99786,100,100576,100,99690,100
2019-06-28 09:43:50.000000000,100043,245,99897,245,100045,241,99890,241,100070,241,99888,241,100090,100,99864,100,100109,100,99856,100,100124,100,99854,100,100153,200,99848,100,100210,100,99786,100,100246,100,99690,100,100576,100,99678,100
2019-06-28 09:43:58.475047277,100043,245,99897,245,100045,241,99890,241,100070,241,99888,241,100090,100,99864,100,100106,100,99856,100,100109,100,99854,100,100124,100,99848,100,100153,200,99786,100,100210,100,99690,100,100246,100,99678,100
2019-06-28 09:44:00.000000000,100043,526,99897,526,100045,100,99890,100,100070,100,99888,100,100090,100,99864,100,100106,100,99856,100,100109,100,99854,100,100124,100,99848,100,100153,200,99786,100,100210,100,99690,100,100246,100,99678,100
2019-06-28 09:44:10.000000000,100043,313,99897,313,100045,313,99890,313,100070,100,99888,100,100090,100,99864,100,100106,100,99856,100,100109,100,99854,100,100124,100,99848,100,100153,200,99786,100,100210,100,99690,100,100246,100,99678,100
2019-06-28 09:44:15.280268267,100006,100,99897,313,100043,313,99890,313,100045,313,99888,100,100070,100,99864,100,100090,100,99856,100,100106,100,99854,100,100124,100,99848,100,100153,200,99786,100,100210,100,99690,100,100246,100,99678,100
2019-06-28 09:44:20.000000000,100006,185,99897,185,100043,185,99890,185,100045,185,99888,185,100070,185,99864,185,100090,185,99856,185,100106,100,99854,100,100124,100,99848,100,100153,200,99786,100,100210,100,99690,100,100246,100,99678,100
2019-06-28 09:44:22.757769812,100006,185,99897,185,100043,185,99890,185,100045,185,99888,185,100070,185,99864,185,100090,185,99856,185,100106,100,99854,100,100124,100,99848,100,100153,200,99786,100,100210,100,99690,100,100246,100,99678,100
2019-06-28 09:44:25.012808925,100006,185,99897,185,100043,185,99890,185,100045,185,99888,185,100070,185,99864,185,100090,185,99856,185,100106,100,99854,100,100124,100,99848,100,100153,200,99786,100,100210,100,99767,100,100246,100,99690,100
2019-06-28 09:44:30.000000000,100006,526,99897,526,100043,100,99890,100,100045,100,99888,100,100070,100,99864,100,100090,100,99856,100,100106,100,99854,100,100124,100,99848,100,100153,200,99786,100,100210,100,99767,100,100246,100,99690,100
2019-06-28 09:44:40.000000000,100006,206,99897,206,100043,206,99890,206,100045,206,99888,206,100070,206,99864,206,100090,100,99856,100,100106,100,99854,100,100124,100,99848,100,100153,200,99786,100,100210,100,99767,100,100246,100,99690,100
2019-06-28 09:44:45.039673134,100006,206,99897,106,100043,206,99890,206,100045,206,99888,206,100070,206,99864,206,100090,100,99856,100,100106,100,99854,100,100124,100,99848,100,100153,200,99786,100,100210,100,99767,100,100246,100,99690,100
2019-06-28 09:44:50.000000000,100006,313,99890,313,100043,313,99888,313,100045,100,99864,100,100070,100,99856,100,100090,100,99854,100,100106,100,99848,100,100124,100,99786,100,100153,200,99767,100,100210,100,99690,100,100246,100,99678,100
2019-06-28 09:45:00.000000000,100006,526,99890,526,100043,100,99888,100,100045,100,99864,100,100070,100,99856,100,100090,100,99854,100,100106,100,99848,100,100124,100,99786,100,100153,200,99767,100,100210,100,99690,100,100246,100,99678,100
2019-06-28 09:45:10.000000000,100006,206,99890,206,100043,206,99888,206,100045,206,99864,206,100070,206,99856,206,100090,100,99854,100,100106,100,99848,100,100124,100,99786,100,100153,200,99767,100,100210,100,99690,100,100246,100,99678,100
2019-06-28 09:45:14.102409896,100006,206,99890,206,100043,206,99888,206,100045,206,99864,206,100070,206,99856,206,100106,100,99854,100,100124,100,99848,100,100153,200,99786,100,100210,100,99767,100,100246,100,99690,100,100576,100,99678,100
2019-06-28 09:45:15.625250820,100006,206,99890,206,100043,206,99888,206,100045,206,99864,206,100070,206,99856,206,100106,100,99854,100,100124,100,99848,100,100153,200,99767,100,100210,100,99690,100,100246,100,99678,100,100576,100,99662,100
2019-06-28 09:45:20.000000000,100006,313,99890,313,100043,313,99888,313,100045,100,99864,100,100070,100,99856,100,100106,100,99854,100,100124,100,99848,100,100153,200,99767,100,100210,100,99690,100,100246,100,99678,100,100576,100,99662,100
2019-06-28 09:45:28.409847842,100006,313,99890,213,100043,313,99888,313,100045,100,99864,100,100070,100,99856,100,100106,100,99854,100,100124,100,99848,100,100153,200,99767,100,100210,100,99690,100,100246,100,99678,100,100576,100,99661,100
2019-06-28 09:45:30.000000000,100006,526,99888,526,100043,100,99864,100,100045,100,99856,100,100070,100,99854,100,100106,100,99848,100,100124,100,99767,100,100153,200,99690,100,100210,100,99678,100,100246,100,99661,100,100576,100,99655,100
2019-06-28 09:45:37.287567620,100006,526,99888,426,100043,100,99856,100,100045,100,99854,100,100070,100,99848,100,100106,100,99767,100,100124,100,99690,100,100153,200,99678,100,100210,100,99661,100,100246,100,99655,100,100576,100,99587,100
2019-06-28 09:45:40.000000000,100006,185,99856,185,100043,185,99854,185,100045,185,99848,185,100070,185,99767,185,100106,185,99690,185,100124,100,99678,100,100153,200,99661,100,100210,100,99655,100,100246,100,99587,100,100576,100,99583,100
2019-06-28 09:45:44.298788741,99890,100,99856,185,100006,185,99854,185,100043,185,99848,185,100045,185,99767,185,100070,185,99690,185,100106,185,99678,100,100124,100,99661,100,100153,200,99655,100,100210,100,99587,100,100246,100,99583,100
2019-06-28 09:45:50.000000000,99890,245,99856,245,100006,241,99854,241,100043,241,99848,241,100045,100,99767,100,100070,100,99690,100,100106,100,99678,100,100124,100,99661,100,100153,200,99655,100,100210,100,99587,100,100246,100,99583,100
2019-06-28 09:46:00.000000000,99890,206,99856,206,100006,206,99854,206,100043,206,99848,206,100045,206,99767,206,100070,100,99690,100,100106,100,99678,100,100124,100,99661,100,100153,200,99655,100,100210,100,99587,100,100246,100,99583,100
2019-06-28 09:46:05.246091186,99890,206,99856,206,100006,206,99854,206,100043,206,99848,206,100045,206,99767,206,100070,100,99690,100,100106,100,99678,100,100124,100,99661,100,100153,100,99655,100,100210,100,99587,100,100246,100,99583,100
2019-06-28 09:46:05.311356857,99890,206,99856,106,100006,206,99854,206,100043,206,99848,206,100045,206,99767,206,100070,100,99690,100,100106,100,99678,100,100124,100,99661,100,100153,100,99655,100,100210,100,99587,100,100246,100,99583,100
2019-06-28 09:46:10.000000000,99890,206,99854,206,100006,206,99848,206,100043,206,99767,206,100045,206,99690,206,100070,100,99678,100,100106,100,99661,100,100124,100,99655,100,100153,100,99587,100,100210,100,99583,100,100246,100,99511,100
2019-06-28 09:46:11.843056554,99888,100,99854,206,99890,206,99848,206,100006,206,99767,206,100043,206,99690,206,100045,206,99678,100,100070,100,99661,100,100106,100,99655,100,100124,100,99587,100,100153,100,99583,100,100210,100,99511,100
2019-06-28 09:46:20.000000000,99888,185,99854,185,99890,185,99848,185,100006,185,99767,185,100043,185,99690,185,100045,185,99678,185,100070,100,99661,100,100106,100,99655,100,100124,100,99587,100,100153,100,99583,100,100210,100,99511,100
2019-06-28 09:46:30.000000000,99888,185,99854,185,99890,185,99848,185,100006,185,99767,185,100043,185,99690,185,100045,185,99678,185,100070,100,99661,100,100106,100,99655,100,100124,100,99587,100,100153,100,99583,100,100210,100,99511,100
2019-06-28 09:46:35.092373239,99888,285,99854,185,99890,185,99848,185,100006,185,99767,185,100043,185,99690,185,100045,185,99678,185,100070,100,99661,100,100106,100,99655,100,100124,100,99587,100,100153,100,99583,100,100210,100,99511,100
2019-06-28 09:46:40.000000000,99888,345,99854,245,99890,241,99848,241,100006,241,99767,241,100043,100,99690,100,100045,100,99678,100,100070,100,99661,100,100106,100,99655,100,100124,100,99587,100,100153,100,99583,100,100210,100,99511,100
2019-06-28 09:46:43.871290082,99888,445,99854,245,99890,241,99848,241,100006,241,99767,241,100043,100,99690,100,100045,100,99678,100,100070,100,99661,100,100106,100,99655,100,100124,100,99587,100,100153,100,99583,100,100210,100,99511,100
2019-06-28 09:46:46.079519906,99888,445,99854,145,99890,241,99848,241,100006,241,99767,241,100043,100,99690,100,100045,100,99678,100,100070,100,99661,100,100106,100,99655,100,100124,100,99587,100,100153,100,99583,100,100210,100,99511,100
2019-06-28 09:46:46.241901291,99888,445,99854,45,99890,241,99848,241,100006,241,99767,241,100043,100,99690,100,100045,100,99678,100,100070,100,99661,100,100106,100,99655,100,100124,100,99587,100,100153,100,99583,100,100210,100,99511,100
2019-06-28 09:46:48.744649527,99854,55,99848,241,99888,445,99767,241,99890,241,99690,100,100006,241,99678,100,100043,100,99661,100,100045,100,99655,100,100070,100,99587,100,100106,100,99583,100,100124,100,99511,100,100153,100,99358,100
2019-06-28 09:46:49.747001342,99854,55,99848,141,99888,445,99767,241,99890,241,99690,100,100006,241,99678,100,100043,100,99661,100,100045,100,99655,100,100070,100,99587,100,100106,100,99583,100,100124,100,99511,100,100153,100,99358,100
2019-06-28 09:46:50.000000000,99854,161,99767,206,99888,406,99690,206,99890,206,99678,206,100006,206,99661,206,100043,100,99655,100,100045,100,99587,100,100070,100,99583,100,100106,100,99511,100,100124,100,99358,100,100153,100,99070,100
2019-06-28 09:47:00.000000000,99854,140,99767,185,99888,385,99690,185,99890,185,99678,185,100006,185,99661,185,100043,185,99655,185,100045,100,99587,100,100070,100,99583,100,100106,100,99511,100,100124,100,99358,100,100153,100,99070,100
2019-06-28 09:47:03.707456410,99854,240,99767,185,99888,285,99690,185,99890,185,99678,185,100006,185,99661,185,100043,185,99655,185,100045,100,99587,100,100070,100,99583,100,100106,100,99511,100,100124,100,99358,100,100153,100,99070,100
2019-06-28 09:47:10.000000000,99854,240,99767,185,99888,285,99690,185,99890,185,99678,185,100006,185,99661,185,100043,185,99655,185,100045,100,99587,100,100070,100,99583,100,100106,100,99511,100,100124,100,99358,100,100153,100,99070,100
2019-06-28 09:47:16.365751880,99854,240,99767,185,99888,285,99690,185,99890,185,99678,185,100006,185,99661,185,100043,185,99655,185,100045,100,99587,100,100070,100,99583,100,100106,100,99511,100,100124,100,99358,100,100153,100,99296,100
2019-06-28 09:47:20.000000000,99854,240,99767,185,99888,285,99690,185,99890,185,99678,185,100006,185,99661,185,100043,185,99655,185,100045,100,99587,100,100070,100,99583,100,100106,100,99511,100,100124,100,99358,100,100153,100,99296,100
2019-06-28 09:47:29.541642889,99854,340,99767,185,99888,285,99690,185,99890,185,99678,185,100006,185,99661,185,100043,185,99655,185,100045,100,99587,100,100070,100,99583,100,100106,100,99511,100,100124,100,99358,100,100153,100,99296,100
2019-06-28 09:47:30.000000000,99854,468,99767,313,99888,413,99690,313,99890,100,99678,100,100006,100,99661,100,100043,100,99655,100,100045,100,99587,100,100070,100,99583,100,100106,100,99511,100,100124,100,99358,100,100153,100,99296,100
2019-06-28 09:47:40.000000000,99854,400,99767,245,99888,341,99690,241,99890,241,99678,241,100006,100,99661,100,100043,100,99655,100,100045,100,99587,100,100070,100,99583,100,100106,100,99511,100,100124,100,99358,100,100153,100,99296,100
2019-06-28 09:47:50.000000000,99854,340,99767,185,99888,285,99690,185,99890,185,99678,185,100006,185,99661,185,100043,185,99655,185,100045,100,99587,100,100070,100,99583,100,100106,100,99511,100,100124,100,99358,100,100153,100,99296,100
2019-06-28 09:48:00.000000000,99854,400,99767,245,99888,341,99690,241,99890,241,99678,241,100006,100,99661,100,100043,100,99655,100,100045,100,99587,100,100070,100,99583,100,100106,100,99511,100,100124,100,99358,100,100153,100,99296,100
2019-06-28 09:48:10.000000000,99854,681,99767,526,99888,200,99690,100,99890,100,99678,100,100006,100,99661,100,100043,100,99655,100,100045,100,99587,100,100070,100,99583,100,100106,100,99511,100,100124,100,99358,100,100153,100,99296,100
2019-06-28 09:48:20.000000000,99854,361,99767,206,99888,306,99690,206,99890,206,99678,206,100006,206,99661,206,100043,100,99655,100,100045,100,99587,100,100070,100,99583,100,100106,100,99511,100,100124,100,99358,100,100153,100,99296,100
2019-06-28 09:48:30.000000000,99854,400,99767,245,99888,341,99690,241,99890,241,99678,241,100006,100,99661,100,100043,100,99655,100,100045,100,99587,100,100070,100,99583,100,100106,100,99511,100,100124,100,99358,100,100153,100,99296,100
2019-06-28 09:48:40.000000000,99854,400,99767,245,99888,341,99690,241,99890,241,99678,241,100006,100,99661,100,100043,100,99655,100,100045,100,99587,100,100070,100,99583,100,100106,100,99511,100,100124,100,99358,100,100153,100,99296,100
2019-06-28 09:48:50.000000000,99854,361,99767,206,99888,306,99690,206,99890,206,99678,206,100006,206,99661,206,100043,100,99655,100,100045,100,99587,100,100070,100,99583,100,100106,100,99511,100,100124,100,99358,100,100153,100,99296,100
2019-06-28 09:48:51.616294598,99854,361,99770,100,99888,306,99767,206,99890,206,99690,206,100006,206,99678,206,100043,100,99661,206,100045,100,99655,100,100070,100,99587,100,100106,100,99583,100,100124,100,99511,100,100153,100,99358,100
2019-06-28 09:48:56.090164946,99854,361,99770,100,99888,306,99767,206,99890,206,99690,206,100006,206,99678,206,100043,100,99661,206,100045,100,99655,100,100070,100,99587,100,100106,100,99583,100,100124,100,99561,100,100210,100,99511,100
2019-06-28 09:48:58.354279037,99854,461,99770,100,99888,306,99767,206,99890,206,99690,206,100006,206,99678,206,100043,100,99661,206,100045,100,99655,100,100070,100,99587,100,100106,100,99583,100,100124,100,99561,100,100210,100,99511,100
2019-06-28 09:49:00.000000000,99854,500,99770,245,99888,341,99767,241,99890,241,99690,241,100006,100,99678,100,100043,100,99661,100,100045,100,99655,100,100070,100,99587,100,100106,100,99583,100,100124,100,99561,100,100210,100,99511,100
2019-06-28 09:49:10.000000000,99854,568,99770,313,99888,413,99767,313,99890,100,99690,100,100006,100,99678,100,100043,100,99661,100,100045,100,99655,100,100070,100,99587,100,100106,100,99583,100,100124,100,99561,100,100210,100,99511,100
2019-06-28 09:49:15.129403489,99854,668,99770,313,99888,413,99767,313,99890,100,99690,100,100006,100,99678,100,100043,100,99661,100,100045,100,99655,100,100070,100,99587,100,100106,100,99583,100,100124,100,99561,100,100210,100,99511,100
2019-06-28 09:49:20.000000000,99854,540,99770,185,99888,285,99767,185,99890,185,99690,185,100006,185,99678,185,100043,185,99661,185,100045,100,99655,100,100070,100,99587,100,100106,100,99583,100,100124,100,99561,100,100210,100,99511,100
2019-06-28 09:49:22.847040109,99854,540,99770,185,99888,285,99767,185,99890,185,99690,185,100006,185,99683,100,100043,85,99678,185,100045,100,99661,185,100070,100,99655,100,100106,100,99587,100,100124,100,99583,100,100210,100,99561,100
2019-06-28 09:49:28.821970427,99854,640,99770,185,99888,185,99767,185,99890,185,99690,185,100006,185,99683,100,100043,85,99678,185,100045,100,99661,185,100070,100,99655,100,100106,100,99587,100,100124,100,99583,100,100210,100,99561,100
2019-06-28 09:49:30.000000000,99854,661,99770,206,99888,206,99767,206,99890,206,99690,206,100006,206,99683,206,100045,100,99678,100,100070,100,99661,100,100106,100,99655,100,100124,100,99587,100,100210,100,99583,100,100246,100,99561,100
2019-06-28 09:49:40.000000000,99854,768,99770,313,99888,313,99767,313,99890,100,99690,100,100006,100,99683,100,100045,100,99678,100,100070,100,99661,100,100106,100,99655,100,100124,100,99587,100,100210,100,99583,100,100246,100,99561,100
2019-06-28 09:49:50.000000000,99854,661,99770,206,99888,206,99767,206,99890,206,99690,206,100006,206,99683,206,100045,100,99678,100,100070,100,99661,100,100106,100,99655,100,100124,100,99587,100,100210,100,99583,100,100246,100,99561,100
2019-06-28 09:50:00.000000000,99854,700,99770,245,99888,241,99767,241,99890,241,99690,241,100006,100,99683,100,100045,100,99678,100,100070,100,99661,100,100106,100,99655,100,100124,100,99587,100,100210,100,99583,100,100246,100,99561,100
2019-06-28 09:50:10.000000000,99854,768,99770,313,99888,313,99767,313,99890,100,99690,100,100006,100,99683,100,100045,100,99678,100,100070,100,99661,100,100106,100,99655,100,100124,100,99587,100,100210,100,99583,100,100246,100,99561,100
2019-06-28 09:50:11.267595939,99854,713,99770,313,99888,313,99767,313,99890,100,99690,100,100006,100,99683,100,100045,100,99678,100,100070,100,99661,100,100106,100,99655,100,100124,100,99587,100,100210,100,99583,100,100246,100,99561,100
2019-06-28 09:50:15.778989897,99854,713,99770,313,99888,313,99767,313,99890,100,99690,100,100006,100,99683,100,100045,100,99678,100,100070,100,99661,100,100106,100,99655,100,100124,100,99587,100,100210,100,99583,100,100246,100,99561,100
2019-06-28 09:50:20.000000000,99854,585,99770,185,99888,185,99767,185,99890,185,99690,185,100006,185,99683,185,100045,185,99678,185,100070,100,99661,100,100106,100,99655,100,100124,100,99587,100,100210,100,99583,100,100246,100,99561,100
2019-06-28 09:50:21.415488717,99854,485,99770,185,99888,185,99767,185,99890,185,99690,185,100006,185,99683,185,100045,185,99678,185,100070,100,99661,100,100106,100,99655,100,100124,100,99587,100,100210,100,99583,100,100246,100,99561,100
2019-06-28 09:50:30.000000000,99854,826,99770,526,99888,100,99767,100,99890,100,99690,100,100006,100,99683,100,100045,100,99678,100,100070,100,99661,100,100106,100,99655,100,100124,100,99587,100,100210,100,99583,100,100246,100,99561,100
2019-06-28 09:50:39.487267162,99854,826,99770,526,99888,100,99767,100,99890,100,99690,100,100006,100,99683,100,100045,100,99678,100,100070,100,99661,100,100106,100,99655,100,100124,100,99587,100,100210,100,99583,100,100246,100,99561,100
2019-06-28 09:50:40.000000000,99854,545,99770,245,99888,241,99767,241,99890,241,99690,241,100006,100,99683,100,100045,100,99678,100,100070,100,99661,100,100106,100,99655,100,100124,100,99587,100,100210,100,99583,100,100246,100,99561,100
2019-06-28 09:50:50.000000000,99854,506,99770,206,99888,206,99767,206,99890,206,99690,206,100006,206,99683,206,100045,100,99678,100,100070,100,99661,100,100106,100,99655,100,100124,100,99587,100,100210,100,99583,100,100246,100,99561,100
2019-06-28 09:50:59.774216330,99854,506,99806,100,99888,206,99770,206,99890,206,99767,206,100006,206,99690,206,100045,100,99683,206,100070,100,99678,100,100106,100,99661,100,100124,100,99655,100,100210,100,99587,100,100246,100,99561,100
2019-06-28 09:51:00.000000000,99854,613,99806,313,99888,313,99770,313,99890,100,99767,100,100006,100,99690,100,100045,100,99683,100,100070,100,99678,100,100106,100,99661,100,100124,100,99655,100,100210,100,99587,100,100246,100,99561,100
2019-06-28 09:51:06.858836851,99854,513,99806,313,99888,313,99770,313,99890,100,99767,100,100006,100,99690,100,100045,100,99683,100,100070,100,99678,100,100106,100,99661,100,100124,100,99655,100,100210,100,99587,100,100246,100,99561,100
2019-06-28 09:51:10.000000000,99854,513,99806,313,99888,313,99770,313,99890,100,99767,100,100006,100,99690,100,100045,100,99683,100,100070,100,99678,100,100106,100,99661,100,100124,100,99655,100,100210,100,99587,100,100246,100,99561,100
2019-06-28 09:51:20.000000000,99854,406,99806,206,99888,206,99770,206,99890,206,99767,206,100006,206,99690,206,100045,100,99683,100,100070,100,99678,100,100106,100,99661,100,100124,100,99655,100,100210,100,99587,100,100246,100,99561,100
2019-06-28 09:51:24.698711500,99854,406,99806,106,99888,206,99770,206,99890,206,99767,206,100006,206,99690,206,100045,100,99683,100,100070,100,99678,100,100106,100,99661,100,100124,100,99655,100,100210,100,99587,100,100246,100,99561,100
2019-06-28 09:51:26.428742359,99854,406,99806,6,99888,206,99770,206,99890,206,99767,206,100006,206,99690,206,100070,100,99683,100,100106,100,99678,100,100124,100,99661,100,100210,100,99655,100,100246,100,99587,100,,,99561,100
2019-06-28 09:51:26.759711517,99854,406,99806,6,99888,206,99770,206,99890,206,99767,206,100006,206,99690,206,100070,100,99683,100,100106,100,99678,100,100124,100,99661,100,100246,100,99655,100,,,99587,100,,,99561,100
2019-06-28 09:51:30.000000000,99854,445,99770,245,99888,241,99767,241,99890,241,99690,241,100006,100,99683,100,100070,100,99678,100,100106,100,99661,100,100124,100,99655,100,100246,100,99587,100,,,99561,100,,,99511,100
2019-06-28 09:51:36.409170608,99806,100,99770,245,99854,445,99767,241,99888,241,99690,241,99890,241,99683,100,100006,100,99678,100,100070,100,99661,100,100106,100,99655,100,100124,100,99587,100,100246,100,99561,100,,,99511,100
2019-06-28 09:51:40.000000000,99806,185,99770,185,99854,385,99767,185,99888,185,99690,185,99890,185,99683,185,100006,185,99678,185,100070,100,99661,100,100106,100,99655,100,100124,100,99587,100,100246,100,99561,100,,,99511,100
2019-06-28 09:51:50.000000000,99806,526,99770,526,99854,300,99767,100,99888,100,99690,100,99890,100,99683,100,100006,100,99678,100,100070,100,99661,100,100106,100,99655,100,100124,100,99587,100,100246,100,99561,100,,,99511,100
2019-06-28 09:51:52.481453307,99806,626,99770,526,99854,300,99767,100,99888,100,99690,100,99890,100,99683,100,100006,100,99678,100,100070,100,99661,100,100106,100,99655,100,100124,100,99587,100,100246,100,99561,100,,,99511,100
2019-06-28 09:51:56.609398588,99806,626,99770,426,99854,300,99767,100,99888,100,99690,100,99890,100,99683,100,100006,100,99678,100,100070,100,99661,100,100106,100,99655,100,100124,100,99587,100,100246,100,99561,100,,,99511,100
2019-06-28 09:52:00.000000000,99806,626,99767,526,99854,300,99690,100,99888,100,99683,100,99890,100,99678,100,100006,100,99661,100,100070,100,99655,100,100106,100,99587,100,100124,100,99561,100,100246,100,99511,100,,,99507,100
2019-06-28 09:52:01.516944458,99806,626,99767,426,99854,300,99690,100,99888,100,99683,100,99890,100,99678,100,100070,100,99661,100,100106,100,99655,100,100124,100,99587,100,100246,100,99561,100,,,99511,100,,,99507,100
2019-06-28 09:52:10.000000000,99806,413,99690,313,99854,513,99683,313,99888,100,99678,100,99890,100,99661,100,100070,100,99655,100,100106,100,99587,100,100124,100,99561,100,100246,100,99511,100,,,99507,100,,,99449,100
2019-06-28 09:52:10.565427431,99806,413,99690,213,99854,513,99683,313,99888,100,99678,100,99890,100,99661,100,100070,100,99655,100,100106,100,99587,100,100124,100,99561,100,100246,100,99511,100,,,99507,100,,,99449,100
2019-06-28 09:52:20.000000000,99806,306,99683,206,99854,406,99678,206,99888,206,99661,206,99890,206,99655,206,100070,100,99587,100,100106,100,99561,100,100124,100,99511,100,100246,100,99507,100,,,99449,100,,,99358,100
2019-06-28 09:52:30.000000000,99806,626,99683,526,99854,300,99678,100,99888,100,99661,100,99890,100,99655,100,100070,100,99587,100,100106,100,99561,100,100124,100,99511,100,100246,100,99507,100,,,99449,100,,,99358,100
2019-06-28 09:52:40.000000000,99806,413,99683,313,99854,513,99678,313,99888,100,99661,100,99890,100,99655,100,100070,100,99587,100,100106,100,99561,100,100124,100,99511,100,100246,100,99507,100,,,99449,100,,,99358,100
2019-06-28 09:52:48.109953216,99806,413,99683,213,99854,513,99678,313,99888,100,99661,100,99890,100,99655,100,100070,100,99587,100,100106,100,99561,100,100124,100,99511,100,100246,100,99507,100,,,99449,100,,,99358,100
2019-06-28 09:52:49.916989316,99690,100,99683,213,99806,313,99678,313,99854,513,99661,100,99888,100,99655,100,99890,100,99587,100,100070,100,99561,100,100106,100,99511,100,100124,100,99507,100,100246,100,99449,100,,,99358,100
2019-06-28 09:52:50.000000000,99690,206,99678,206,99806,206,99661,206,99854,406,99655,206,99888,206,99587,206,99890,100,99561,100,100070,100,99511,100,100106,100,99507,100,100124,100,99449,100,100246,100,99358,100,,,99296,100
2019-06-28 09:52:55.197743483,99690,306,99678,206,99806,206,99661,206,99854,406,99655,206,99888,206,99587,206,99890,100,99561,100,100070,100,99511,100,100106,100,99507,100,100124,100,99449,100,100246,100,99358,100,,,99296,100
2019-06-28 09:53:00.000000000,99690,626,99678,526,99806,100,99661,100,99854,300,99655,100,99888,100,99587,100,99890,100,99561,100,100070,100,99511,100,100106,100,99507,100,100124,100,99449,100,100246,100,99358,100,,,99296,100
2019-06-28 09:53:00.806119894,99690,626,99678,526,99806,100,99661,100,99854,300,99655,100,99888,100,99587,100,99890,100,99561,100,100070,100,99511,100,100106,100,99507,100,100124,100,99449,100,100246,100,99420,100,,,99358,100
2019-06-28 09:53:00.932728941,99690,626,99678,426,99806,100,99661,100,99854,300,99655,100,99888,100,99587,100,99890,100,99561,100,100070,100,99511,100,100106,100,99507,100,100124,100,99449,100,100246,100,99420,100,,,99358,100
2019-06-28 09:53:06.559493611,99690,626,99678,326,99806,100,99661,100,99854,300,99655,100,99888,100,99587,100,99890,100,99561,100,100070,100,99511,100,100106,100,99507,100,100124,100,99449,100,100246,100,99420,100,,,99358,100
2019-06-28 09:53:10.000000000,99690,626,99661,526,99806,100,99655,100,99854,300,99587,100,99888,100,99561,100,99890,100,99511,100,100070,100,99507,100,100106,100,99449,100,100124,100,99420,100,100246,100,99358,100,,,99296,100
2019-06-28 09:53:20.000000000,99690,413,99661,313,99806,313,99655,313,99854,300,99587,100,99888,100,99561,100,99890,100,99511,100,100070,100,99507,100,100106,100,99449,100,100124,100,99420,100,100246,100,99358,100,,,99296,100
2019-06-28 09:53:22.964865193,99690,413,99661,313,99806,313,99655,313,99854,300,99587,100,99888,100,99561,100,99890,100,99511,100,100070,100,99507,100,100106,100,99449,100,100124,100,99420,100,100246,100,99358,100,,,99296,100
2019-06-28 09:53:24.616738097,99690,413,99661,213,99806,313,99655,313,99854,300,99587,100,99888,100,99561,100,99890,100,99511,100,100070,100,99507,100,100106,100,99449,100,100124,100,99420,100,100246,100,99358,100,,,99296,100
2019-06-28 09:53:27.636476585,99690,413,99661,113,99806,313,99655,313,99854,300,99587,100,99888,100,99561,100,99890,100,99511,100,100070,100,99507,100,100106,100,99449,100,100124,100,99420,100,100246,100,99358,100,,,99296,100
2019-06-28 09:53:29.655584668,99690,413,99661,13,99806,313,99655,313,99854,300,99587,100,99888,100,99561,100,99890,100,99511,100,100070,100,99507,100,100106,100,99449,100,100124,100,99420,100,100246,100,99358,100,,,99296,100
2019-06-28 09:53:30.000000000,99690,306,99655,206,99806,206,99587,206,99854,406,99561,206,99888,206,99511,206,99890,100,99507,100,100070,100,99449,100,100106,100,99420,100,100124,100,99358,100,100246,100,99296,100,,,99070,100
2019-06-28 09:53:40.000000000,99690,413,99655,313,99806,313,99587,313,99854,300,99561,100,99888,100,99511,100,99890,100,99507,100,100070,100,99449,100,100106,100,99420,100,100124,100,99358,100,100246,100,99296,100,,,99070,100
2019-06-28 09:53:46.868081861,99690,413,99655,313,99806,313,99587,313,99854,300,99561,100,99888,100,99511,100,99890,100,99507,100,100070,100,99449,100,100106,100,99420,100,100124,100,99358,100,100246,100,99296,100,,,99070,100
2019-06-28 09:53:50.000000000,99690,413,99655,313,99806,313,99587,313,99854,300,99561,100,99888,100,99511,100,99890,100,99507,100,100070,100,99449,100,100106,100,99420,100,100124,100,99358,100,100246,100,99296,100,,,99070,100
2019-06-28 09:53:54.226087359,99690,413,99655,313,99806,313,99587,313,99854,300,99561,100,99888,100,99511,100,99890,100,99507,100,100070,100,99449,100,100106,100,99420,100,100124,100,99358,100,100246,100,99296,100,,,99154,100
2019-06-28 09:54:00.000000000,99690,413,99655,313,99806,313,99587,313,99854,300,99561,100,99888,100,99511,100,99890,100,99507,100,100070,100,99449,100,100106,100,99420,100,100124,100,99358,100,100246,100,99296,100,,,99154,100
2019-06-28 09:54:04.363989347,99690,413,99655,313,99806,313,99587,313,99854,300,99561,100,99888,100,99511,100,99890,100,99507,100,100070,100,99449,100,100106,100,99420,100,100124,100,99358,100,100246,100,99296,100,,,99181,100
2019-06-28 09:54:10.000000000,99690,285,99655,185,99806,185,99587,185,99854,385,99561,185,99888,185,99511,185,99890,185,99507,185,100070,100,99449,100,100106,100,99420,100,100124,100,99358,100,100246,100,99296,100,,,99181,100
2019-06-28 09:54:13.342101456,99661,100,99655,185,99690,285,99587,185,99806,185,99561,185,99854,385,99511,185,99888,185,99507,185,99890,185,99449,100,100070,100,99420,100,100106,100,99358,100,100124,100,99296,100,100246,100,99181,100
2019-06-28 09:54:15.870241530,99661,100,99655,185,99690,285,99587,185,99806,185,99561,185,99854,385,99511,185,99888,185,99507,185,99890,185,99449,100,100070,100,99420,100,100106,100,99358,100,100124,100,99296,100,100246,100,99185,100
2019-06-28 09:54:20.000000000,99661,245,99655,245,99690,341,99587,241,99806,241,99561,241,99854,300,99511,100,99888,100,99507,100,99890,100,99449,100,100070,100,99420,100,100106,100,99358,100,100124,100,99296,100,100246,100,99185,100
2019-06-28 09:54:24.810017704,99661,245,99655,145,99690,341,99587,241,99806,241,99561,241,99854,300,99511,100,99888,100,99507,100,99890,100,99449,100,100070,100,99420,100,100106,100,99358,100,100124,100,99296,100,100246,100,99185,100
2019-06-28 09:54:30.000000000,99661,526,99587,526,99690,200,99561,100,99806,100,99511,100,99854,300,99507,100,99888,100,99449,100,99890,100,99420,100,100070,100,99358,100,100106,100,99296,100,100124,100,99185,100,100246,100,99181,100
2019-06-28 09:54:31.400934953,99661,526,99587,426,99690,200,99561,100,99806,100,99511,100,99854,300,99507,100,99888,100,99449,100,99890,100,99420,100,100070,100,99358,100,100106,100,99296,100,100124,100,99185,100,100246,100,99181,100
2019-06-28 09:54:40.000000000,99661,526,99561,526,99690,200,99511,100,99806,100,99507,100,99854,300,99449,100,99888,100,99420,100,99890,100,99358,100,100070,100,99296,100,100106,100,99185,100,100124,100,99181,100,100246,100,99154,100
2019-06-28 09:54:50.000000000,99661,185,99561,185,99690,285,99511,185,99806,185,99507,185,99854,385,99449,185,99888,185,99420,185,99890,100,99358,100,100070,100,99296,100,100106,100,99185,100,100124,100,99181,100,100246,100,99154,100
2019-06-28 09:55:00.000000000,99661,313,99561,313,99690,413,99511,313,99806,100,99507,100,99854,300,99449,100,99888,100,99420,100,99890,100,99358,100,100070,100,99296,100,100106,100,99185,100,100124,100,99181,100,100246,100,99154,100
2019-06-28 09:55:10.000000000,99661,185,99561,185,99690,285,99511,185,99806,185,99507,185,99854,385,99449,185,99888,185,99420,185,99890,100,99358,100,100070,100,99296,100,100106,100,99185,100,100124,100,99181,100,100246,100,99154,100
2019-06-28 09:55:20.000000000,99661,185,99561,185,99690,285,99511,185,99806,185,99507,185,99854,385,99449,185,99888,185,99420,185,99890,100,99358,100,100070,100,99296,100,100106,100,99185,100,100124,100,99181,100,100246,100,99154,100
2019-06-28 09:55:26.988458295,99661,185,99561,185,99690,285,99519,100,99806,185,99511,185,99854,385,99507,185,99888,185,99449,185,99890,100,99420,185,100070,100,99358,100,100106,100,99296,100,100124,100,99185,100,100246,100,99181,100
2019-06-28 09:55:30.000000000,99661,245,99561,245,99690,341,99519,241,99806,241,99511,241,99854,300,99507,100,99888,100,99449,100,99890,100,99420,100,100070,100,99358,100,100106,100,99296,100,100124,100,99185,100,100246,100,99181,100
2019-06-28 09:55:34.091088709,99655,100,99561,245,99661,245,99519,241,99690,341,99511,241,99806,241,99507,100,99854,300,99449,100,99888,100,99420,100,99890,100,99358,100,100070,100,99296,100,100106,100,99185,100,100124,100,99181,100
2019-06-28 09:55:39.763297026,99655,200,99561,245,99661,245,99519,241,99690,341,99511,241,99806,241,99507,100,99854,300,99449,100,99888,100,99420,100,99890,100,99358,100,100070,100,99296,100,100106,100,99185,100,100124,100,99181,100
2019-06-28 09:55:40.000000000,99655,285,99561,185,99661,185,99519,185,99690,285,99511,185,99806,185,99507,185,99854,385,99449,185,99888,100,99420,100,99890,100,99358,100,100070,100,99296,100,100106,100,99185,100,100124,100,99181,100
2019-06-28 09:55:45.887950448,99655,185,99561,185,99661,185,99519,185,99690,285,99511,185,99806,185,99507,185,99854,385,99449,185,99888,100,99420,100,99890,100,99358,100,100070,100,99296,100,100106,100,99185,100,100124,100,99181,100
2019-06-28 09:55:50.000000000,99655,313,99561,313,99661,313,99519,313,99690,200,99511,100,99806,100,99507,100,99854,300,99449,100,99888,100,99420,100,99890,100,99358,100,100070,100,99296,100,100106,100,99185,100,100124,100,99181,100
2019-06-28 09:55:59.040957557,99655,313,99561,313,99661,313,99519,313,99690,200,99511,100,99806,100,99507,100,99854,300,99449,100,99888,100,99420,100,99890,100,99408,100,100070,100,99358,100,100106,100,99296,100,100124,100,99185,100
2019-06-28 09:56:00.000000000,99655,526,99561,526,99661,100,99519,100,99690,200,99511,100,99806,100,99507,100,99854,300,99449,100,99888,100,99420,100,99890,100,99408,100,100070,100,99358,100,100106,100,99296,100,100124,100,99185,100
2019-06-28 09:56:10.000000000,99655,526,99561,526,99661,100,99519,100,99690,200,99511,100,99806,100,99507,100,99854,300,99449,100,99888,100,99420,100,99890,100,99408,100,100070,100,99358,100,100106,100,99296,100,100124,100,99185,100
2019-06-28 09:56:20.000000000,99655,526,99561,526,99661,100,99519,100,99690,200,99511,100,99806,100,99507,100,99854,300,99449,100,99888,100,99420,100,99890,100,99408,100,100070,100,99358,100,100106,100,99296,100,100124,100,99185,100
2019-06-28 09:56:30.000000000,99655,206,99561,206,99661,206,99519,206,99690,306,99511,206,99806,206,99507,206,99854,300,99449,100,99888,100,99420,100,99890,100,99408,100,100070,100,99358,100,100106,100,99296,100,100124,100,99185,100
2019-06-28 09:56:33.500273936,99655,206,99594,100,99661,206,99561,206,99690,306,99519,206,99806,206,99511,206,99854,300,99507,206,99888,100,99449,100,99890,100,99420,100,100070,100,99408,100,100106,100,99358,100,100124,100,99296,100
2019-06-28 09:56:34.477410850,99655,106,99594,100,99661,206,99561,206,99690,306,99519,206,99806,206,99511,206,99854,300,99507,206,99888,100,99449,100,99890,100,99420,100,100070,100,99408,100,100106,100,99358,100,100124,100,99185,100
2019-06-28 09:56:40.000000000,99661,245,99594,245,99690,341,99561,241,99806,241,99519,241,99854,300,99511,100,99888,100,99507,100,99890,100,99449,100,100070,100,99420,100,100106,100,99408,100,100124,100,99358,100,100246,100,99185,100
2019-06-28 09:56:50.000000000,99661,206,99594,206,99690,306,99561,206,99806,206,99519,206,99854,406,99511,206,99888,100,99507,100,99890,100,99449,100,100070,100,99420,100,100106,100,99408,100,100124,100,99358,100,100246,100,99185,100
2019-06-28 09:56:54.932846807,99661,206,99594,206,99690,306,99561,206,99806,206,99519,206,99854,306,99511,206,99888,100,99507,100,99890,100,99449,100,100070,100,99420,100,100106,100,99408,100,100124,100,99358,100,100246,100,99185,100
2019-06-28 09:57:00.000000000,99661,185,99594,185,99690,285,99561,185,99806,185,99519,185,99854,285,99511,185,99888,185,99507,185,99890,100,99449,100,100070,100,99420,100,100106,100,99408,100,100124,100,99358,100,100246,100,99185,100
2019-06-28 09:57:06.970131656,99661,185,99594,185,99690,285,99561,185,99806,185,99519,185,99825,100,99511,185,99854,285,99507,185,99888,185,99449,100,99890,100,99420,100,100070,100,99408,100,100106,100,99358,100,100124,100,99185,100
2019-06-28 09:57:10.000000000,99661,313,99594,313,99690,413,99561,313,99806,100,99519,100,99825,100,99511,100,99854,200,99507,100,99888,100,99449,100,99890,100,99420,100,100070,100,99408,100,100106,100,99358,100,100124,100,99185,100
2019-06-28 09:57:14.549008108,99661,313,99594,313,99690,413,99561,313,99806,100,99519,100,99825,100,99511,100,99854,200,99507,100,99888,100,99449,100,99890,100,99408,100,99994,100,99358,100,100070,100,99185,100,100106,100,99181,100
2019-06-28 09:57:20.000000000,99661,526,99594,526,99690,200,99561,100,99806,100,99519,100,99825,100,99511,100,99854,200,99507,100,99888,100,99449,100,99890,100,99408,100,99994,100,99358,100,100070,100,99185,100,100106,100,99181,100
2019-06-28 09:57:30.000000000,99661,313,99594,313,99690,413,99561,313,99806,100,99519,100,99825,100,99511,100,99854,200,99507,100,99888,100,99449,100,99890,100,99408,100,99994,100,99358,100,100070,100,99185,100,100106,100,99181,100
2019-06-28 09:57:35.055308487,99661,313,99595,100,99690,413,99594,313,99806,100,99561,313,99825,100,99519,100,99854,200,99511,100,99888,100,99507,100,99890,100,99449,100,99994,100,99408,100,100070,100,99358,100,100106,100,99185,100
2019-06-28 09:57:40.000000000,99661,206,99595,206,99690,306,99594,206,99806,206,99561,206,99825,206,99519,206,99854,200,99511,100,99888,100,99507,100,99890,100,99449,100,99994,100,99408,100,100070,100,99358,100,100106,100,99185,100
2019-06-28 09:57:41.611833128,99661,106,99595,206,99690,306,99594,206,99806,206,99561,206,99825,206,99519,206,99854,200,99511,100,99888,100,99507,100,99890,100,99449,100,99994,100,99408,100,100070,100,99358,100,100106,100,99185,100
2019-06-28 09:57:50.000000000,99690,413,99595,313,99806,313,99594,313,99825,100,99561,100,99854,200,99519,100,99888,100,99511,100,99890,100,99507,100,99994,100,99449,100,100070,100,99408,100,100106,100,99358,100,100124,100,99185,100
2019-06-28 09:58:00.000000000,99690,345,99595,245,99806,241,99594,241,99825,241,99561,241,99854,200,99519,100,99888,100,99511,100,99890,100,99507,100,99994,100,99449,100,100070,100,99408,100,100106,100,99358,100,100124,100,99185,100
2019-06-28 09:58:10.000000000,99690,626,99595,526,99806,100,99594,100,99825,100,99561,100,99854,200,99519,100,99888,100,99511,100,99890,100,99507,100,99994,100,99449,100,100070,100,99408,100,100106,100,99358,100,100124,100,99185,100
2019-06-28 09:58:11.194338246,99690,626,99595,426,99806,100,99594,100,99825,100,99561,100,99854,200,99519,100,99888,100,99511,100,99890,100,99507,100,99994,100,99449,100,100070,100,99408,100,100106,100,99358,100,100124,100,99185,100
2019-06-28 09:58:20.000000000,99690,626,99594,526,99806,100,99561,100,99825,100,99519,100,99854,200,99511,100,99888,100,99507,100,99890,100,99449,100,99994,100,99408,100,100070,100,99358,100,100106,100,99185,100,100124,100,99181,100
2019-06-28 09:58:24.123265847,99690,626,99594,526,99806,100,99561,100,99825,100,99519,100,99854,200,99511,100,99888,100,99507,100,99890,100,99449,100,99994,100,99416,100,100070,100,99408,100,100106,100,99358,100,100124,100,99185,100
2019-06-28 09:58:30.000000000,99690,306,99594,206,99806,206,99561,206,99825,206,99519,206,99854,306,99511,206,99888,100,99507,100,99890,100,99449,100,99994,100,99416,100,100070,100,99408,100,100106,100,99358,100,100124,100,99185,100
2019-06-28 09:58:40.000000000,99690,285,99594,185,99806,185,99561,185,99825,185,99519,185,99854,285,99511,185,99888,185,99507,185,99890,100,99449,100,99994,100,99416,100,100070,100,99408,100,100106,100,99358,100,100124,100,99185,100
2019-06-28 09:58:50.000000000,99690,345,99594,245,99806,241,99561,241,99825,241,99519,241,99854,200,99511,100,99888,100,99507,100,99890,100,99449,100,99994,100,99416,100,100070,100,99408,100,100106,100,99358,100,100124,100,99185,100
2019-06-28 09:59:00.000000000,99690,345,99594,245,99806,241,99561,241,99825,241,99519,241,99854,200,99511,100,99888,100,99507,100,99890,100,99449,100,99994,100,99416,100,100070,100,99408,100,100106,100,99358,100,100124,100,99185,100
2019-06-28 09:59:04.472428517,99690,245,99594,245,99806,241,99561,241,99825,241,99519,241,99854,200,99511,100,99888,100,99507,100,99890,100,99449,100,99994,100,99416,100,100070,100,99408,100,100106,100,99358,100,100124,100,99185,100
2019-06-28 09:59:10.000000000,99690,185,99594,185,99806,185,99561,185,99825,185,99519,185,99854,285,99511,185,99888,185,99507,185,99890,100,99449,100,99994,100,99416,100,100070,100,99408,100,100106,100,99358,100,100124,100,99185,100
2019-06-28 09:59:20.000000000,99690,245,99594,245,99806,241,99561,241,99825,241,99519,241,99854,200,99511,100,99888,100,99507,100,99890,100,99449,100,99994,100,99416,100,100070,100,99408,100,100106,100,99358,100,100124,100,99185,100
2019-06-28 09:59:30.000000000,99690,206,99594,206,99806,206,99561,206,99825,206,99519,206,99854,306,99511,206,99888,100,99507,100,99890,100,99449,100,99994,100,99416,100,100070,100,99408,100,100106,100,99358,100,100124,100,99185,100
2019-06-28 09:59:30.778036365,99690,206,99594,206,99806,206,99561,206,99825,206,99519,206,99854,306,99511,206,99888,100,99507,100,99890,100,99449,100,99949,100,99416,100,99994,100,99408,100,100070,100,99358,100,100106,100,99185,100
2019-06-28 09:59:40.000000000,99690,185,99594,185,99806,185,99561,185,99825,185,99519,185,99854,285,99511,185,99888,185,99507,185,99890,100,99449,100,99949,100,99416,100,99994,100,99408,100,100070,100,99358,100,100106,100,99185,100
2019-06-28 09:59:50.000000000,99690,245,99594,245,99806,241,99561,241,99825,241,99519,241,99854,200,99511,100,99888,100,99507,100,99890,100,99449,100,99949,100,99416,100,99994,100,99408,100,100070,100,99358,100,100106,100,99185,100
2019-06-28 10:00:00.000000000,99690,206,99594,206,99806,206,99561,206,99825,206,99519,206,99854,306,99511,206,99888,100,99507,100,99890,100,99449,100,99949,100,99416,100,99994,100,99408,100,100070,100,99358,100,100106,100,99185,100
2019-06-28 10:00:00.199538078,99690,206,99596,100,99806,206,99594,206,99825,206,99561,206,99854,306,99519,206,99888,100,99511,206,99949,100,99507,100,99994,100,99449,100,100070,100,99416,100,100106,100,99408,100,100124,100,99358,100
2019-06-28 10:00:10.000000000,99690,185,99596,185,99806,185,99594,185,99825,185,99561,185,99854,285,99519,185,99888,185,99511,185,99949,100,99507,100,99994,100,99449,100,100070,100,99416,100,100106,100,99408,100,100124,100,99358,100
2019-06-28 10:00:13.577969727,99690,185,99596,185,99806,185,99594,185,99825,185,99561,185,99854,285,99519,185,99888,185,99511,185,99949,100,99507,100,99955,100,99449,100,99994,100,99416,100,100070,100,99408,100,100106,100,99358,100
2019-06-28 10:00:20.000000000,99690,245,99596,245,99806,241,99594,241,99825,241,99561,241,99854,200,99519,100,99888,100,99511,100,99949,100,99507,100,99955,100,99449,100,99994,100,99416,100,100070,100,99408,100,100106,100,99358,100
2019-06-28 10:00:30.000000000,99690,526,99596,526,99806,100,99594,100,99825,100,99561,100,99854,200,99519,100,99888,100,99511,100,99949,100,99507,100,99955,100,99449,100,99994,100,99416,100,100070,100,99408,100,100106,100,99358,100
2019-06-28 10:00:38.732952220,99690,526,99616,100,99806,100,99596,526,99825,100,99594,100,99854,200,99561,100,99888,100,99511,100,99949,100,99507,100,99955,100,99449,100,99994,100,99416,100,100070,100,99408,100,100106,100,99358,100
2019-06-28 10:00:40.000000000,99690,526,99616,526,99806,100,99596,100,99825,100,99594,100,99854,200,99561,100,99888,100,99511,100,99949,100,99507,100,99955,100,99449,100,99994,100,99416,100,100070,100,99408,100,100106,100,99358,100
2019-06-28 10:00:50.000000000,99690,245,99616,245,99806,241,99596,241,99825,241,99594,241,99854,200,99561,100,99888,100,99511,100,99949,100,99507,100,99955,100,99449,100,99994,100,99416,100,100070,100,99408,100,100106,100,99358,100
2019-06-28 10:01:00.000000000,99690,185,99616,185,99806,185,99596,185,99825,185,99594,185,99854,285,99561,185,99888,185,99511,185,99949,100,99507,100,99955,100,99449,100,99994,100,99416,100,100070,100,99408,100,100106,100,99358,100
2019-06-28 10:01:10.000000000,99690,526,99616,526,99806,100,99596,100,99825,100,99594,100,99854,200,99561,100,99888,100,99511,100,99949,100,99507,100,99955,100,99449,100,99994,100,99416,100,100070,100,99408,100,100106,100,99358,100
2019-06-28 10:01:20.000000000,99690,313,99616,313,99806,313,99596,313,99825,100,99594,100,99854,200,99561,100,99888,100,99511,100,99949,100,99507,100,99955,100,99449,100,99994,100,99416,100,100070,100,99408,100,100106,100,99358,100
2019-06-28 10:01:23.826287475,99690,313,99616,313,99806,313,99596,313,99825,100,99594,100,99854,200,99561,100,99888,100,99511,100,99949,100,99507,100,99955,100,99449,100,99994,100,99416,100,100070,100,99408,100,100076,100,99358,100
2019-06-28 10:01:28.950189670,99690,213,99616,313,99806,313,99596,313,99825,100,99594,100,99854,200,99511,100,99888,100,99507,100,99949,100,99449,100,99955,100,99416,100,99994,100,99408,100,100070,100,99358,100,100076,100,99185,100
2019-06-28 10:01:30.000000000,99806,526,99616,526,99825,100,99596,100,99854,200,99594,100,99888,100,99511,100,99949,100,99507,100,99955,100,99449,100,99994,100,99416,100,100070,100,99408,100,100076,100,99358,100,100106,100,99185,100
2019-06-28 10:01:35.550814178,99806,526,99616,526,99825,100,99596,100,99854,200,99594,100,99888,100,99511,100,99949,100,99507,100,99955,100,99449,100,99994,100,99416,100,100069,100,99408,100,100070,100,99358,100,100076,100,99185,100
2019-06-28 10:01:40.000000000,99806,206,99616,206,99825,206,99596,206,99854,306,99594,206,99888,206,99511,206,99949,100,99507,100,99955,100,99449,100,99994,100,99416,100,100069,100,99408,100,100070,100,99358,100,100076,100,99185,100
2019-06-28 10:01:50.000000000,99806,206,99616,206,99825,206,99596,206,99854,306,99594,206,99888,206,99511,206,99949,100,99507,100,99955,100,99449,100,99994,100,99416,100,100069,100,99408,100,100070,100,99358,100,100076,100,99185,100
2019-06-28 10:01:58.732263856,99806,206,99690,100,99825,206,99616,206,99854,306,99596,206,99888,206,99594,206,99949,100,99511,206,99955,100,99507,100,99994,100,99449,100,100069,100,99416,100,100070,100,99408,100,100076,100,99358,100
2019-06-28 10:01:59.775928815,99806,206,99690,100,99825,206,99616,206,99854,306,99596,206,99888,206,99594,206,99949,100,99511,206,99955,100,99507,100,99994,100,99449,100,100069,100,99416,100,100070,100,99408,100,100076,100,99358,100
2019-06-28 10:02:00.000000000,99806,206,99690,206,99825,206,99616,206,99854,306,99596,206,99888,206,99594,206,99949,100,99511,100,99955,100,99507,100,99994,100,99449,100,100069,100,99416,100,100070,100,99408,100,100076,100,99358,100
2019-06-28 10:02:10.000000000,99806,206,99690,206,99825,206,99616,206,99854,306,99596,206,99888,206,99594,206,99949,100,99511,100,99955,100,99507,100,99994,100,99449,100,100069,100,99416,100,100070,100,99408,100,100076,100,99358,100
2019-06-28 10:02:20.000000000,99806,245,99690,245,99825,241,99616,241,99854,341,99596,241,99888,100,99594,100,99949,100,99511,100,99955,100,99507,100,99994,100,99449,100,100069,100,99416,100,100070,100,99408,100,100076,100,99358,100
2019-06-28 10:02:30.000000000,99806,526,99690,526,99825,100,99616,100,99854,200,99596,100,99888,100,99594,100,99949,100,99511,100,99955,100,99507,100,99994,100,99449,100,100069,100,99416,100,100070,100,99408,100,100076,100,99358,100
2019-06-28 10:02:38.016799481,99806,426,99690,526,99825,100,99616,100,99854,200,99596,100,99888,100,99594,100,99949,100,99511,100,99955,100,99507,100,99994,100,99449,100,100069,100,99416,100,100070,100,99408,100,100076,100,99358,100
2019-06-28 10:02:40.000000000,99825,206,99690,206,99854,306,99616,206,99888,206,99596,206,99949,206,99594,206,99955,100,99511,100,99994,100,99507,100,100069,100,99449,100,100070,100,99416,100,100076,100,99408,100,100106,100,99358,100
2019-06-28 10:02:44.147464139,99825,206,99690,206,99854,306,99616,206,99888,206,99596,206,99949,206,99594,206,99955,100,99511,100,99994,100,99507,100,100069,100,99449,100,100076,100,99416,100,100106,100,99408,100,100124,100,99358,100
2019-06-28 10:02:50.000000000,99825,206,99690,206,99854,306,99616,206,99888,206,99596,206,99949,206,99594,206,99955,100,99511,100,99994,100,99507,100,100069,100,99449,100,100076,100,99416,100,100106,100,99408,100,100124,100,99358,100
2019-06-28 10:02:53.475330755,99825,206,99690,206,99854,306,99616,206,99888,206,99596,206,99949,206,99594,206,99955,100,99511,100,99994,100,99507,100,100069,100,99449,100,100076,100,99416,100,100106,100,99408,100,100124,100,99358,100
2019-06-28 10:03:00.000000000,99825,185,99690,185,99854,285,99616,185,99888,185,99596,185,99949,185,99594,185,99955,185,99511,185,99994,100,99507,100,100069,100,99449,100,100076,100,99416,100,100106,100,99408,100,100124,100,99358,100
2019-06-28 10:03:10.000000000,99825,185,99690,185,99854,285,99616,185,99888,185,99596,185,99949,185,99594,185,99955,185,99511,185,99994,100,99507,100,100069,100,99449,100,100076,100,99416,100,100106,100,99408,100,100124,100,99358,100
2019-06-28 10:03:13.671733499,99825,185,99690,185,99854,285,99616,185,99888,185,99596,185,99949,185,99594,185,99955,185,99511,185,99994,100,99507,100,100069,100,99449,100,100076,100,99416,100,100106,100,99408,100,100124,100,99358,100
2019-06-28 10:03:20.000000000,99825,185,99690,185,99854,285,99616,185,99888,185,99596,185,99949,185,99594,185,99955,185,99511,185,99994,100,99507,100,100069,100,99449,100,100076,100,99416,100,100106,100,99408,100,100124,100,99358,100
2019-06-28 10:03:30.000000000,99825,245,99690,245,99854,341,99616,241,99888,241,99596,241,99949,100,99594,100,99955,100,99511,100,99994,100,99507,100,100069,100,99449,100,100076,100,99416,100,100106,100,99408,100,100124,100,99358,100
2019-06-28 10:03:30.557766584,99825,245,99690,245,99854,341,99616,241,99888,241,99596,241,99949,100,99594,100,99955,100,99511,100,99994,100,99507,100,100069,100,99449,100,100076,100,99416,100,100106,100,99408,100,100124,100,99358,100
2019-06-28 10:03:32.406023907,99825,245,99691,100,99854,341,99690,245,99888,241,99616,241,99949,100,99596,241,99955,100,99594,100,99994,100,99511,100,100069,100,99507,100,100076,100,99449,100,100106,100,99416,100,100124,100,99408,100
2019-06-28 10:03:40.000000000,99825,245,99691,245,99854,341,99690,241,99888,241,99616,241,99949,100,99596,100,99955,100,99594,100,99994,100,99511,100,100069,100,99507,100,100076,100,99449,100,100106,100,99416,100,100124,100,99408,100
2019-06-28 10:03:50.000000000,99825,313,99691,313,99854,413,99690,313,99888,100,99616,100,99949,100,99596,100,99955,100,99594,100,99994,100,99511,100,100069,100,99507,100,100076,100,99449,100,100106,100,99416,100,100124,100,99408,100
2019-06-28 10:03:51.378873975,99825,213,99691,313,99854,413,99690,313,99888,100,99616,100,99949,100,99596,100,99955,100,99594,100,99994,100,99511,100,100069,100,99507,100,100076,100,99449,100,100106,100,99416,100,100124,100,99408,100
2019-06-28 10:03:54.538861128,99825,213,99806,100,99854,413,99691,313,99888,100,99690,213,99949,100,99616,100,99955,100,99596,100,99994,100,99594,100,100069,100,99511,100,100076,100,99507,100,100106,100,99449,100,100124,100,99416,100
2019-06-28 10:03:55.366334094,99825,113,99806,100,99854,413,99691,313,99888,100,99690,213,99949,100,99616,100,99955,100,99596,100,99994,100,99594,100,100069,100,99511,100,100076,100,99507,100,100106,100,99449,100,100124,100,99416,100
2019-06-28 10:04:00.000000000,99854,306,99806,206,99888,206,99691,206,99949,206,99616,206,99955,206,99596,206,99994,100,99594,100,100069,100,99511,100,100076,100,99507,100,100106,100,99449,100,100124,100,99416,100,100207,100,99408,100
2019-06-28 10:04:10.000000000,99854,285,99806,185,99888,185,99691,185,99949,185,99616,185,99955,185,99596,185,99994,185,99594,185,100069,100,99511,100,100076,100,99507,100,100106,100,99449,100,100124,100,99416,100,100207,100,99408,100
2019-06-28 10:04:19.232593909,99854,285,99825,100,99888,185,99806,185,99949,185,99691,185,99955,185,99616,185,99994,185,99596,185,100069,100,99594,185,100076,100,99511,100,100106,100,99507,100,100124,100,99449,100,100207,100,99416,100
2019-06-28 10:04:20.000000000,99854,285,99825,185,99888,185,99806,185,99949,185,99691,185,99955,185,99616,185,99994,185,99596,185,100069,100,99594,100,100076,100,99511,100,100106,100,99507,100,100124,100,99449,100,100207,100,99416,100
2019-06-28 10:04:24.478670311,99854,185,99825,185,99888,185,99806,185,99949,185,99691,185,99955,185,99616,185,99994,185,99596,185,100076,100,99594,100,100106,100,99511,100,100124,100,99507,100,100207,100,99449,100,100245,100,99416,100
2019-06-28 10:04:29.578226267,99854,185,99825,185,99888,185,99806,185,99949,185,99691,185,99955,185,99616,185,99994,185,99596,185,100076,100,99594,100,100106,100,99511,100,100124,100,99507,100,100207,100,99449,100,100245,100,99416,100
2019-06-28 10:04:30.000000000,99854,526,99825,526,99888,100,99806,100,99949,100,99691,100,99955,100,99616,100,99994,100,99596,100,100076,100,99594,100,100106,100,99511,100,100124,100,99507,100,100207,100,99449,100,100245,100,99416,100
2019-06-28 10:04:40.000000000,99854,245,99825,245,99888,241,99806,241,99949,241,99691,241,99955,100,99616,100,99994,100,99596,100,100076,100,99594,100,100106,100,99511,100,100124,100,99507,100,100207,100,99449,100,100245,100,99416,100
2019-06-28 10:04:50.000000000,99854,245,99825,245,99888,241,99806,241,99949,241,99691,241,99955,100,99616,100,99994,100,99596,100,100076,100,99594,100,100106,100,99511,100,100124,100,99507,100,100207,100,99449,100,100245,100,99416,100
2019-06-28 10:05:00.000000000,99854,245,99825,245,99888,241,99806,241,99949,241,99691,241,99955,100,99616,100,99994,100,99596,100,100076,100,99594,100,100106,100,99511,100,100124,100,99507,100,100207,100,99449,100,100245,100,99416,100
2019-06-28 10:05:06.769483165,99854,245,99826,100,99888,241,99825,245,99949,241,99806,241,99955,100,99691,241,99994,100,99616,100,100076,100,99596,100,100106,100,99594,100,100124,100,99511,100,100207,100,99507,100,100245,100,99449,100
2019-06-28 10:05:08.138513745,99853,100,99826,100,99854,245,99825,245,99888,241,99806,241,99949,241,99691,241,99955,100,99616,100,99994,100,99596,100,100076,100,99594,100,100106,100,99511,100,100124,100,99507,100,100207,100,99449,100
2019-06-28 10:05:10.000000000,99853,526,99826,526,99854,100,99825,100,99888,100,99806,100,99949,100,99691,100,99955,100,99616,100,99994,100,99596,100,100076,100,99594,100,100106,100,99511,100,100124,100,99507,100,100207,100,99449,100
2019-06-28 10:05:11.660504148,99853,526,99826,526,99854,100,99825,100,99888,100,99806,100,99949,100,99759,100,99955,100,99691,100,99994,100,99616,100,100076,100,99596,100,100106,100,99594,100,100124,100,99511,100,100207,100,99507,100
2019-06-28 10:05:20.000000000,99853,526,99826,526,99854,100,99825,100,99888,100,99806,100,99949,100,99759,100,99955,100,99691,100,99994,100,99616,100,100076,100,99596,100,100106,100,99594,100,100124,100,99511,100,100207,100,99507,100
2019-06-28 10:05:27.722473980,99853,526,99826,526,99854,100,99825,100,99888,100,99806,100,99922,100,99759,100,99949,100,99691,100,99955,100,99616,100,99994,100,99596,100,100076,100,99594,100,100106,100,99511,100,100124,100,99507,100
2019-06-28 10:05:28.567883835,99853,526,99826,526,99854,100,99825,100,99888,100,99806,100,99922,100,99759,100,99949,100,99691,100,99955,100,99616,100,99994,100,99596,100,100060,100,99594,100,100076,100,99511,100,100106,100,99507,100
2019-06-28 10:05:30.000000000,99853,245,99826,245,99854,241,99825,241,99888,241,99806,241,99922,100,99759,100,99949,100,99691,100,99955,100,99616,100,99994,100,99596,100,100060,100,99594,100,100076,100,99511,100,100106,100,99507,100
2019-06-28 10:05:36.640977916,99853,245,99826,245,99854,141,99825,241,99888,241,99806,241,99922,100,99759,100,99949,100,99691,100,99955,100,99616,100,99994,100,99596,100,100060,100,99594,100,100076,100,99511,100,100106,100,99507,100
2019-06-28 10:05:40.000000000,99853,245,99826,245,99888,241,99825,241,99922,241,99806,241,99949,100,99759,100,99955,100,99691,100,99994,100,99616,100,100060,100,99596,100,100076,100,99594,100,100106,100,99511,100,100124,100,99507,100
2019-06-28 10:05:50.000000000,99853,206,99826,206,99888,206,99825,206,99922,206,99806,206,99949,206,99759,206,99955,100,99691,100,99994,100,99616,100,100060,100,99596,100,100076,100,99594,100,100106,100,99511,100,100124,100,99507,100
2019-06-28 10:06:00.000000000,99853,313,99826,313,99888,313,99825,313,99922,100,99806,100,99949,100,99759,100,99955,100,99691,100,99994,100,99616,100,100060,100,99596,100,100076,100,99594,100,100106,100,99511,100,100124,100,99507,100
2019-06-28 10:06:10.000000000,99853,526,99826,526,99888,100,99825,100,99922,100,99806,100,99949,100,99759,100,99955,100,99691,100,99994,100,99616,100,100060,100,99596,100,100076,100,99594,100,100106,100,99511,100,100124,100,99507,100
2019-06-28 10:06:17.760825565,99853,426,99826,526,99888,100,99825,100,99922,100,99806,100,99949,100,99759,100,99955,100,99691,100,99994,100,99616,100,100060,100,99596,100,100076,100,99594,100,100106,100,99511,100,100124,100,99507,100
2019-06-28 10:06:20.000000000,99888,206,99826,206,99922,206,99825,206,99949,206,99806,206,99955,206,99759,206,99994,100,99691,100,100060,100,99616,100,100076,100,99596,100,100106,100,99594,100,100124,100,99511,100,100207,100,99507,100
2019-06-28 10:06:21.327713867,99888,106,99826,206,99922,206,99825,206,99949,206,99806,206,99955,206,99759,206,99994,100,99691,100,100060,100,99616,100,100076,100,99596,100,100106,100,99594,100,100124,100,99511,100,100207,100,99507,100
2019-06-28 10:06:21.981478096,99888,106,99861,100,99922,206,99826,206,99949,206,99825,206,99955,206,99806,206,99994,100,99759,206,100060,100,99691,100,100076,100,99616,100,100106,100,99596,100,100124,100,99594,100,100207,100,99511,100
2019-06-28 10:06:30.000000000,99922,185,99861,185,99949,185,99826,185,99955,185,99825,185,99994,185,99806,185,100060,185,99759,185,100076,100,99691,100,100106,100,99616,100,100124,100,99596,100,100207,100,99594,100,100245,100,99511,100
2019-06-28 10:06:39.390235410,99922,185,99861,185,99949,185,99853,100,99955,185,99826,185,99994,185,99825,185,100060,185,99806,185,100076,100,99759,185,100106,100,99691,100,100124,100,99616,100,100207,100,99596,100,100245,100,99594,100
2019-06-28 10:06:40.000000000,99922,313,99861,313,99949,313,99853,313,99955,100,99826,100,99994,100,99825,100,100060,100,99806,100,100076,100,99759,100,100106,100,99691,100,100124,100,99616,100,100207,100,99596,100,100245,100,99594,100
2019-06-28 10:06:50.000000000,99922,245,99861,245,99949,241,99853,241,99955,241,99826,241,99994,100,99825,100,100060,100,99806,100,100076,100,99759,100,100106,100,99691,100,100124,100,99616,100,100207,100,99596,100,100245,100,99594,100
2019-06-28 10:07:00.000000000,99922,526,99861,526,99949,100,99853,100,99955,100,99826,100,99994,100,99825,100,100060,100,99806,100,100076,100,99759,100,100106,100,99691,100,100124,100,99616,100,100207,100,99596,100,100245,100,99594,100
2019-06-28 10:07:06.321000347,99922,426,99861,526,99949,100,99853,100,99955,100,99826,100,99994,100,99825,100,100060,100,99806,100,100076,100,99759,100,100106,100,99691,100,100124,100,99616,100,100207,100,99596,100,100245,100,99594,100
2019-06-28 10:07:10.000000000,99949,185,99861,185,99955,185,99853,185,99994,185,99826,185,100060,185,99825,185,100076,185,99806,185,100106,100,99759,100,100124,100,99691,100,100207,100,99616,100,100245,100,99596,100,100401,100,99594,100
2019-06-28 10:07:17.112468861,99949,85,99861,185,99955,185,99853,185,99994,185,99826,185,100060,185,99825,185,100076,185,99806,185,100106,100,99759,100,100124,100,99691,100,100207,100,99616,100,100245,100,99596,100,100401,100,99594,100
