,ask_price_1,ask_size_1,bid_price_1,bid_size_1,ask_price_2,ask_size_2,bid_price_2,bid_size_2,ask_price_3,ask_size_3,bid_price_3,bid_size_3,ask_price_4,ask_size_4,bid_price_4,bid_size_4,ask_price_5,ask_size_5,bid_price_5,bid_size_5,ask_price_6,ask_size_6,bid_price_6,bid_size_6,ask_price_7,ask_size_7,bid_price_7,bid_size_7,ask_price_8,ask_size_8,bid_price_8,bid_size_8,ask_price_9,ask_size_9,bid_price_9,bid_size_9,ask_price_10,ask_size_10,bid_price_10,bid_size_10
2019-06-28 09:30:00.000000002,100067,100,99984,100,,,,,,,,,,,,,,,,,,,,,,,,,,,,,,,,,,,,
2019-06-28 09:30:00.000000004,100014,100,99984,100,100067,100,99937,100,,,,,,,,,,,,,,,,,,,,,,,,,,,,,,,,
2019-06-28 09:30:00.000000005,100014,100,99984,100,100067,100,99956,100,,,99937,100,,,,,,,,,,,,,,,,,,,,,,,,,,,,
2019-06-28 09:30:00.000000007,100014,100,99984,100,100067,100,99956,100,,,99937,100,,,99842,100,,,,,,,,,,,,,,,,,,,,,,,,
2019-06-28 09:30:00.000000008,100014,100,99984,100,100067,100,99956,100,100102,100,99937,100,,,99842,100,,,,,,,,,,,,,,,,,,,,,,,,
2019-06-28 09:30:00.000000009,100014,100,99984,100,100067,100,99956,100,100102,100,99937,100,,,99869,100,,,99842,100,,,,,,,,,,,,,,,,,,,,
2019-06-28 09:30:00.000000010,100014,100,99984,100,100067,100,99956,100,100102,100,99937,100,,,99869,100,,,99845,100,,,99842,100,,,,,,,,,,,,,,,,
2019-06-28 09:30:00.000000013,100014,100,99956,100,100067,100,99937,100,100102,100,99869,100,,,99845,100,,,99842,100,,,,,,,,,,,,,,,,,,,,
2019-06-28 09:30:00.000000015,99989,100,99956,100,100014,100,99937,100,100067,100,99869,100,100102,100,99845,100,100197,100,99842,100,,,,,,,,,,,,,,,,,,,,
2019-06-28 09:30:00.000000017,99989,100,99956,100,100014,100,99937,100,100067,100,99869,100,100102,100,99845,100,100108,100,99842,100,100197,100,,,,,,,,,,,,,,,,,,
2019-06-28 09:30:00.000000019,99989,100,99958,100,100014,100,99956,100,100067,100,99937,100,100102,100,99898,100,100108,100,99869,100,100176,100,99845,100,100197,100,99842,100,,,,,,,,,,,,
2019-06-28 09:30:00.000000020,99989,100,99969,100,100014,100,99958,100,100067,100,99956,100,100102,100,99937,100,100108,100,99898,100,100176,100,99869,100,100197,100,99845,100,,,99842,100,,,,,,,,
2019-06-28 09:30:00.000000024,99989,100,99969,100,100014,100,99958,100,100067,100,99956,100,100102,100,99937,100,100108,100,99898,100,100140,100,99869,100,100176,100,99845,100,100197,100,99842,100,,,,,,,,
2019-06-28 09:30:00.000000027,100014,100,99969,100,100067,100,99958,100,100102,100,99957,100,100108,100,99956,100,100140,100,99937,100,100176,100,99898,100,100197,100,99869,100,,,99845,100,,,99842,100,,,,
2019-06-28 09:30:00.000000028,100014,100,99969,100,100015,100,99958,100,100067,100,99957,100,100102,100,99956,100,100108,100,99937,100,100140,100,99898,100,100176,100,99869,100,100197,100,99845,100,,,99842,100,,,,
2019-06-28 09:30:00.000000032,100014,100,99969,100,100015,100,99958,100,100067,100,99957,100,100090,100,99956,100,100102,100,99937,100,100108,100,99898,100,100140,100,99869,100,100176,100,99845,100,100197,100,99842,100,,,,
2019-06-28 09:30:00.000000033,100014,100,99969,100,100015,100,99958,100,100067,100,99957,100,100090,100,99956,100,100102,100,99937,100,100108,100,99898,100,100134,100,99869,100,100140,100,99845,100,100176,100,99842,100,100197,100,,
2019-06-28 09:30:00.000000037,100014,100,99969,100,100015,100,99958,100,100067,100,99957,100,100090,200,99956,100,100102,100,99937,100,100108,100,99898,100,100134,100,99869,100,100140,100,99845,100,100176,100,99842,100,100197,100,,
2019-06-28 09:30:00.000000038,100014,100,99969,100,100015,100,99958,100,100067,100,99957,100,100077,100,99956,100,100090,200,99937,100,100102,100,99898,100,100108,100,99891,100,100134,100,99869,100,100140,100,99845,100,100176,100,99842,100
2019-06-28 09:30:00.000000040,99989,100,99969,100,100014,100,99958,100,100015,100,99957,100,100067,100,99956,100,100077,100,99937,100,100090,200,99898,100,100102,100,99891,100,100108,100,99869,100,100134,100,99845,100,100140,100,99842,100
2019-06-28 09:30:00.000000041,99989,100,99969,100,100014,100,99958,100,100015,100,99957,100,100067,100,99956,100,100077,100,99937,100,100090,200,99898,100,100102,100,99891,100,100108,100,99885,100,100134,100,99869,100,100140,100,99845,100
2019-06-28 09:30:00.000000045,99989,100,99969,100,100014,100,99958,100,100015,100,99957,100,100067,100,99956,100,100077,100,99937,100,100090,200,99898,100,100102,100,99897,100,100108,100,99891,100,100134,100,99885,100,100140,100,99869,100
2019-06-28 09:30:00.000000046,99989,100,99969,100,100014,100,99958,100,100015,100,99957,100,100067,100,99956,100,100077,100,99954,100,100081,100,99937,100,100090,200,99898,100,100102,100,99897,100,100108,100,99891,100,100134,100,99885,100
2019-06-28 09:30:00.000000048,99989,100,99958,100,100014,100,99957,100,100015,100,99956,100,100067,100,99954,100,100077,100,99937,100,100081,100,99898,100,100090,200,99897,100,100102,100,99891,100,100108,100,99885,100,100134,100,99869,100
2019-06-28 09:30:00.000000049,99989,100,99958,100,100014,100,99957,100,100015,100,99956,100,100067,100,99954,100,100077,100,99937,100,100081,100,99901,100,100090,200,99898,100,100102,100,99897,100,100108,100,99891,100,100134,100,99885,100
2019-06-28 09:30:00.000000051,99989,100,99958,100,100014,100,99957,100,100015,100,99956,100,100067,100,99954,100,100077,100,99937,100,100081,100,99901,100,100090,200,99898,100,100102,100,99897,100,100108,100,99891,100,100134,100,99885,100
2019-06-28 09:30:00.000000052,99989,100,99958,100,100014,100,99957,100,100015,100,99956,100,100067,100,99954,100,100077,100,99937,100,100081,100,99901,100,100090,200,99898,100,100102,100,99897,100,100108,100,99891,100,100134,100,99885,100
2019-06-28 09:30:00.000000053,99988,100,99958,100,99989,100,99957,100,100014,100,99956,100,100015,100,99954,100,100067,100,99937,100,100077,100,99901,100,100081,100,99898,100,100090,200,99897,100,100102,100,99891,100,100108,100,99885,100
2019-06-28 09:30:00.000000057,99988,100,99958,100,99989,100,99957,100,100014,100,99956,100,100015,100,99954,100,100067,100,99937,100,100077,100,99901,100,100081,100,99898,100,100090,200,99897,100,100102,100,99891,100,100108,100,99885,200
2019-06-28 09:30:00.000000059,99988,100,99958,100,99989,100,99957,100,100014,100,99956,100,100015,100,99954,100,100067,100,99937,100,100077,100,99901,100,100081,100,99898,100,100090,200,99897,100,100102,100,99891,100,100108,100,99885,200
2019-06-28 09:30:00.000000061,99988,100,99958,100,99989,100,99957,100,100014,100,99956,100,100015,100,99954,100,100067,100,99937,100,100077,100,99901,100,100081,100,99898,100,100090,200,99897,100,100102,100,99891,100,100108,100,99885,200
2019-06-28 09:30:00.000000062,99988,100,99958,100,99989,100,99957,100,100014,100,99956,100,100015,100,99954,100,100067,100,99937,100,100077,100,99936,100,100081,100,99901,100,100090,200,99898,100,100102,100,99897,100,100108,100,99891,100
2019-06-28 09:30:00.000000063,99988,100,99958,100,99989,100,99957,100,100014,100,99956,100,100015,100,99954,100,100067,100,99937,100,100077,100,99936,100,100081,100,99901,100,100090,200,99898,100,100102,100,99897,100,100108,100,99891,100
2019-06-28 09:30:00.000000064,99988,100,99958,100,99989,100,99957,100,100014,100,99956,100,100015,100,99954,100,100067,100,99937,100,100077,100,99936,100,100081,100,99901,100,100090,200,99898,100,100102,100,99897,100,100107,100,99891,100
2019-06-28 09:30:00.000000065,99988,100,99958,100,99989,100,99957,100,100014,100,99956,100,100015,100,99954,100,100067,100,99937,100,100077,100,99936,100,100081,100,99901,100,100090,200,99898,100,100102,100,99897,100,100107,100,99891,100
2019-06-28 09:30:00.000000066,99988,200,99958,100,99989,100,99957,100,100014,100,99956,100,100015,100,99954,100,100067,100,99937,100,100077,100,99936,100,100081,100,99901,100,100090,200,99898,100,100102,100,99897,100,100107,100,99891,100
2019-06-28 09:30:00.000000067,99988,200,99969,100,99989,100,99958,100,100014,100,99957,100,100015,100,99956,100,100067,100,99954,100,100077,100,99937,100,100081,100,99936,100,100090,200,99927,100,100102,100,99901,100,100107,100,99898,100
2019-06-28 09:30:00.000000071,99988,200,99969,100,99989,100,99958,100,100014,100,99957,100,100015,100,99956,100,100067,100,99954,100,100077,100,99938,100,100081,100,99937,100,100090,200,99936,100,100102,100,99927,100,100107,100,99901,100
2019-06-28 09:30:00.000000076,99988,200,99969,100,99989,100,99958,100,100014,100,99957,100,100015,100,99956,100,100067,100,99954,100,100077,100,99938,100,100081,100,99937,100,100090,200,99936,100,100102,100,99927,100,100107,100,99901,100
2019-06-28 09:30:00.000000079,99988,200,99969,100,99989,100,99958,100,100014,100,99957,100,100015,100,99956,100,100067,100,99954,100,100077,100,99938,100,100081,100,99937,100,100082,100,99936,100,100090,200,99927,100,100102,100,99901,100
2019-06-28 09:30:00.000000080,99988,200,99969,100,99989,100,99958,100,100014,100,99957,100,100015,100,99956,100,100067,100,99954,100,100077,100,99938,100,100081,100,99937,100,100082,100,99936,100,100090,200,99927,100,100102,100,99919,100
2019-06-28 09:30:00.000000081,99988,200,99969,100,99989,100,99958,100,100014,100,99957,100,100015,100,99956,100,100067,100,99954,100,100077,100,99945,100,100081,100,99938,100,100082,100,99937,100,100090,200,99936,100,100102,100,99927,100
2019-06-28 09:30:00.000000084,99988,200,99969,100,99989,100,99958,100,100014,100,99957,100,100015,100,99956,100,100067,100,99954,100,100077,100,99950,100,100081,100,99945,100,100082,100,99938,100,100090,200,99937,100,100102,100,99936,100
2019-06-28 09:30:00.000000088,99988,200,99969,100,99989,100,99958,100,100014,100,99957,100,100015,100,99956,100,100058,100,99954,100,100067,100,99950,100,100077,100,99945,100,100081,100,99938,100,100082,100,99937,100,100090,200,99936,100
2019-06-28 09:30:00.000000092,99988,300,99969,100,99989,100,99958,100,100014,100,99957,100,100015,100,99956,100,100058,100,99954,100,100067,100,99950,100,100077,100,99945,100,100081,100,99938,100,100082,100,99937,100,100090,200,99936,100
2019-06-28 09:30:00.000000096,99988,300,99969,100,99989,100,99958,100,100014,100,99957,100,100015,100,99956,100,100058,100,99954,100,100067,100,99950,100,100077,100,99945,100,100081,100,99938,100,100082,100,99937,100,100090,200,99936,100
2019-06-28 09:30:10.000000000,99988,518,99969,318,99989,318,99958,318,100014,100,99957,100,100015,100,99956,100,100058,100,99954,100,100067,100,99950,100,100077,100,99945,100,100081,100,99938,100,100082,100,99937,100,100090,200,99936,100
2019-06-28 09:30:15.741083413,99988,518,99969,318,99989,318,99958,318,100014,100,99957,100,100015,100,99956,100,100058,100,99954,100,100067,100,99950,100,100077,100,99945,100,100081,100,99937,100,100082,100,99936,100,100090,200,99927,100
2019-06-28 09:30:20.000000000,99988,737,99969,537,99989,100,99958,100,100014,100,99957,100,100015,100,99956,100,100058,100,99954,100,100067,100,99950,100,100077,100,99945,100,100081,100,99937,100,100082,100,99936,100,100090,200,99927,100
2019-06-28 09:30:29.462967418,99988,737,99969,437,99989,100,99958,100,100015,100,99957,100,100058,100,99956,100,100067,100,99954,100,100077,100,99950,100,100081,100,99945,100,100082,100,99937,100,100090,200,99936,100,100102,100,99927,100
2019-06-28 09:30:30.000000000,99988,409,99958,209,99989,209,99957,209,100015,209,99956,209,100058,209,99954,209,100067,100,99950,100,100077,100,99945,100,100081,100,99937,100,100082,100,99936,100,100090,200,99927,100,100102,100,99919,100
2019-06-28 09:30:39.811405662,99988,409,99958,209,99989,209,99957,209,100015,209,99956,209,100058,209,99954,209,100067,100,99950,100,100077,100,99945,100,100081,100,99937,100,100082,100,99936,100,100085,100,99927,100,100090,200,99919,100
2019-06-28 09:30:40.000000000,99988,449,99958,249,99989,244,99957,244,100015,244,99956,244,100058,100,99954,100,100067,100,99950,100,100077,100,99945,100,100081,100,99937,100,100082,100,99936,100,100085,100,99927,100,100090,200,99919,100
2019-06-28 09:30:40.192119180,99980,100,99958,249,99988,449,99957,244,99989,244,99956,244,100015,244,99954,100,100058,100,99950,100,100067,100,99945,100,100077,100,99937,100,100081,100,99936,100,100082,100,99927,100,100085,100,99919,100
2019-06-28 09:30:40.336894498,99980,100,99958,249,99988,449,99957,244,99989,244,99956,244,100015,244,99954,100,100058,100,99950,100,100067,100,99945,100,100077,100,99937,100,100081,100,99936,100,100082,100,99927,100,100085,100,99919,100
2019-06-28 09:30:44.108251268,99969,100,99958,249,99980,100,99957,244,99988,449,99956,244,99989,244,99954,100,100015,244,99950,100,100058,100,99945,100,100067,100,99937,100,100077,100,99936,100,100081,100,99927,100,100082,100,99919,100
2019-06-28 09:30:50.000000000,99969,537,99958,537,99980,100,99957,100,99988,300,99956,100,99989,100,99954,100,100015,100,99950,100,100058,100,99945,100,100067,100,99937,100,100077,100,99936,100,100081,100,99927,100,100082,100,99919,100
2019-06-28 09:30:53.190738345,99969,537,99958,537,99980,100,99957,100,99988,300,99956,100,99989,100,99954,100,100015,100,99950,100,100058,100,99945,100,100067,100,99937,100,100077,100,99936,100,100081,100,99927,100,100082,100,99919,100
2019-06-28 09:31:00.000000000,99969,537,99958,537,99980,100,99957,100,99988,300,99956,100,99989,100,99954,100,100015,100,99950,100,100058,100,99945,100,100067,100,99937,100,100077,100,99936,100,100081,100,99927,100,100082,100,99919,100
2019-06-28 09:31:10.000000000,99969,209,99958,209,99980,209,99957,209,99988,409,99956,209,99989,209,99954,209,100015,100,99950,100,100058,100,99945,100,100067,100,99937,100,100077,100,99936,100,100081,100,99927,100,100082,100,99919,100
2019-06-28 09:31:20.000000000,99969,187,99958,187,99980,187,99957,187,99988,387,99956,187,99989,187,99954,187,100015,187,99950,187,100058,100,99945,100,100067,100,99937,100,100077,100,99936,100,100081,100,99927,100,100082,100,99919,100
2019-06-28 09:31:30.000000000,99969,187,99958,187,99980,187,99957,187,99988,387,99956,187,99989,187,99954,187,100015,187,99950,187,100058,100,99945,100,100067,100,99937,100,100077,100,99936,100,100081,100,99927,100,100082,100,99919,100
2019-06-28 09:31:40.000000000,99969,187,99958,187,99980,187,99957,187,99988,387,99956,187,99989,187,99954,187,100015,187,99950,187,100058,100,99945,100,100067,100,99937,100,100077,100,99936,100,100081,100,99927,100,100082,100,99919,100
2019-06-28 09:31:42.290458733,99969,287,99958,187,99980,187,99957,187,99988,387,99956,187,99989,187,99954,187,100015,187,99950,187,100058,100,99945,100,100067,100,99937,100,100077,100,99936,100,100081,100,99927,100,100082,100,99919,100
2019-06-28 09:31:45.424675871,99969,287,99958,187,99980,187,99957,187,99988,387,99956,187,99989,187,99954,187,100015,187,99950,187,100058,100,99945,100,100067,100,99937,100,100077,100,99936,100,100081,100,99927,100,100082,100,99919,100
2019-06-28 09:31:50.000000000,99969,309,99958,209,99980,209,99957,209,99988,409,99956,209,99989,209,99954,209,100015,100,99950,100,100058,100,99945,100,100067,100,99937,100,100077,100,99936,100,100081,100,99927,100,100082,100,99919,100
2019-06-28 09:31:50.344190426,99969,309,99958,109,99980,209,99957,209,99988,409,99956,209,99989,209,99954,209,100015,100,99950,100,100058,100,99945,100,100067,100,99937,100,100081,100,99936,100,100082,100,99927,100,100085,100,99919,100
2019-06-28 09:31:56.824241391,99969,309,99958,109,99980,209,99957,109,99988,409,99956,209,99989,209,99954,209,100015,100,99950,100,100058,100,99945,100,100067,100,99937,100,100081,100,99936,100,100082,100,99927,100,100085,100,99919,100
2019-06-28 09:31:59.284081300,99969,309,99958,9,99980,209,99957,109,99988,409,99956,209,99989,209,99954,209,100015,100,99950,100,100058,100,99945,100,100067,100,99937,100,100081,100,99936,100,100082,100,99927,100,100085,100,99919,100
2019-06-28 09:32:00.000000000,99969,287,99956,187,99980,187,99954,187,99988,387,99950,187,99989,187,99945,187,100015,187,99937,187,100058,100,99936,100,100067,100,99927,100,100081,100,99919,100,100082,100,99901,100,100085,100,99900,100
2019-06-28 09:32:10.000000000,99969,309,99956,209,99980,209,99954,209,99988,409,99950,209,99989,209,99945,209,100015,100,99937,100,100058,100,99936,100,100067,100,99927,100,100081,100,99919,100,100082,100,99901,100,100085,100,99900,100
2019-06-28 09:32:17.349936823,99969,309,99956,209,99980,209,99954,209,99988,409,99950,209,99989,109,99945,209,100015,100,99937,100,100058,100,99936,100,100067,100,99927,100,100081,100,99919,100,100082,100,99901,100,100085,100,99900,100
2019-06-28 09:32:20.000000000,99969,637,99956,537,99980,100,99954,100,99988,300,99950,100,100015,100,99945,100,100058,100,99937,100,100067,100,99936,100,100081,100,99927,100,100082,100,99919,100,100085,100,99901,100,100090,200,99900,100
2019-06-28 09:32:30.000000000,99969,637,99956,537,99980,100,99954,100,99988,300,99950,100,100015,100,99945,100,100058,100,99937,100,100067,100,99936,100,100081,100,99927,100,100082,100,99919,100,100085,100,99901,100,100090,200,99900,100
2019-06-28 09:32:40.000000000,99969,637,99956,537,99980,100,99954,100,99988,300,99950,100,100015,100,99945,100,100058,100,99937,100,100067,100,99936,100,100081,100,99927,100,100082,100,99919,100,100085,100,99901,100,100090,200,99900,100
2019-06-28 09:32:50.000000000,99969,287,99956,187,99980,187,99954,187,99988,387,99950,187,100015,187,99945,187,100058,187,99937,187,100067,100,99936,100,100081,100,99927,100,100082,100,99919,100,100085,100,99901,100,100090,200,99900,100
2019-06-28 09:32:58.695109090,99969,287,99956,87,99980,187,99954,187,99988,387,99950,87,100015,187,99945,187,100058,187,99937,187,100067,100,99936,100,100081,100,99927,100,100082,100,99919,100,100085,100,99901,100,100090,200,99900,100
2019-06-28 09:33:00.000000000,99969,349,99954,249,99980,244,99945,244,99988,444,99937,244,100015,100,99936,100,100058,100,99927,100,100067,100,99919,100,100081,100,99901,100,100082,100,99900,100,100085,100,99898,100,100090,200,99891,100
2019-06-28 09:33:10.000000000,99969,349,99954,249,99980,244,99945,244,99988,444,99937,244,100015,100,99936,100,100058,100,99927,100,100067,100,99919,100,100081,100,99901,100,100082,100,99900,100,100085,100,99898,100,100090,200,99891,100
2019-06-28 09:33:19.197742277,99969,349,99954,249,99980,244,99945,244,99988,444,99937,244,100015,100,99936,100,100058,100,99927,100,100067,100,99919,100,100081,100,99901,100,100082,100,99900,100,100085,100,99898,100,100090,200,99891,100
2019-06-28 09:33:20.000000000,99969,637,99954,537,99980,100,99945,100,99988,300,99937,100,100015,100,99936,100,100058,100,99927,100,100067,100,99919,100,100081,100,99901,100,100082,100,99900,100,100085,100,99898,100,100090,200,99891,100
2019-06-28 09:33:30.000000000,99969,349,99954,249,99980,244,99945,244,99988,444,99937,244,100015,100,99936,100,100058,100,99927,100,100067,100,99919,100,100081,100,99901,100,100082,100,99900,100,100085,100,99898,100,100090,200,99891,100
2019-06-28 09:33:33.638206323,99958,100,99954,249,99969,349,99945,244,99980,244,99937,244,99988,344,99936,100,100015,100,99927,100,100058,100,99919,100,100067,100,99901,100,100081,100,99900,100,100082,100,99898,100,100085,100,99891,100
2019-06-28 09:33:34.452588780,99958,100,99954,149,99969,349,99945,244,99980,244,99937,244,99988,344,99936,100,100015,100,99927,100,100058,100,99919,100,100067,100,99901,100,100081,100,99900,100,100082,100,99898,100,100085,100,99891,100
2019-06-28 09:33:40.000000000,99958,249,99945,249,99969,344,99937,244,99980,244,99936,244,99988,200,99927,100,100015,100,99919,100,100058,100,99901,100,100067,100,99900,100,100081,100,99898,100,100082,100,99891,100,100085,100,99885,200
2019-06-28 09:33:43.094281148,99958,249,99945,149,99969,344,99937,244,99980,244,99936,244,99988,200,99927,100,100015,100,99919,100,100058,100,99901,100,100067,100,99900,100,100081,100,99898,100,100082,100,99891,100,100085,100,99885,200
2019-06-28 09:33:50.000000000,99958,209,99937,209,99969,309,99936,209,99980,209,99927,209,99988,309,99919,209,100015,100,99901,100,100058,100,99900,100,100067,100,99898,100,100081,100,99891,100,100082,100,99885,200,100085,100,99883,100
2019-06-28 09:34:00.000000000,99958,537,99937,537,99969,200,99936,100,99980,100,99927,100,99988,200,99919,100,100015,100,99901,100,100058,100,99900,100,100067,100,99898,100,100081,100,99891,100,100082,100,99885,200,100085,100,99883,100
2019-06-28 09:34:10.000000000,99958,187,99937,187,99969,287,99936,187,99980,187,99927,187,99988,287,99919,187,100015,187,99901,187,100058,100,99900,100,100067,100,99898,100,100081,100,99891,100,100082,100,99885,200,100085,100,99883,100
2019-06-28 09:34:13.636880130,99958,187,99937,87,99969,287,99936,187,99980,187,99927,187,99988,287,99919,187,100015,187,99901,187,100058,100,99900,100,100067,100,99898,100,100081,100,99891,100,100082,100,99885,200,100085,100,99883,100
2019-06-28 09:34:20.000000000,99958,318,99936,318,99969,418,99927,318,99980,100,99919,100,99988,200,99901,100,100015,100,99900,100,100058,100,99898,100,100067,100,99891,100,100081,100,99885,200,100082,100,99883,100,100085,100,99880,100
2019-06-28 09:34:21.355166444,99958,318,99936,318,99969,418,99927,318,99980,100,99919,100,99988,200,99901,100,100015,100,99900,100,100058,100,99898,100,100067,100,99891,100,100081,100,99885,200,100082,100,99883,100,100085,100,99880,100
2019-06-28 09:34:30.000000000,99958,318,99936,318,99969,418,99927,318,99980,100,99919,100,99988,200,99901,100,100015,100,99900,100,100058,100,99898,100,100067,100,99891,100,100081,100,99885,200,100082,100,99883,100,100085,100,99880,100
2019-06-28 09:34:40.000000000,99958,209,99936,209,99969,309,99927,209,99980,209,99919,209,99988,309,99901,209,100015,100,99900,100,100058,100,99898,100,100067,100,99891,100,100081,100,99885,200,100082,100,99883,100,100085,100,99880,100
2019-06-28 09:34:43.407325594,99958,209,99936,209,99969,309,99927,209,99980,209,99919,209,99988,309,99901,209,100015,100,99900,100,100058,100,99898,100,100067,100,99891,100,100081,100,99885,200,100082,100,99883,100,100090,200,99880,100
2019-06-28 09:34:50.000000000,99958,187,99936,187,99969,287,99927,187,99980,187,99919,187,99988,287,99901,187,100015,187,99900,187,100058,100,99898,100,100067,100,99891,100,100081,100,99885,200,100082,100,99883,100,100090,200,99880,100
2019-06-28 09:34:59.807085196,99945,100,99936,187,99958,187,99927,187,99969,287,99919,187,99980,187,99901,187,99988,287,99900,187,100015,187,99898,100,100058,100,99891,100,100067,100,99885,200,100081,100,99883,100,100082,100,99880,100
2019-06-28 09:35:00.000000000,99945,318,99936,318,99958,318,99927,318,99969,200,99919,100,99980,100,99901,100,99988,200,99900,100,100015,100,99898,100,100058,100,99891,100,100067,100,99885,200,100081,100,99883,100,100082,100,99880,100
2019-06-28 09:35:01.343785285,99945,318,99936,318,99958,318,99927,318,99969,200,99919,100,99980,100,99901,100,99988,200,99900,100,100015,100,99898,100,100058,100,99891,100,100067,100,99885,200,100081,100,99883,100,100082,100,99880,100
2019-06-28 09:35:10.000000000,99945,209,99936,209,99958,209,99927,209,99969,309,99919,209,99980,209,99901,209,99988,200,99900,100,100015,100,99898,100,100058,100,99891,100,100067,100,99885,200,100081,100,99883,100,100082,100,99880,100
2019-06-28 09:35:20.000000000,99945,187,99936,187,99958,187,99927,187,99969,287,99919,187,99980,187,99901,187,99988,287,99900,187,100015,100,99898,100,100058,100,99891,100,100067,100,99885,200,100081,100,99883,100,100082,100,99880,100
2019-06-28 09:35:21.042745932,99945,187,99936,87,99958,187,99927,187,99969,287,99919,187,99980,187,99901,187,99988,287,99900,187,100015,100,99898,100,100058,100,99891,100,100067,100,99885,100,100081,100,99883,100,100082,100,99880,100
2019-06-28 09:35:30.000000000,99945,537,99927,537,99958,100,99919,100,99969,200,99901,100,99980,100,99900,100,99988,200,99898,100,100015,100,99891,100,100058,100,99885,100,100067,100,99883,100,100081,100,99880,100,100082,100,99878,100
2019-06-28 09:35:40.000000000,99945,537,99927,537,99958,100,99919,100,99969,200,99901,100,99980,100,99900,100,99988,200,99898,100,100015,100,99891,100,100058,100,99885,100,100067,100,99883,100,100081,100,99880,100,100082,100,99878,100
2019-06-28 09:35:40.050021251,99945,537,99927,537,99958,100,99919,100,99969,200,99901,100,99980,100,99900,100,99988,200,99898,100,100015,100,99891,100,100058,100,99885,100,100067,100,99883,100,100081,100,99880,100,100082,100,99878,100
2019-06-28 09:35:50.000000000,99945,187,99927,187,99958,187,99919,187,99969,287,99901,187,99980,187,99900,187,99988,287,99898,187,100015,100,99891,100,100058,100,99885,100,100067,100,99883,100,100081,100,99880,100,100082,100,99878,100
2019-06-28 09:36:00.000000000,99945,187,99927,187,99958,187,99919,187,99969,287,99901,187,99980,187,99900,187,99988,287,99898,187,100015,100,99891,100,100058,100,99885,100,100067,100,99883,100,100081,100,99880,100,100082,100,99878,100
2019-06-28 09:36:05.105817701,99945,187,99927,87,99958,187,99919,187,99969,287,99901,187,99980,187,99900,187,99988,287,99898,187,100015,100,99891,100,100058,100,99885,100,100067,100,99883,100,100081,100,99880,100,100082,100,99878,100
2019-06-28 09:36:10.000000000,99945,187,99919,187,99958,187,99901,187,99969,287,99900,187,99980,187,99898,187,99988,287,99891,187,100015,100,99885,100,100058,100,99883,100,100067,100,99880,100,100081,100,99878,100,100082,100,99869,100
2019-06-28 09:36:20.000000000,99945,209,99919,209,99958,209,99901,209,99969,309,99900,209,99980,209,99898,209,99988,200,99891,100,100015,100,99885,100,100058,100,99883,100,100067,100,99880,100,100081,100,99878,100,100082,100,99869,100
2019-06-28 09:36:26.077153900,99945,209,99919,109,99958,209,99901,209,99969,309,99900,209,99980,209,99898,209,99988,200,99891,100,100015,100,99885,100,100058,100,99883,100,100067,100,99880,100,100081,100,99878,100,100082,100,99869,100
2019-06-28 09:36:30.000000000,99945,249,99901,249,99958,244,99900,244,99969,344,99898,244,99980,100,99891,100,99988,200,99885,100,100015,100,99883,100,100058,100,99880,100,100067,100,99878,100,100081,100,99869,100,100082,100,99844,100
2019-06-28 09:36:40.000000000,99945,209,99901,209,99958,209,99900,209,99969,309,99898,209,99980,209,99891,209,99988,200,99885,100,100015,100,99883,100,100058,100,99880,100,100067,100,99878,100,100081,100,99869,100,100082,100,99844,100
2019-06-28 09:36:45.997180949,99945,209,99901,209,99958,209,99900,209,99969,309,99898,209,99980,209,99891,209,99988,200,99885,100,100015,100,99883,100,100058,100,99878,100,100067,100,99869,100,100081,100,99844,100,100082,100,99566,100
2019-06-28 09:36:50.000000000,99945,209,99901,209,99958,209,99900,209,99969,309,99898,209,99980,209,99891,209,99988,200,99885,100,100015,100,99883,100,100058,100,99878,100,100067,100,99869,100,100081,100,99844,100,100082,100,99566,100
2019-06-28 09:36:50.832183919,99945,209,99901,109,99958,209,99900,209,99969,309,99898,209,99980,209,99891,209,99988,200,99885,100,100015,100,99883,100,100058,100,99869,100,100067,100,99844,100,100081,100,99566,100,100082,100,99465,100
2019-06-28 09:37:00.000000000,99945,318,99900,318,99958,318,99898,318,99969,200,99891,100,99980,100,99885,100,99988,200,99883,100,100015,100,99869,100,100058,100,99844,100,100067,100,99566,100,100081,100,99465,100,100082,100,99442,100
2019-06-28 09:37:10.000000000,99945,249,99900,249,99958,244,99898,244,99969,344,99891,244,99980,100,99885,100,99988,200,99883,100,100015,100,99869,100,100058,100,99844,100,100067,100,99566,100,100081,100,99465,100,100082,100,99442,100
2019-06-28 09:37:20.000000000,99945,187,99900,187,99958,187,99898,187,99969,287,99891,187,99980,187,99885,187,99988,287,99883,187,100015,100,99869,100,100058,100,99844,100,100067,100,99566,100,100081,100,99465,100,100082,100,99442,100
2019-06-28 09:37:30.000000000,99945,187,99900,187,99958,187,99898,187,99969,287,99891,187,99980,187,99885,187,99988,287,99883,187,100015,100,99869,100,100058,100,99844,100,100067,100,99566,100,100081,100,99465,100,100082,100,99442,100
2019-06-28 09:37:40.000000000,99945,209,99900,209,99958,209,99898,209,99969,309,99891,209,99980,209,99885,209,99988,200,99883,100,100015,100,99869,100,100058,100,99844,100,100067,100,99566,100,100081,100,99465,100,100082,100,99442,100
2019-06-28 09:37:45.279770586,99945,209,99900,209,99958,209,99898,209,99969,309,99891,209,99980,209,99885,209,99988,200,99883,100,100015,100,99869,100,100058,100,99844,100,100067,100,99566,100,100081,100,99465,100,100082,100,99442,100
2019-06-28 09:37:47.276973839,99945,209,99900,109,99958,209,99898,209,99969,309,99891,209,99980,209,99885,209,99988,200,99883,100,100015,100,99869,100,100058,100,99844,100,100067,100,99566,100,100081,100,99465,100,100082,100,99442,100
2019-06-28 09:37:50.000000000,99945,318,99898,318,99958,318,99891,318,99969,200,99885,100,99980,100,99883,100,99988,200,99869,100,100015,100,99844,100,100058,100,99566,100,100067,100,99465,100,100081,100,99442,100,100082,100,99376,100
2019-06-28 09:37:52.765918106,99901,100,99898,318,99945,318,99891,318,99958,318,99885,100,99969,200,99883,100,99980,100,99869,100,99988,200,99844,100,100015,100,99566,100,100058,100,99465,100,100067,100,99442,100,100081,100,99376,100
2019-06-28 09:38:00.000000000,99901,537,99898,537,99945,100,99891,100,99958,100,99885,100,99969,200,99883,100,99980,100,99869,100,99988,200,99844,100,100015,100,99566,100,100058,100,99465,100,100067,100,99442,100,100081,100,99376,100
2019-06-28 09:38:00.799764878,99901,537,99898,437,99945,100,99891,100,99958,100,99885,100,99969,200,99883,100,99980,100,99869,100,99988,200,99844,100,100015,100,99566,100,100058,100,99465,100,100067,100,99442,100,100081,100,99376,100
2019-06-28 09:38:06.439725664,99901,537,99898,437,99945,100,99891,100,99958,100,99885,100,99969,200,99883,100,99980,100,99869,100,99988,200,99844,100,100015,100,99585,100,100058,100,99566,100,100067,100,99465,100,100081,100,99442,100
2019-06-28 09:38:10.000000000,99901,187,99891,187,99945,187,99885,187,99958,187,99883,187,99969,287,99869,187,99980,187,99844,187,99988,200,99585,100,100015,100,99566,100,100058,100,99465,100,100067,100,99442,100,100081,100,99376,100
2019-06-28 09:38:20.000000000,99901,187,99891,187,99945,187,99885,187,99958,187,99883,187,99969,287,99869,187,99980,187,99844,187,99988,200,99585,100,100015,100,99566,100,100058,100,99465,100,100067,100,99442,100,100081,100,99376,100
2019-06-28 09:38:26.291085306,99900,100,99891,187,99901,187,99885,187,99945,187,99883,187,99958,187,99869,187,99969,287,99844,187,99980,187,99585,100,99988,200,99566,100,100015,100,99465,100,100058,100,99442,100,100081,100,99376,100
2019-06-28 09:38:30.000000000,99900,318,99891,318,99901,318,99885,318,99945,100,99883,100,99958,100,99869,100,99969,200,99844,100,99980,100,99585,100,99988,200,99566,100,100015,100,99465,100,100058,100,99442,100,100081,100,99376,100
2019-06-28 09:38:40.000000000,99900,537,99891,537,99901,100,99885,100,99945,100,99883,100,99958,100,99869,100,99969,200,99844,100,99980,100,99585,100,99988,200,99566,100,100015,100,99465,100,100058,100,99442,100,100081,100,99376,100
2019-06-28 09:38:47.154401206,99900,637,99891,537,99901,100,99885,100,99945,100,99883,100,99958,100,99869,100,99969,200,99844,100,99980,100,99585,100,99988,200,99566,100,100015,100,99465,100,100058,100,99442,100,100081,100,99376,100
2019-06-28 09:38:50.000000000,99900,418,99891,318,99901,318,99885,318,99945,100,99883,100,99958,100,99869,100,99969,200,99844,100,99980,100,99585,100,99988,200,99566,100,100015,100,99465,100,100058,100,99442,100,100081,100,99376,100
2019-06-28 09:38:57.358723575,99900,418,99891,218,99901,318,99885,318,99945,100,99883,100,99958,100,99869,100,99969,200,99844,100,99980,100,99585,100,99988,200,99566,100,100015,100,99465,100,100058,100,99442,100,100081,100,99376,100
2019-06-28 09:39:00.000000000,99900,418,99885,318,99901,318,99883,318,99945,100,99869,100,99958,100,99844,100,99969,200,99585,100,99980,100,99566,100,99988,200,99465,100,100015,100,99442,100,100058,100,99376,100,100081,100,99354,100
2019-06-28 09:39:10.000000000,99900,349,99885,249,99901,244,99883,244,99945,244,99869,244,99958,100,99844,100,99969,200,99585,100,99980,100,99566,100,99988,200,99465,100,100015,100,99442,100,100058,100,99376,100,100081,100,99354,100
2019-06-28 09:39:12.251936592,99900,349,99885,149,99901,244,99883,244,99945,244,99869,244,99958,100,99844,100,99969,200,99585,100,99980,100,99566,100,99988,200,99465,100,100015,100,99442,100,100058,100,99376,100,100081,100,99354,100
2019-06-28 09:39:15.095585548,99900,349,99885,149,99901,244,99883,244,99945,244,99869,244,99958,100,99844,100,99969,200,99566,100,99980,100,99465,100,99988,200,99442,100,100015,100,99428,100,100058,100,99376,100,100081,100,99354,100
2019-06-28 09:39:18.612691012,99900,349,99885,49,99901,244,99883,244,99945,244,99869,244,99958,100,99844,100,99969,200,99566,100,99980,100,99465,100,99988,200,99442,100,100015,100,99428,100,100058,100,99376,100,100081,100,99354,100
2019-06-28 09:39:20.000000000,99900,637,99883,537,99901,100,99869,100,99945,100,99844,100,99958,100,99566,100,99969,200,99465,100,99980,100,99442,100,99988,200,99428,100,100015,100,99376,100,100058,100,99354,100,100081,100,,
2019-06-28 09:39:30.000000000,99900,637,99883,537,99901,100,99869,100,99945,100,99844,100,99958,100,99566,100,99969,200,99465,100,99980,100,99442,100,99988,200,99428,100,100015,100,99376,100,100058,100,99354,100,100081,100,,
2019-06-28 09:39:40.000000000,99900,349,99883,249,99901,244,99869,244,99945,244,99844,244,99958,100,99566,100,99969,200,99465,100,99980,100,99442,100,99988,200,99428,100,100015,100,99376,100,100058,100,99354,100,100081,100,,
2019-06-28 09:39:47.297592129,99885,100,99883,249,99900,349,99869,244,99901,244,99844,244,99945,244,99566,100,99958,100,99465,100,99969,200,99442,100,99980,100,99428,100,99988,200,99376,100,100015,100,99354,100,100058,100,,
2019-06-28 09:39:50.000000000,99885,537,99883,537,99900,200,99869,100,99901,100,99844,100,99945,100,99566,100,99958,100,99465,100,99969,200,99442,100,99980,100,99428,100,99988,200,99376,100,100015,100,99354,100,100058,100,,
2019-06-28 09:40:00.000000000,99885,249,99883,249,99900,344,99869,244,99901,244,99844,244,99945,100,99566,100,99958,100,99465,100,99969,200,99442,100,99980,100,99428,100,99988,200,99376,100,100015,100,99354,100,100058,100,,
2019-06-28 09:40:10.000000000,99885,318,99883,318,99900,418,99869,318,99901,100,99844,100,99945,100,99566,100,99958,100,99465,100,99969,200,99442,100,99980,100,99428,100,99988,200,99376,100,100015,100,99354,100,100058,100,,
2019-06-28 09:40:20.000000000,99885,537,99883,537,99900,200,99869,100,99901,100,99844,100,99945,100,99566,100,99958,100,99465,100,99969,200,99442,100,99980,100,99428,100,99988,200,99376,100,100015,100,99354,100,100058,100,,
2019-06-28 09:40:30.000000000,99885,187,99883,187,99900,287,99869,187,99901,187,99844,187,99945,187,99566,187,99958,187,99465,187,99969,200,99442,100,99980,100,99428,100,99988,200,99376,100,100015,100,99354,100,100058,100,,
2019-06-28 09:40:40.000000000,99885,187,99883,187,99900,287,99869,187,99901,187,99844,187,99945,187,99566,187,99958,187,99465,187,99969,200,99442,100,99980,100,99428,100,99988,200,99376,100,100015,100,99354,100,100058,100,,
2019-06-28 09:40:50.000000000,99885,209,99883,209,99900,309,99869,209,99901,209,99844,209,99945,209,99566,209,99958,100,99465,100,99969,200,99442,100,99980,100,99428,100,99988,200,99376,100,100015,100,99354,100,100058,100,,
2019-06-28 09:41:00.000000000,99885,187,99883,187,99900,287,99869,187,99901,187,99844,187,99945,187,99566,187,99958,187,99465,187,99969,200,99442,100,99980,100,99428,100,99988,200,99376,100,100015,100,99354,100,100058,100,,
2019-06-28 09:41:10.000000000,99885,318,99883,318,99900,418,99869,318,99901,100,99844,100,99945,100,99566,100,99958,100,99465,100,99969,200,99442,100,99980,100,99428,100,99988,200,99376,100,100015,100,99354,100,100058,100,,
2019-06-28 09:41:11.468117685,99885,318,99883,318,99900,418,99869,318,99901,100,99844,100,99945,100,99566,100,99958,100,99465,100,99969,200,99442,100,99980,100,99428,100,99988,200,99376,100,100015,100,99354,100,100058,100,98309,100
2019-06-28 09:41:20.000000000,99885,187,99883,187,99900,287,99869,187,99901,187,99844,187,99945,187,99566,187,99958,187,99465,187,99969,200,99442,100,99980,100,99428,100,99988,200,99376,100,100015,100,99354,100,100058,100,98309,100
2019-06-28 09:41:22.565053458,99885,187,99883,187,99900,287,99869,187,99901,187,99844,187,99945,187,99566,187,99958,187,99465,187,99969,200,99442,100,99980,100,99428,100,99988,200,99376,100,100015,100,99354,100,100058,100,98517,100
2019-06-28 09:41:30.000000000,99885,187,99883,187,99900,287,99869,187,99901,187,99844,187,99945,187,99566,187,99958,187,99465,187,99969,200,99442,100,99980,100,99428,100,99988,200,99376,100,100015,100,99354,100,100058,100,98517,100
2019-06-28 09:41:40.000000000,99885,209,99883,209,99900,309,99869,209,99901,209,99844,209,99945,209,99566,209,99958,100,99465,100,99969,200,99442,100,99980,100,99428,100,99988,200,99376,100,100015,100,99354,100,100058,100,98517,100
2019-06-28 09:41:50.000000000,99885,249,99883,249,99900,344,99869,244,99901,244,99844,244,99945,100,99566,100,99958,100,99465,100,99969,200,99442,100,99980,100,99428,100,99988,200,99376,100,100015,100,99354,100,100058,100,98517,100
2019-06-28 09:41:56.479838290,99885,249,99883,249,99900,344,99869,244,99901,244,99844,244,99945,100,99566,100,99958,100,99465,100,99969,200,99442,100,99980,100,99428,100,99988,200,99376,100,100015,100,99354,100,100058,100,98985,100
2019-06-28 09:42:00.000000000,99885,537,99883,537,99900,200,99869,100,99901,100,99844,100,99945,100,99566,100,99958,100,99465,100,99969,200,99442,100,99980,100,99428,100,99988,200,99376,100,100015,100,99354,100,100058,100,98985,100
2019-06-28 09:42:10.000000000,99885,249,99883,249,99900,344,99869,244,99901,244,99844,244,99945,100,99566,100,99958,100,99465,100,99969,200,99442,100,99980,100,99428,100,99988,200,99376,100,100015,100,99354,100,100058,100,98985,100
2019-06-28 09:42:20.000000000,99885,537,99883,537,99900,200,99869,100,99901,100,99844,100,99945,100,99566,100,99958,100,99465,100,99969,200,99442,100,99980,100,99428,100,99988,200,99376,100,100015,100,99354,100,100058,100,98985,100
2019-06-28 09:42:30.000000000,99885,209,99883,209,99900,309,99869,209,99901,209,99844,209,99945,209,99566,209,99958,100,99465,100,99969,200,99442,100,99980,100,99428,100,99988,200,99376,100,100015,100,99354,100,100058,100,98985,100
2019-06-28 09:42:40.000000000,99885,209,99883,209,99900,309,99869,209,99901,209,99844,209,99945,209,99566,209,99958,100,99465,100,99969,200,99442,100,99980,100,99428,100,99988,200,99376,100,100015,100,99354,100,100058,100,98985,100
2019-06-28 09:42:41.573868039,99885,209,99883,109,99900,309,99869,209,99901,209,99844,209,99945,209,99566,209,99958,100,99465,100,99969,200,99442,100,99980,100,99428,100,99988,200,99376,100,100015,100,98985,100,100058,100,98517,100
2019-06-28 09:42:43.720051809,99885,209,99883,109,99900,309,99869,209,99901,209,99844,209,99945,209,99566,209,99958,100,99465,100,99969,200,99442,100,99980,100,99428,100,99988,200,99376,100,100015,100,98985,100,100058,100,98758,100
2019-06-28 09:42:50.000000000,99885,249,99869,249,99900,344,99844,244,99901,244,99566,244,99945,100,99465,100,99958,100,99442,100,99969,200,99428,100,99980,100,99376,100,99988,200,98985,100,100015,100,98758,100,100058,100,98517,100
2019-06-28 09:43:00.000000000,99885,209,99869,209,99900,309,99844,209,99901,209,99566,209,99945,209,99465,209,99958,100,99442,100,99969,200,99428,100,99980,100,99376,100,99988,200,98985,100,100015,100,98758,100,100058,100,98517,100
2019-06-28 09:43:03.546302031,99885,209,99869,209,99900,309,99844,209,99901,209,99566,209,99945,209,99465,209,99958,100,99442,100,99969,200,99428,100,99980,100,99376,100,99988,200,98985,100,100015,100,98758,100,100058,100,98641,100
2019-06-28 09:43:03.659427993,99885,209,99869,109,99900,309,99844,209,99901,209,99566,209,99945,209,99465,209,99958,100,99442,100,99969,200,99428,100,99980,100,99376,100,99988,200,98985,100,100015,100,98758,100,100058,100,98641,100
2019-06-28 09:43:09.277700100,99883,100,99869,109,99885,209,99844,209,99900,309,99566,209,99901,209,99465,209,99945,209,99442,100,99969,200,99428,100,99980,100,99376,100,99988,200,98985,100,100015,100,98758,100,100058,100,98641,100
2019-06-28 09:43:10.000000000,99883,318,99844,318,99885,318,99566,318,99900,200,99465,100,99901,100,99442,100,99945,100,99428,100,99969,200,99376,100,99980,100,98985,100,99988,200,98758,100,100015,100,98641,100,100058,100,98517,100
2019-06-28 09:43:11.596082481,99883,318,99844,318,99885,318,99566,318,99900,200,99465,100,99901,100,99442,100,99945,100,99428,100,99969,200,99376,100,99980,100,98985,100,99988,200,98758,100,100015,100,98641,100,100058,100,98517,100
2019-06-28 09:43:13.915087926,99883,318,99844,218,99885,318,99566,318,99900,200,99465,100,99901,100,99442,100,99945,100,99428,100,99969,200,99376,100,99980,100,98985,100,99988,200,98758,100,100015,100,98641,100,100058,100,98517,100
2019-06-28 09:43:18.481015673,99883,318,99844,118,99885,318,99566,318,99900,200,99465,100,99901,100,99442,100,99945,100,99428,100,99969,200,99376,100,99980,100,98985,100,99988,200,98758,100,100015,100,98641,100,100058,100,98517,100
2019-06-28 09:43:20.000000000,99883,537,99566,537,99885,100,99465,100,99900,200,99442,100,99901,100,99428,100,99945,100,99376,100,99969,200,98985,100,99980,100,98758,100,99988,200,98641,100,100015,100,98517,100,100058,100,98419,100
2019-06-28 09:43:30.000000000,99883,318,99566,318,99885,318,99465,318,99900,200,99442,100,99901,100,99428,100,99945,100,99376,100,99969,200,98985,100,99980,100,98758,100,99988,200,98641,100,100015,100,98517,100,100058,100,98419,100
2019-06-28 09:43:40.000000000,99883,209,99566,209,99885,209,99465,209,99900,309,99442,209,99901,209,99428,209,99945,100,99376,100,99969,200,98985,100,99980,100,98758,100,99988,200,98641,100,100015,100,98517,100,100058,100,98419,100
2019-06-28 09:43:40.148908800,99883,209,99566,109,99885,209,99465,209,99900,309,99442,209,99901,209,99428,209,99945,100,99376,100,99969,200,98985,100,99980,100,98758,100,99988,200,98641,100,100015,100,98517,100,100058,100,98419,100
2019-06-28 09:43:50.000000000,99883,187,99465,187,99885,187,99442,187,99900,287,99428,187,99901,187,99376,187,99945,187,98985,187,99969,200,98758,100,99980,100,98641,100,99988,200,98517,100,100015,100,98419,100,100058,100,98309,100
2019-06-28 09:43:50.932818647,99883,187,99465,87,99885,187,99442,187,99900,287,99428,187,99901,187,99376,187,99945,187,98985,187,99969,200,98758,100,99980,100,98641,100,99988,200,98517,100,100015,100,98419,100,100058,100,98309,100
2019-06-28 09:43:53.251690490,99465,13,99442,187,99883,187,99428,187,99885,187,99376,187,99900,287,98985,187,99901,187,98641,100,99945,187,98517,100,99969,200,98419,100,99980,100,98309,100,99988,200,,,100015,100,,
2019-06-28 09:44:00.000000000,99465,162,99442,249,99883,244,99428,244,99885,244,99376,244,99900,200,98985,100,99901,100,98641,100,99945,100,98517,100,99969,200,98419,100,99980,100,98309,100,99988,200,,,100015,100,,
2019-06-28 09:44:05.297754408,99465,162,99442,149,99883,244,99428,244,99885,244,99376,244,99900,200,98985,100,99901,100,98641,100,99945,100,98517,100,99969,200,98419,100,99980,100,98309,100,99988,200,,,100015,100,,
2019-06-28 09:44:10.000000000,99465,450,99428,537,99883,100,99376,100,99885,100,98985,100,99900,200,98641,100,99901,100,98517,100,99945,100,98419,100,99969,200,98309,100,99980,100,,,99988,200,,,100015,100,,
2019-06-28 09:44:20.000000000,99465,450,99428,537,99883,100,99376,100,99885,100,98985,100,99900,200,98641,100,99901,100,98517,100,99945,100,98419,100,99969,200,98309,100,99980,100,,,99988,200,,,100015,100,,
2019-06-28 09:44:30.000000000,99465,122,99428,209,99883,209,99376,209,99885,209,98985,209,99900,309,98641,209,99901,100,98517,100,99945,100,98419,100,99969,200,98309,100,99980,100,,,99988,200,,,100015,100,,
2019-06-28 09:44:40.000000000,99465,100,99428,187,99883,187,99376,187,99885,187,98985,187,99900,287,98641,187,99901,187,98517,187,99945,100,98419,100,99969,200,98309,100,99980,100,,,99988,200,,,100015,100,,
2019-06-28 09:44:40.609169811,99465,100,99428,87,99883,187,99376,187,99885,187,98985,187,99900,287,98641,187,99901,187,98517,187,99945,100,98419,100,99969,200,98309,100,99980,100,,,99988,200,,,100015,100,,
2019-06-28 09:44:50.000000000,99465,100,99376,187,99883,187,98985,187,99885,187,98641,187,99900,287,98517,187,99901,187,98419,187,99945,100,98309,100,99969,200,,,99980,100,,,99988,200,,,100015,100,,
2019-06-28 09:44:54.181135412,99465,100,99376,187,99883,187,98985,187,99885,187,98641,187,99900,287,98517,187,99901,187,98419,187,99945,100,98309,100,99969,200,,,99980,100,,,99988,100,,,100015,100,,
2019-06-28 09:45:00.000000000,99465,100,99376,187,99883,187,98985,187,99885,187,98641,187,99900,287,98517,187,99901,187,98419,187,99945,100,98309,100,99969,200,,,99980,100,,,99988,100,,,100015,100,,
2019-06-28 09:45:10.000000000,99465,100,99376,187,99883,187,98985,187,99885,187,98641,187,99900,287,98517,187,99901,187,98419,187,99945,100,98309,100,99969,200,,,99980,100,,,99988,100,,,100015,100,,
2019-06-28 09:45:10.108919174,99465,100,99376,187,99883,187,98985,187,99885,187,98641,187,99900,287,98517,187,99901,187,98419,187,99945,100,98309,100,99969,100,,,99980,100,,,99988,100,,,100015,100,,
2019-06-28 09:45:11.013898991,99465,100,99376,187,99883,187,98985,187,99885,187,98641,87,99900,287,98517,187,99901,187,98509,100,99945,100,98419,187,99969,100,98309,100,99980,100,,,99988,100,,,100015,100,,
2019-06-28 09:45:12.651718451,99465,100,99376,187,99883,187,98985,187,99885,187,98641,87,99900,287,98517,187,99901,187,98509,100,99945,100,98499,100,99969,100,98419,187,99980,100,98309,100,99988,100,,,100015,100,,
2019-06-28 09:45:20.000000000,99465,450,99376,537,99883,100,98985,100,99885,100,98517,100,99900,200,98509,100,99901,100,98499,100,99945,100,98419,100,99969,100,98309,100,99980,100,,,99988,100,,,100015,100,,
2019-06-28 09:45:30.000000000,99465,122,99376,209,99883,209,98985,209,99885,209,98517,209,99900,309,98509,209,99901,100,98499,100,99945,100,98419,100,99969,100,98309,100,99980,100,,,99988,100,,,100015,100,,
2019-06-28 09:45:40.000000000,99465,231,99376,318,99883,318,98985,318,99885,100,98517,100,99900,200,98509,100,99901,100,98499,100,99945,100,98419,100,99969,100,98309,100,99980,100,,,99988,100,,,100015,100,,
2019-06-28 09:45:50.000000000,99465,450,99376,537,99883,100,98985,100,99885,100,98517,100,99900,200,98509,100,99901,100,98499,100,99945,100,98419,100,99969,100,98309,100,99980,100,,,99988,100,,,100015,100,,
2019-06-28 09:45:54.842236476,99465,450,99376,537,99883,100,98985,100,99885,100,98783,100,99900,200,98517,100,99901,100,98509,100,99945,100,98499,100,99969,100,98419,100,99980,100,98309,100,99988,100,,,100015,100,,
2019-06-28 09:46:00.000000000,99465,122,99376,209,99883,209,98985,209,99885,209,98783,209,99900,309,98517,209,99901,100,98509,100,99945,100,98499,100,99969,100,98419,100,99980,100,98309,100,99988,100,,,100015,100,,
2019-06-28 09:46:01.177031849,99465,122,99376,109,99883,209,98985,209,99885,209,98783,209,99900,309,98517,209,99901,100,98509,100,99945,100,98499,100,99969,100,98419,100,99980,100,98309,100,99988,100,,,100015,100,,
2019-06-28 09:46:04.239064036,99465,122,99376,109,99883,209,98985,209,99885,209,98856,100,99900,309,98783,209,99901,100,98517,209,99945,100,98509,100,99969,100,98419,100,99980,100,98309,100,99988,100,,,100015,100,,
2019-06-28 09:46:10.000000000,99465,450,98985,537,99883,100,98856,100,99885,100,98783,100,99900,200,98517,100,99901,100,98509,100,99945,100,98419,100,99969,100,98309,100,99980,100,,,99988,100,,,100015,100,,
2019-06-28 09:46:20.000000000,99465,100,98985,187,99883,187,98856,187,99885,187,98783,187,99900,287,98517,187,99901,187,98509,187,99945,100,98419,100,99969,100,98309,100,99980,100,,,99988,100,,,100015,100,,
2019-06-28 09:46:30.000000000,99465,231,98985,318,99883,318,98856,318,99885,100,98783,100,99900,200,98517,100,99901,100,98509,100,99945,100,98419,100,99969,100,98309,100,99980,100,,,99988,100,,,100015,100,,
2019-06-28 09:46:32.460697257,99465,231,98985,218,99883,318,98856,318,99885,100,98783,100,99900,200,98517,100,99901,100,98509,100,99945,100,98309,100,99969,100,,,99980,100,,,99988,100,,,100015,100,,
2019-06-28 09:46:34.994271955,99465,231,98985,118,99883,318,98856,318,99885,100,98783,100,99900,200,98517,100,99901,100,98509,100,99945,100,98309,100,99969,100,,,99980,100,,,99988,100,,,100015,100,,
2019-06-28 09:46:36.981928003,99465,231,98985,118,99883,318,98856,318,99885,100,98783,100,99900,200,98568,100,99901,100,98517,100,99945,100,98509,100,99969,100,98309,100,99980,100,,,99988,100,,,100015,100,,
2019-06-28 09:46:40.000000000,99465,162,98856,249,99883,244,98783,244,99885,244,98568,244,99900,200,98517,100,99901,100,98509,100,99945,100,98309,100,99969,100,,,99980,100,,,99988,100,,,100015,100,,
2019-06-28 09:46:50.000000000,99465,122,98856,209,99883,209,98783,209,99885,209,98568,209,99900,309,98517,209,99901,100,98509,100,99945,100,98309,100,99969,100,,,99980,100,,,99988,100,,,100015,100,,
2019-06-28 09:46:50.202907210,99465,122,98856,109,99883,209,98783,209,99885,209,98568,209,99900,309,98517,209,99901,100,98509,100,99945,100,98309,100,99969,100,,,99980,100,,,99988,100,,,100015,100,,
2019-06-28 09:47:00.000000000,99465,162,98783,249,99883,244,98568,244,99885,244,98517,244,99900,200,98509,100,99901,100,98309,100,99945,100,,,99969,100,,,99980,100,,,99988,100,,,100015,100,,
2019-06-28 09:47:10.000000000,99465,162,98783,249,99883,244,98568,244,99885,244,98517,244,99900,200,98509,100,99901,100,98309,100,99945,100,,,99969,100,,,99980,100,,,99988,100,,,100015,100,,
2019-06-28 09:47:20.000000000,99465,122,98783,209,99883,209,98568,209,99885,209,98517,209,99900,309,98509,209,99901,100,98309,100,99945,100,,,99969,100,,,99980,100,,,99988,100,,,100015,100,,
2019-06-28 09:47:30.000000000,99465,122,98783,209,99883,209,98568,209,99885,209,98517,209,99900,309,98509,209,99901,100,98309,100,99945,100,,,99969,100,,,99980,100,,,99988,100,,,100015,100,,
2019-06-28 09:47:40.000000000,99465,100,98783,187,99883,187,98568,187,99885,187,98517,187,99900,287,98509,187,99901,187,98309,187,99945,100,,,99969,100,,,99980,100,,,99988,100,,,100015,100,,
2019-06-28 09:47:45.443781455,99465,100,99350,100,99883,187,98783,187,99885,187,98568,187,99900,287,98517,187,99901,187,98509,187,99945,100,98309,187,99969,100,,,99980,100,,,99988,100,,,100015,100,,
2019-06-28 09:47:50.000000000,99465,450,99350,537,99883,100,98783,100,99885,100,98568,100,99900,200,98517,100,99901,100,98509,100,99945,100,98309,100,99969,100,,,99980,100,,,99988,100,,,100015,100,,
2019-06-28 09:48:00.000000000,99465,231,99350,318,99883,318,98783,318,99885,100,98568,100,99900,200,98517,100,99901,100,98509,100,99945,100,98309,100,99969,100,,,99980,100,,,99988,100,,,100015,100,,
2019-06-28 09:48:02.149659633,99465,231,99350,218,99883,318,98783,318,99885,100,98568,100,99900,200,98517,100,99901,100,98509,100,99945,100,98309,100,99969,100,,,99980,100,,,99988,100,,,100015,100,,
2019-06-28 09:48:04.666051340,99465,231,99350,118,99883,318,98783,318,99885,100,98568,100,99900,200,98517,100,99901,100,98509,100,99945,100,98309,100,99969,100,,,99980,100,,,99988,100,,,100015,100,,
2019-06-28 09:48:06.747106308,99465,231,99350,18,99883,318,98783,318,99885,100,98568,100,99900,200,98517,100,99901,100,98509,100,99945,100,98309,100,99969,100,,,99980,100,,,99988,100,,,100015,100,,
2019-06-28 09:48:10.000000000,99465,122,98783,209,99883,209,98568,209,99885,209,98517,209,99900,309,98509,209,99901,100,98309,100,99945,100,,,99969,100,,,99980,100,,,99988,100,,,100015,100,,
2019-06-28 09:48:14.745103129,99056,100,98783,109,99465,122,98568,209,99883,209,98517,209,99885,209,98509,209,99900,309,98309,100,99901,100,,,99945,100,,,99969,100,,,99980,100,,,99988,100,,
2019-06-28 09:48:20.000000000,99056,537,98568,537,99465,13,98517,100,99883,100,98509,100,99885,100,98309,100,99900,200,,,99901,100,,,99945,100,,,99969,100,,,99980,100,,,99988,100,,
2019-06-28 09:48:30.000000000,99056,209,98568,209,99465,122,98517,209,99883,209,98509,209,99885,209,98309,209,99900,200,,,99901,100,,,99945,100,,,99969,100,,,99980,100,,,99988,100,,
2019-06-28 09:48:31.103174418,98984,100,98568,209,99056,209,98517,209,99465,122,98509,209,99883,209,98309,209,99885,209,,,99900,200,,,99901,100,,,99945,100,,,99969,100,,,99980,100,,
2019-06-28 09:48:31.970802299,98975,100,98568,209,98984,100,98517,209,99056,209,98509,209,99465,122,98309,209,99883,209,,,99885,209,,,99900,200,,,99901,100,,,99945,100,,,99969,100,,
2019-06-28 09:48:37.265715406,98975,100,98568,209,98984,100,98517,209,99056,209,98509,209,99108,100,98309,209,99465,122,,,99883,209,,,99885,209,,,99900,200,,,99901,100,,,99945,100,,
2019-06-28 09:48:40.000000000,98975,249,98568,249,98984,244,98517,244,99056,244,98509,244,99108,100,98309,100,99465,13,,,99883,100,,,99885,100,,,99900,200,,,99901,100,,,99945,100,,
2019-06-28 09:48:50.000000000,98975,318,98568,318,98984,318,98517,318,99056,100,98509,100,99108,100,98309,100,99465,13,,,99883,100,,,99885,100,,,99900,200,,,99901,100,,,99945,100,,
2019-06-28 09:48:54.155806904,98975,318,98928,100,98984,318,98568,318,99056,100,98517,318,99108,100,98509,100,99465,13,98309,100,99883,100,,,99885,100,,,99900,200,,,99901,100,,,99945,100,,
2019-06-28 09:48:58.226368362,98975,318,98928,100,98984,318,98568,318,99056,100,98517,318,99108,100,98509,100,99465,13,98309,100,99883,100,,,99885,100,,,99900,200,,,99945,100,,,99969,100,,
2019-06-28 09:49:00.000000000,98975,209,98928,209,98984,209,98568,209,99056,209,98517,209,99108,209,98509,209,99465,13,98309,100,99883,100,,,99885,100,,,99900,200,,,99945,100,,,99969,100,,
2019-06-28 09:49:08.708888589,98975,209,98928,209,98984,209,98575,100,99056,209,98568,109,99108,209,98517,209,99465,13,98509,209,99883,100,98309,100,99885,100,,,99900,200,,,99945,100,,,99969,100,,
2019-06-28 09:49:10.000000000,98975,249,98928,249,98984,244,98575,244,99056,244,98517,244,99108,100,98509,100,99465,13,98309,100,99883,100,,,99885,100,,,99900,200,,,99945,100,,,99969,100,,
2019-06-28 09:49:17.785362109,98975,249,98928,249,98984,244,98819,100,99056,244,98575,244,99108,100,98517,244,99465,13,98509,100,99883,100,98309,100,99885,100,,,99900,200,,,99945,100,,,99969,100,,
2019-06-28 09:49:20.000000000,98975,209,98928,209,98984,209,98819,209,99056,209,98575,209,99108,209,98517,209,99465,13,98509,100,99883,100,98309,100,99885,100,,,99900,200,,,99945,100,,,99969,100,,
2019-06-28 09:49:30.000000000,98975,249,98928,249,98984,244,98819,244,99056,244,98575,244,99108,100,98517,100,99465,13,98509,100,99883,100,98309,100,99885,100,,,99900,200,,,99945,100,,,99969,100,,
2019-06-28 09:49:40.000000000,98975,209,98928,209,98984,209,98819,209,99056,209,98575,209,99108,209,98517,209,99465,13,98509,100,99883,100,98309,100,99885,100,,,99900,200,,,99945,100,,,99969,100,,
2019-06-28 09:49:49.756691442,98975,209,98928,209,98984,209,98819,209,99056,209,98575,209,99076,100,98517,209,99108,209,98509,100,99465,13,98309,100,99883,100,,,99885,100,,,99900,200,,,99945,100,,
2019-06-28 09:49:50.000000000,98975,537,98928,537,98984,100,98819,100,99056,100,98575,100,99076,100,98517,100,99108,100,98509,100,99465,13,98309,100,99883,100,,,99885,100,,,99900,200,,,99945,100,,
2019-06-28 09:49:57.492315538,98975,537,98928,537,98984,100,98819,100,99015,100,98575,100,99056,100,98517,100,99076,100,98509,100,99108,100,98309,100,99465,13,,,99883,100,,,99885,100,,,99900,200,,
2019-06-28 09:50:00.000000000,98975,537,98928,537,98984,100,98819,100,99015,100,98575,100,99056,100,98517,100,99076,100,98509,100,99108,100,98309,100,99465,13,,,99883,100,,,99885,100,,,99900,200,,
2019-06-28 09:50:09.155353364,98975,537,98928,537,98984,100,98819,100,99015,100,98575,100,99056,100,98517,100,99076,100,98509,100,99108,100,98309,100,99350,100,,,99465,13,,,99883,100,,,99885,100,,
2019-06-28 09:50:10.000000000,98975,537,98928,537,98984,100,98819,100,99015,100,98575,100,99056,100,98517,100,99076,100,98509,100,99108,100,98309,100,99350,100,,,99465,13,,,99883,100,,,99885,100,,
2019-06-28 09:50:14.323583563,98975,537,98928,537,98984,100,98819,100,99015,100,98656,100,99056,100,98575,100,99076,100,98517,100,99108,100,98509,100,99350,100,98309,100,99465,13,,,99883,100,,,99885,100,,
2019-06-28 09:50:20.000000000,98975,209,98928,209,98984,209,98819,209,99015,209,98656,209,99056,209,98575,209,99076,100,98517,100,99108,100,98509,100,99350,100,98309,100,99465,13,,,99883,100,,,99885,100,,
2019-06-28 09:50:29.187429547,98975,209,98928,209,98984,209,98819,209,99015,209,98656,209,99056,209,98575,209,99076,100,98517,100,99108,100,98509,100,99350,100,98309,100,99465,13,,,99620,100,,,99883,100,,
2019-06-28 09:50:30.000000000,98975,209,98928,209,98984,209,98819,209,99015,209,98656,209,99056,209,98575,209,99076,100,98517,100,99108,100,98509,100,99350,100,98309,100,99465,13,,,99620,100,,,99883,100,,
2019-06-28 09:50:40.000000000,98975,249,98928,249,98984,244,98819,244,99015,244,98656,244,99056,100,98575,100,99076,100,98517,100,99108,100,98509,100,99350,100,98309,100,99465,13,,,99620,100,,,99883,100,,
2019-06-28 09:50:50.000000000,98975,318,98928,318,98984,318,98819,318,99015,100,98656,100,99056,100,98575,100,99076,100,98517,100,99108,100,98509,100,99350,100,98309,100,99465,13,,,99620,100,,,99883,100,,
2019-06-28 09:51:00.000000000,98975,187,98928,187,98984,187,98819,187,99015,187,98656,187,99056,187,98575,187,99076,187,98517,187,99108,100,98509,100,99350,100,98309,100,99465,13,,,99620,100,,,99883,100,,
2019-06-28 09:51:01.977909962,98975,87,98928,187,98984,187,98819,187,99015,187,98656,187,99056,187,98575,187,99076,187,98517,187,99108,100,98509,100,99350,100,98309,100,99465,13,,,99620,100,,,99885,100,,
2019-06-28 09:51:05.774627530,98975,87,98928,187,98984,187,98819,187,99015,187,98656,187,99056,187,98575,187,99076,187,98517,187,99108,100,98509,100,99350,100,98309,100,99465,13,,,99620,100,,,99827,100,,
2019-06-28 09:51:06.670642682,98975,87,98928,187,98984,187,98819,187,99015,187,98656,187,99056,187,98575,187,99076,187,98517,187,99108,100,98509,100,99350,100,98309,100,99465,13,,,99620,100,,,99681,100,,
2019-06-28 09:51:07.072208760,98975,87,98928,187,98984,187,98819,187,99015,187,98656,187,99056,187,98575,187,99076,187,98517,187,99108,100,98509,100,99350,100,98309,100,99465,13,,,99590,100,,,99620,100,,
2019-06-28 09:51:10.000000000,98984,318,98928,318,99015,318,98819,318,99056,100,98656,100,99076,100,98575,100,99108,100,98517,100,99350,100,98509,100,99465,13,98309,100,99590,100,,,99620,100,,,99681,100,,
2019-06-28 09:51:14.920524494,98984,318,98975,100,99015,318,98928,318,99056,100,98819,318,99076,100,98656,100,99108,100,98575,100,99350,100,98517,100,99465,13,98509,100,99590,100,98309,100,99620,100,,,99681,100,,
2019-06-28 09:51:20.000000000,98984,318,98975,318,99015,318,98928,318,99056,100,98819,100,99076,100,98656,100,99108,100,98575,100,99350,100,98517,100,99465,13,98509,100,99590,100,98309,100,99620,100,,,99681,100,,
2019-06-28 09:51:24.946891358,98984,318,98975,318,99015,318,98928,318,99056,100,98819,100,99076,100,98656,100,99108,100,98575,100,99350,100,98517,100,99465,13,98509,100,99590,100,98309,100,99613,100,,,99620,100,,
2019-06-28 09:51:30.000000000,98984,187,98975,187,99015,187,98928,187,99056,187,98819,187,99076,187,98656,187,99108,187,98575,187,99350,100,98517,100,99465,13,98509,100,99590,100,98309,100,99613,100,,,99620,100,,
2019-06-28 09:51:40.000000000,98984,537,98975,537,99015,100,98928,100,99056,100,98819,100,99076,100,98656,100,99108,100,98575,100,99350,100,98517,100,99465,13,98509,100,99590,100,98309,100,99613,100,,,99620,100,,
2019-06-28 09:51:50.000000000,98984,318,98975,318,99015,318,98928,318,99056,100,98819,100,99076,100,98656,100,99108,100,98575,100,99350,100,98517,100,99465,13,98509,100,99590,100,98309,100,99613,100,,,99620,100,,
2019-06-28 09:52:00.000000000,98984,187,98975,187,99015,187,98928,187,99056,187,98819,187,99076,187,98656,187,99108,187,98575,187,99350,100,98517,100,99465,13,98509,100,99590,100,98309,100,99613,100,,,99620,100,,
2019-06-28 09:52:10.000000000,98984,249,98975,249,99015,244,98928,244,99056,244,98819,244,99076,100,98656,100,99108,100,98575,100,99350,100,98517,100,99465,13,98509,100,99590,100,98309,100,99613,100,,,99620,100,,
2019-06-28 09:52:20.000000000,98984,318,98975,318,99015,318,98928,318,99056,100,98819,100,99076,100,98656,100,99108,100,98575,100,99350,100,98517,100,99465,13,98509,100,99590,100,98309,100,99613,100,,,99620,100,,
2019-06-28 09:52:30.000000000,98984,249,98975,249,99015,244,98928,244,99056,244,98819,244,99076,100,98656,100,99108,100,98575,100,99350,100,98517,100,99465,13,98509,100,99590,100,98309,100,99613,100,,,99620,100,,
2019-06-28 09:52:38.542326225,98984,249,98975,249,99015,244,98928,244,99056,244,98819,244,99076,100,98656,100,99108,100,98575,100,99350,100,98517,100,99465,13,98509,100,99590,100,98309,100,99613,100,,,99620,100,,
2019-06-28 09:52:40.000000000,98984,537,98975,537,99015,100,98928,100,99056,100,98819,100,99076,100,98656,100,99108,100,98575,100,99350,100,98517,100,99465,13,98509,100,99590,100,98309,100,99613,100,,,99620,100,,
2019-06-28 09:52:49.387913741,98984,537,98975,537,99015,100,98928,100,99056,100,98819,100,99076,100,98656,100,99108,100,98575,100,99350,100,98517,100,99465,13,98509,100,99590,100,98309,100,99613,100,,,99681,100,,
2019-06-28 09:52:50.000000000,98984,187,98975,187,99015,187,98928,187,99056,187,98819,187,99076,187,98656,187,99108,187,98575,187,99350,100,98517,100,99465,13,98509,100,99590,100,98309,100,99613,100,,,99681,100,,
2019-06-28 09:53:00.000000000,98984,537,98975,537,99015,100,98928,100,99056,100,98819,100,99076,100,98656,100,99108,100,98575,100,99350,100,98517,100,99465,13,98509,100,99590,100,98309,100,99613,100,,,99681,100,,
2019-06-28 09:53:07.421712444,98984,437,98975,537,99015,100,98928,100,99056,100,98819,100,99076,100,98656,100,99108,100,98575,100,99350,100,98517,100,99465,13,98509,100,99590,100,98309,100,99613,100,,,99681,100,,
2019-06-28 09:53:10.000000000,99015,187,98975,187,99056,187,98928,187,99076,187,98819,187,99108,187,98656,187,99350,187,98575,187,99465,13,98517,100,99590,100,98509,100,99613,100,98309,100,99681,100,,,99827,100,,
2019-06-28 09:53:20.000000000,99015,318,98975,318,99056,318,98928,318,99076,100,98819,100,99108,100,98656,100,99350,100,98575,100,99465,13,98517,100,99590,100,98509,100,99613,100,98309,100,99681,100,,,99827,100,,
2019-06-28 09:53:30.000000000,99015,318,98975,318,99056,318,98928,318,99076,100,98819,100,99108,100,98656,100,99350,100,98575,100,99465,13,98517,100,99590,100,98509,100,99613,100,98309,100,99681,100,,,99827,100,,
2019-06-28 09:53:40.000000000,99015,249,98975,249,99056,244,98928,244,99076,244,98819,244,99108,100,98656,100,99350,100,98575,100,99465,13,98517,100,99590,100,98509,100,99613,100,98309,100,99681,100,,,99827,100,,
2019-06-28 09:53:43.944284554,99015,249,98976,100,99056,244,98975,249,99076,244,98928,244,99108,100,98819,244,99350,100,98656,100,99465,13,98575,100,99590,100,98517,100,99613,100,98509,100,99681,100,98309,100,99827,100,,
2019-06-28 09:53:50.000000000,99015,187,98976,187,99056,187,98975,187,99076,187,98928,187,99108,187,98819,187,99350,187,98656,187,99465,13,98575,100,99590,100,98517,100,99613,100,98509,100,99681,100,98309,100,99827,100,,
2019-06-28 09:54:00.000000000,99015,249,98976,249,99056,244,98975,244,99076,244,98928,244,99108,100,98819,100,99350,100,98656,100,99465,13,98575,100,99590,100,98517,100,99613,100,98509,100,99681,100,98309,100,99827,100,,
2019-06-28 09:54:02.748660054,99015,249,98976,249,99056,244,98975,244,99076,244,98928,244,99108,100,98819,100,99350,100,98656,100,99465,13,98575,100,99590,100,98517,100,99613,100,98509,100,99681,100,98309,100,99827,100,,
2019-06-28 09:54:10.000000000,99015,318,98976,318,99056,318,98975,318,99076,100,98928,100,99108,100,98819,100,99350,100,98656,100,99465,13,98575,100,99590,100,98517,100,99613,100,98509,100,99681,100,98309,100,99827,100,,
2019-06-28 09:54:17.696551853,99015,318,98976,318,99056,318,98975,318,99076,100,98928,100,99108,100,98819,100,99350,100,98656,100,99465,13,98575,100,99590,100,98517,100,99613,100,98509,100,99681,100,98309,100,99827,100,,
2019-06-28 09:54:20.000000000,99015,209,98976,209,99056,209,98975,209,99076,209,98928,209,99108,209,98819,209,99350,100,98656,100,99465,13,98575,100,99590,100,98517,100,99613,100,98509,100,99681,100,98309,100,99827,100,,
2019-06-28 09:54:20.981887669,99015,109,98976,209,99056,209,98975,209,99076,209,98928,209,99108,209,98819,209,99350,100,98656,100,99465,13,98575,100,99590,100,98517,100,99613,100,98509,100,99827,100,98309,100,99835,100,,
2019-06-28 09:54:25.966017781,99015,109,98976,209,99056,109,98975,209,99076,209,98928,209,99108,209,98819,209,99350,100,98656,100,99465,13,98575,100,99590,100,98517,100,99613,100,98509,100,99827,100,98309,100,99835,100,,
2019-06-28 09:54:30.000000000,99076,249,98976,249,99108,244,98975,244,99350,244,98928,244,99465,13,98819,100,99590,100,98656,100,99613,100,98575,100,99827,100,98517,100,99835,100,98509,100,99900,200,98309,100,99945,100,,
2019-06-28 09:54:40.000000000,99076,537,98976,537,99108,100,98975,100,99350,100,98928,100,99465,13,98819,100,99590,100,98656,100,99613,100,98575,100,99827,100,98517,100,99835,100,98509,100,99900,200,98309,100,99945,100,,
2019-06-28 09:54:50.000000000,99076,318,98976,318,99108,318,98975,318,99350,100,98928,100,99465,13,98819,100,99590,100,98656,100,99613,100,98575,100,99827,100,98517,100,99835,100,98509,100,99900,200,98309,100,99945,100,,
2019-06-28 09:54:54.072667567,99076,218,98976,318,99108,318,98975,318,99350,100,98928,100,99465,13,98819,100,99590,100,98656,100,99613,100,98575,100,99827,100,98517,100,99835,100,98509,100,99900,200,98309,100,99945,100,,
2019-06-28 09:55:00.000000000,99108,537,98976,537,99350,100,98975,100,99465,13,98928,100,99590,100,98819,100,99613,100,98656,100,99827,100,98575,100,99835,100,98517,100,99900,200,98509,100,99945,100,98309,100,99969,100,,
2019-06-28 09:55:10.000000000,99108,318,98976,318,99350,318,98975,318,99465,13,98928,100,99590,100,98819,100,99613,100,98656,100,99827,100,98575,100,99835,100,98517,100,99900,200,98509,100,99945,100,98309,100,99969,100,,
2019-06-28 09:55:15.096932896,99108,318,98976,318,99350,318,98975,318,99465,13,98928,100,99590,100,98819,100,99613,100,98656,100,99827,100,98575,100,99835,100,98517,100,99900,200,98509,100,99945,100,98309,100,99969,100,,
2019-06-28 09:55:20.000000000,99108,249,98976,249,99350,244,98975,244,99465,157,98928,244,99590,100,98819,100,99613,100,98656,100,99827,100,98575,100,99835,100,98517,100,99900,200,98509,100,99945,100,98309,100,99969,100,,
2019-06-28 09:55:24.513736273,99108,249,99015,100,99350,144,98976,249,99465,157,98975,244,99590,100,98928,244,99613,100,98819,100,99827,100,98656,100,99835,100,98575,100,99900,200,98517,100,99945,100,98509,100,99969,100,98309,100
2019-06-28 09:55:29.446080319,99108,249,99015,100,99350,144,98976,249,99465,157,98975,244,99590,100,98928,244,99613,100,98819,100,99827,100,98656,100,99835,100,98575,100,99900,200,98509,100,99945,100,98309,100,99969,100,,
2019-06-28 09:55:30.000000000,99108,249,99015,249,99465,157,98976,244,99590,244,98975,244,99613,100,98928,100,99827,100,98819,100,99835,100,98656,100,99900,200,98575,100,99945,100,98509,100,99969,100,98309,100,99980,100,,
2019-06-28 09:55:35.138036261,99108,149,99015,249,99465,157,98976,244,99590,244,98975,244,99613,100,98928,100,99827,100,98819,100,99835,100,98656,100,99900,200,98575,100,99945,100,98509,100,99969,100,98309,100,99980,100,,
2019-06-28 09:55:40.000000000,99465,450,99015,537,99590,100,98976,100,99613,100,98975,100,99827,100,98928,100,99835,100,98819,100,99900,200,98656,100,99945,100,98575,100,99969,100,98509,100,99980,100,98309,100,99988,100,,
2019-06-28 09:55:50.000000000,99465,122,99015,209,99590,209,98976,209,99613,209,98975,209,99827,209,98928,209,99835,100,98819,100,99900,200,98656,100,99945,100,98575,100,99969,100,98509,100,99980,100,98309,100,99988,100,,
2019-06-28 09:56:00.000000000,99465,162,99015,249,99590,244,98976,244,99613,244,98975,244,99827,100,98928,100,99835,100,98819,100,99900,200,98656,100,99945,100,98575,100,99969,100,98509,100,99980,100,98309,100,99988,100,,
2019-06-28 09:56:10.000000000,99465,100,99015,187,99590,187,98976,187,99613,187,98975,187,99827,187,98928,187,99835,187,98819,187,99900,200,98656,100,99945,100,98575,100,99969,100,98509,100,99980,100,98309,100,99988,100,,
2019-06-28 09:56:18.004205024,99590,187,99015,187,99613,187,98976,187,99827,187,98975,187,99835,187,98928,187,99900,200,98819,187,99945,100,98656,100,99969,100,98575,100,99980,100,98509,100,99988,100,98309,100,100015,100,,
2019-06-28 09:56:20.000000000,99590,537,99015,537,99613,100,98976,100,99827,100,98975,100,99835,100,98928,100,99900,200,98819,100,99945,100,98656,100,99969,100,98575,100,99980,100,98509,100,99988,100,98309,100,100015,100,,
2019-06-28 09:56:23.117960872,99590,537,99108,100,99613,100,99015,537,99827,100,98976,100,99835,100,98975,100,99900,200,98928,100,99945,100,98819,100,99969,100,98656,100,99980,100,98575,100,99988,100,98509,100,100015,100,98309,100
2019-06-28 09:56:30.000000000,99590,318,99108,318,99613,318,99015,318,99827,100,98976,100,99835,100,98975,100,99900,200,98928,100,99945,100,98819,100,99969,100,98656,100,99980,100,98575,100,99988,100,98509,100,100015,100,98309,100
2019-06-28 09:56:36.505180386,99590,318,99108,318,99613,318,99015,318,99827,100,98976,100,99835,100,98975,100,99900,100,98928,100,99945,100,98819,100,99969,100,98656,100,99980,100,98575,100,99988,100,98509,100,100015,100,98309,100
2019-06-28 09:56:37.812294310,99590,318,99108,418,99613,318,99015,218,99827,100,98976,100,99835,100,98975,100,99900,100,98928,100,99945,100,98819,100,99969,100,98656,100,99980,100,98575,100,99988,100,98509,100,100015,100,98309,100
2019-06-28 09:56:38.736419322,99590,318,99108,418,99613,318,99015,218,99827,100,98976,100,99835,100,98975,100,99900,100,98928,100,99945,100,98819,100,99969,100,98656,100,99980,100,98575,100,99988,100,98509,100,100015,100,98309,100
2019-06-28 09:56:40.000000000,99590,209,99108,309,99613,209,98976,209,99827,209,98975,209,99835,209,98928,209,99900,100,98819,100,99945,100,98656,100,99969,100,98575,100,99980,100,98509,100,99988,100,98309,100,100015,100,,
2019-06-28 09:56:48.682339691,99590,209,99108,409,99613,209,98976,209,99827,209,98975,209,99835,209,98928,209,99900,100,98819,100,99945,100,98656,100,99969,100,98575,100,99980,100,98509,100,99988,100,98309,100,100015,100,,
2019-06-28 09:56:50.000000000,99590,249,99108,449,99613,244,98976,244,99827,244,98975,244,99835,100,98928,100,99900,100,98819,100,99945,100,98656,100,99969,100,98575,100,99980,100,98509,100,99988,100,98309,100,100015,100,,
2019-06-28 09:56:58.798811763,99590,249,99108,449,99613,244,98976,244,99827,244,98975,244,99835,100,98928,100,99900,100,98819,100,99945,100,98656,100,99969,100,98575,100,99980,100,98509,100,99988,100,98309,100,100015,100,,
2019-06-28 09:57:00.000000000,99590,537,99108,737,99613,100,98976,100,99827,100,98975,100,99835,100,98928,100,99900,100,98819,100,99945,100,98656,100,99969,100,98575,100,99980,100,98509,100,99988,100,98309,100,100015,100,,
2019-06-28 09:57:02.621540158,99590,537,99108,737,99613,100,98976,100,99827,100,98975,100,99835,100,98928,100,99900,100,98819,100,99945,100,98656,100,99969,100,98575,100,99980,100,98509,100,99988,100,98309,100,100015,100,,
2019-06-28 09:57:10.000000000,99590,249,99108,449,99613,244,98976,244,99827,244,98975,244,99835,100,98928,100,99900,100,98819,100,99945,100,98656,100,99969,100,98575,100,99980,100,98509,100,99988,100,98309,100,100015,100,,
2019-06-28 09:57:12.656949798,99590,249,99108,549,99613,244,98976,244,99827,244,98975,244,99835,100,98928,100,99900,100,98819,100,99945,100,98656,100,99980,100,98575,100,99988,100,98509,100,100015,100,98309,100,100082,100,,
2019-06-28 09:57:20.000000000,99590,187,99108,487,99613,187,98976,187,99827,187,98975,187,99835,187,98928,187,99900,187,98819,187,99945,100,98656,100,99980,100,98575,100,99988,100,98509,100,100015,100,98309,100,100082,100,,
2019-06-28 09:57:26.841910879,99590,87,99108,487,99613,187,98976,187,99827,187,98975,187,99835,187,98928,187,99900,187,98819,187,99945,100,98656,100,99980,100,98575,100,99988,100,98509,100,100015,100,,,100082,100,,
2019-06-28 09:57:30.000000000,99613,249,99108,549,99827,244,98976,244,99835,244,98975,244,99900,100,98928,100,99945,100,98819,100,99980,100,98656,100,99988,100,98575,100,100015,100,98509,100,100082,100,,,100090,200,,
2019-06-28 09:57:37.925496079,99613,149,99108,549,99827,244,98976,244,99835,244,98975,244,99900,100,98928,100,99945,100,98819,100,99980,100,98656,100,99988,100,98509,100,100015,100,,,100082,100,,,100090,200,,
2019-06-28 09:57:40.000000000,99827,318,99108,618,99835,318,98976,318,99900,100,98975,100,99945,100,98928,100,99980,100,98819,100,99988,100,98656,100,100015,100,98509,100,100082,100,,,100090,200,,,100102,100,,
2019-06-28 09:57:50.000000000,99827,249,99108,549,99835,244,98976,244,99900,244,98975,244,99945,100,98928,100,99980,100,98819,100,99988,100,98656,100,100015,100,98509,100,100082,100,,,100090,200,,,100102,100,,
2019-06-28 09:58:00.000000000,99827,187,99108,487,99835,187,98976,187,99900,187,98975,187,99945,187,98928,187,99980,187,98819,187,99988,100,98656,100,100015,100,98509,100,100082,100,,,100090,200,,,100102,100,,
2019-06-28 09:58:06.431575568,99827,187,99590,100,99835,187,99108,487,99900,187,98976,187,99945,187,98975,187,99980,187,98928,187,99988,100,98819,187,100015,100,98656,100,100082,100,98509,100,100090,200,,,100102,100,,
2019-06-28 09:58:10.000000000,99827,187,99590,187,99835,187,99108,487,99900,187,98976,187,99945,187,98975,187,99980,187,98928,187,99988,100,98819,100,100015,100,98656,100,100082,100,98509,100,100090,200,,,100102,100,,
2019-06-28 09:58:10.107438792,99827,187,99590,187,99835,187,99108,487,99900,187,98976,187,99945,187,98975,187,99980,187,98928,187,99988,100,98819,100,100015,100,98656,100,100082,100,98509,100,100090,200,,,100102,100,,
2019-06-28 09:58:16.965620161,99827,187,99590,187,99835,187,99108,487,99900,187,98976,187,99945,187,98975,187,99980,187,98928,87,99988,100,98819,100,100015,100,98656,100,100082,100,98509,100,100090,200,,,100102,100,,
2019-06-28 09:58:17.615595610,99827,87,99590,187,99835,187,99108,487,99900,187,98976,187,99945,187,98975,187,99980,187,98928,87,99988,100,98819,100,100015,100,98656,100,100082,100,98509,100,100090,200,,,100102,100,,
2019-06-28 09:58:20.000000000,99835,537,99590,537,99900,100,99108,400,99945,100,98976,100,99980,100,98975,100,99988,100,98819,100,100015,100,98656,100,100082,100,98509,100,100090,200,,,100102,100,,,100107,100,,
2019-06-28 09:58:30.000000000,99835,318,99590,318,99900,318,99108,618,99945,100,98976,100,99980,100,98975,100,99988,100,98819,100,100015,100,98656,100,100082,100,98509,100,100090,200,,,100102,100,,,100107,100,,
2019-06-28 09:58:40.000000000,99835,537,99590,537,99900,100,99108,400,99945,100,98976,100,99980,100,98975,100,99988,100,98819,100,100015,100,98656,100,100082,100,98509,100,100090,200,,,100102,100,,,100107,100,,
2019-06-28 09:58:42.940763357,99835,437,99590,537,99900,100,99108,400,99945,100,98976,100,99980,100,98975,100,99988,100,98819,100,100015,100,98656,100,100082,100,98509,100,100090,100,,,100102,100,,,100107,100,,
2019-06-28 09:58:50.000000000,99900,537,99590,537,99945,100,99108,400,99980,100,98976,100,99988,100,98975,100,100015,100,98819,100,100082,100,98656,100,100090,100,98509,100,100102,100,,,100107,100,,,100113,100,,
2019-06-28 09:59:00.000000000,99900,187,99590,187,99945,187,99108,487,99980,187,98976,187,99988,187,98975,187,100015,187,98819,187,100082,100,98656,100,100090,100,98509,100,100102,100,,,100107,100,,,100113,100,,
2019-06-28 09:59:10.000000000,99900,249,99590,249,99945,244,99108,544,99980,244,98976,244,99988,100,98975,100,100015,100,98819,100,100082,100,98656,100,100090,100,98509,100,100102,100,,,100107,100,,,100113,100,,
2019-06-28 09:59:20.000000000,99900,209,99590,209,99945,209,99108,509,99980,209,98976,209,99988,209,98975,209,100015,100,98819,100,100082,100,98656,100,100090,100,98509,100,100102,100,,,100107,100,,,100113,100,,
2019-06-28 09:59:23.809960334,99900,209,99590,209,99945,209,99108,509,99980,209,98976,209,99988,209,98975,209,100015,100,98819,100,100082,100,98656,100,100090,100,98509,100,100102,100,,,100107,100,,,100113,100,,
2019-06-28 09:59:30.000000000,99900,249,99590,249,99945,244,99108,544,99980,244,98976,244,99988,100,98975,100,100015,100,98819,100,100082,100,98656,100,100090,100,98509,100,100102,100,,,100107,100,,,100113,100,,
2019-06-28 09:59:38.971642909,99900,249,99827,100,99945,244,99590,249,99980,244,99108,544,99988,100,98976,244,100015,100,98975,100,100082,100,98819,100,100090,100,98656,100,100102,100,98509,100,100107,100,,,100113,100,,
2019-06-28 09:59:40.000000000,99900,318,99827,318,99945,318,99590,318,99980,100,99108,400,99988,100,98976,100,100015,100,98975,100,100082,100,98819,100,100090,100,98656,100,100102,100,98509,100,100107,100,,,100113,100,,
2019-06-28 09:59:50.000000000,99900,249,99827,249,99945,244,99590,244,99980,244,99108,544,99988,100,98976,100,100015,100,98975,100,100082,100,98819,100,100090,100,98656,100,100102,100,98509,100,100107,100,,,100113,100,,
2019-06-28 09:59:59.542404563,99900,249,99827,249,99945,244,99590,244,99980,244,99108,544,99988,100,98976,100,100015,100,98975,100,100082,100,98819,100,100090,100,98656,100,100102,100,,,100107,100,,,100113,100,,
2019-06-28 10:00:00.000000000,99900,249,99827,249,99945,244,99590,244,99980,244,99108,544,99988,100,98976,100,100015,100,98975,100,100082,100,98819,100,100090,100,98656,100,100102,100,,,100107,100,,,100113,100,,
2019-06-28 10:00:10.000000000,99900,537,99827,537,99945,100,99590,100,99980,100,99108,400,99988,100,98976,100,100015,100,98975,100,100082,100,98819,100,100090,100,98656,100,100102,100,,,100107,100,,,100113,100,,
2019-06-28 10:00:14.106311138,99900,437,99827,537,99945,100,99590,100,99980,100,99108,400,99988,100,98976,100,100015,100,98975,100,100082,100,98819,100,100090,100,98656,100,100102,100,,,100107,100,,,100113,100,,
2019-06-28 10:00:19.004391008,99900,437,99827,537,99945,100,99590,100,99980,100,99108,400,99988,100,98976,100,100082,100,98975,100,100090,100,98819,100,100102,100,98656,100,100107,100,,,100113,100,,,100141,100,,
2019-06-28 10:00:20.000000000,99945,318,99827,318,99980,318,99590,318,99988,100,99108,400,100082,100,98976,100,100090,100,98975,100,100102,100,98819,100,100107,100,98656,100,100113,100,,,100141,100,,,100190,100,,
2019-06-28 10:00:20.992979835,99945,218,99827,318,99980,318,99590,318,99988,100,99108,400,100082,100,98976,100,100090,100,98975,100,100102,100,98819,100,100107,100,98656,100,100113,100,,,100141,100,,,100190,100,,
2019-06-28 10:00:30.000000000,99980,249,99827,249,99988,244,99590,244,100082,244,99108,544,100090,100,98976,100,100102,100,98975,100,100107,100,98819,100,100113,100,98656,100,100141,100,,,100190,100,,,100228,100,,
2019-06-28 10:00:40.000000000,99980,318,99827,318,99988,318,99590,318,100082,100,99108,400,100090,100,98976,100,100102,100,98975,100,100107,100,98819,100,100113,100,98656,100,100141,100,,,100190,100,,,100228,100,,
2019-06-28 10:00:45.265715774,99980,218,99827,318,99988,318,99590,318,100082,100,99108,400,100090,100,98976,100,100102,100,98975,100,100107,100,98819,100,100113,100,98656,100,100141,100,,,100190,100,,,100228,100,,
2019-06-28 10:00:50.000000000,99988,318,99827,318,100082,318,99590,318,100090,100,99108,400,100102,100,98976,100,100107,100,98975,100,100113,100,98819,100,100141,100,98656,100,100190,100,,,100228,100,,,100267,100,,
2019-06-28 10:00:56.157443422,99988,318,99827,318,100082,318,99590,318,100090,100,99108,400,100102,100,98976,100,100107,100,98975,100,100113,100,98819,100,100135,100,98656,100,100141,100,,,100190,100,,,100228,100,,
2019-06-28 10:01:00.000000000,99988,537,99827,537,100082,100,99590,100,100090,100,99108,400,100102,100,98976,100,100107,100,98975,100,100113,100,98819,100,100135,100,98656,100,100141,100,,,100190,100,,,100228,100,,
2019-06-28 10:01:10.000000000,99988,187,99827,187,100082,187,99590,187,100090,187,99108,487,100102,187,98976,187,100107,187,98975,187,100113,100,98819,100,100135,100,98656,100,100141,100,,,100190,100,,,100228,100,,
2019-06-28 10:01:14.011142113,99988,87,99827,187,100082,187,99590,187,100090,187,99108,487,100102,187,98976,187,100107,187,98975,187,100113,100,98819,100,100135,100,98656,100,100141,100,,,100190,100,,,100228,100,,
2019-06-28 10:01:16.377620871,99988,87,99897,100,100082,187,99827,187,100090,187,99590,187,100102,187,99108,487,100107,187,98976,187,100113,100,98975,187,100135,100,98819,100,100141,100,98656,100,100190,100,,,100228,100,,
2019-06-28 10:01:20.000000000,100082,537,99897,537,100090,100,99827,100,100102,100,99590,100,100107,100,99108,400,100113,100,98976,100,100135,100,98975,100,100141,100,98819,100,100190,100,98656,100,100228,100,,,100267,100,,
2019-06-28 10:01:30.000000000,100082,187,99897,187,100090,187,99827,187,100102,187,99590,187,100107,187,99108,487,100113,187,98976,187,100135,100,98975,100,100141,100,98819,100,100190,100,98656,100,100228,100,,,100267,100,,
2019-06-28 10:01:32.993871356,99944,100,99897,187,100082,187,99827,187,100090,187,99590,187,100102,187,99108,387,100107,187,98976,187,100113,187,98975,100,100135,100,98819,100,100141,100,98656,100,100190,100,,,100228,100,,
2019-06-28 10:01:39.317401492,99944,100,99897,187,100082,187,99827,187,100090,187,99590,187,100102,187,99553,100,100107,187,99108,387,100113,187,98976,187,100135,100,98975,100,100141,100,98819,100,100228,100,98656,100,100267,100,,
2019-06-28 10:01:40.000000000,99944,537,99897,537,100082,100,99827,100,100090,100,99590,100,100102,100,99553,100,100107,100,99108,300,100113,100,98976,100,100135,100,98975,100,100141,100,98819,100,100228,100,98656,100,100267,100,,
2019-06-28 10:01:48.702469329,99944,537,99897,537,100082,100,99827,100,100090,100,99590,100,100102,100,99553,100,100107,100,99457,100,100113,100,99108,300,100135,100,98976,100,100141,100,98975,100,100228,100,98656,100,100267,100,,
2019-06-28 10:01:49.320183922,99944,537,99897,537,100082,100,99827,100,100090,100,99630,100,100102,100,99590,100,100107,100,99553,100,100113,100,99457,100,100135,100,99108,300,100141,100,98976,100,100228,100,98975,100,100267,100,98656,100
2019-06-28 10:01:49.823498784,99944,537,99897,437,100082,100,99827,100,100090,100,99630,100,100102,100,99590,100,100107,100,99553,100,100113,100,99457,100,100135,100,99108,300,100141,100,98976,100,100228,100,98975,100,100267,100,98656,100
2019-06-28 10:01:50.000000000,99944,209,99827,209,100082,209,99630,209,100090,209,99590,209,100102,209,99553,209,100107,100,99457,100,100113,100,99108,300,100135,100,98976,100,100141,100,98975,100,100228,100,98656,100,100267,100,,
2019-06-28 10:01:53.284041741,99864,100,99827,209,99944,209,99630,209,100082,209,99590,209,100090,209,99553,209,100102,209,99457,100,100107,100,99108,300,100113,100,98976,100,100141,100,98975,100,100228,100,98656,100,100267,100,,
2019-06-28 10:02:00.000000000,99864,537,99827,537,99944,100,99630,100,100082,100,99590,100,100090,100,99553,100,100102,100,99457,100,100107,100,99108,300,100113,100,98976,100,100141,100,98975,100,100228,100,98656,100,100267,100,,
2019-06-28 10:02:10.000000000,99864,318,99827,318,99944,318,99630,318,100082,100,99590,100,100090,100,99553,100,100102,100,99457,100,100107,100,99108,300,100113,100,98976,100,100141,100,98975,100,100228,100,98656,100,100267,100,,
2019-06-28 10:02:11.606854295,99864,218,99827,318,99944,318,99630,318,100082,100,99590,100,100090,100,99553,100,100102,100,99457,100,100107,100,99108,300,100113,100,98976,100,100141,100,98975,100,100228,100,98656,100,100267,100,,
2019-06-28 10:02:20.000000000,99944,537,99827,537,100082,100,99630,100,100090,100,99590,100,100102,100,99553,100,100107,100,99457,100,100113,100,99108,300,100141,100,98976,100,100228,100,98975,100,100267,100,98656,100,100306,100,,
2019-06-28 10:02:21.215637149,99919,100,99827,537,99944,537,99630,100,100082,100,99590,100,100090,100,99553,100,100102,100,99457,100,100107,100,99108,300,100113,100,98976,100,100141,100,98975,100,100228,100,98656,100,100267,100,,
2019-06-28 10:02:30.000000000,99919,318,99827,318,99944,318,99630,318,100082,100,99590,100,100090,100,99553,100,100102,100,99457,100,100107,100,99108,300,100113,100,98976,100,100141,100,98975,100,100228,100,98656,100,100267,100,,
2019-06-28 10:02:36.884193342,99919,318,99827,318,99944,318,99630,318,100082,100,99590,100,100090,100,99556,100,100102,100,99553,100,100107,100,99457,100,100113,100,99108,300,100141,100,98976,100,100228,100,98975,100,100267,100,98656,100
2019-06-28 10:02:40.000000000,99919,249,99827,249,99944,244,99630,244,100082,244,99590,244,100090,100,99556,100,100102,100,99553,100,100107,100,99457,100,100113,100,99108,300,100141,100,98976,100,100228,100,98975,100,100267,100,98656,100
2019-06-28 10:02:45.480865999,99863,100,99827,249,99919,249,99630,244,99944,144,99590,244,100082,244,99556,100,100090,100,99553,100,100102,100,99457,100,100107,100,99108,300,100113,100,98976,100,100141,100,98975,100,100228,100,98656,100
2019-06-28 10:02:46.057016689,99863,100,99827,249,99919,249,99630,244,99944,144,99590,244,100082,244,99556,100,100090,100,99553,100,100102,100,99457,100,100107,100,99409,100,100113,100,99108,300,100141,100,98976,100,100228,100,98975,100
2019-06-28 10:02:50.000000000,99863,249,99827,249,99919,244,99630,244,100082,244,99590,244,100090,100,99556,100,100102,100,99553,100,100107,100,99457,100,100113,100,99409,100,100141,100,99108,300,100228,100,98976,100,100267,100,98975,100
2019-06-28 10:03:00.000000000,99863,537,99827,537,99919,100,99630,100,100082,100,99590,100,100090,100,99556,100,100102,100,99553,100,100107,100,99457,100,100113,100,99409,100,100141,100,99108,300,100228,100,98976,100,100267,100,98975,100
2019-06-28 10:03:10.000000000,99863,209,99827,209,99919,209,99630,209,100082,209,99590,209,100090,209,99556,209,100102,100,99553,100,100107,100,99457,100,100113,100,99409,100,100141,100,99108,300,100228,100,98976,100,100267,100,98975,100
2019-06-28 10:03:20.000000000,99863,318,99827,318,99919,318,99630,318,100082,100,99590,100,100090,100,99556,100,100102,100,99553,100,100107,100,99457,100,100113,100,99409,100,100141,100,99108,300,100228,100,98976,100,100267,100,98975,100
2019-06-28 10:03:30.000000000,99863,537,99827,537,99919,100,99630,100,100082,100,99590,100,100090,100,99556,100,100102,100,99553,100,100107,100,99457,100,100113,100,99409,100,100141,100,99108,300,100228,100,98976,100,100267,100,98975,100
2019-06-28 10:03:40.000000000,99863,537,99827,537,99919,100,99630,100,100082,100,99590,100,100090,100,99556,100,100102,100,99553,100,100107,100,99457,100,100113,100,99409,100,100141,100,99108,300,100228,100,98976,100,100267,100,98975,100
2019-06-28 10:03:44.738537726,99863,537,99827,437,99919,100,99630,100,100082,100,99590,100,100090,100,99556,100,100102,100,99553,100,100107,100,99457,100,100113,100,99409,100,100141,100,99108,300,100228,100,98976,100,100267,100,98975,100
2019-06-28 10:03:46.872835755,99862,100,99827,437,99863,537,99630,100,99919,100,99590,100,100082,100,99556,100,100090,100,99553,100,100102,100,99457,100,100107,100,99409,100,100113,100,99108,300,100141,100,98976,100,100228,100,98975,100
2019-06-28 10:03:50.000000000,99862,187,99630,187,99863,187,99590,187,99919,187,99556,187,100082,187,99553,187,100090,187,99457,187,100102,100,99409,100,100107,100,99108,300,100113,100,98976,100,100141,100,98975,100,100228,100,98656,100
2019-06-28 10:04:00.000000000,99862,209,99630,209,99863,209,99590,209,99919,209,99556,209,100082,209,99553,209,100090,100,99457,100,100102,100,99409,100,100107,100,99108,300,100113,100,98976,100,100141,100,98975,100,100228,100,98656,100
2019-06-28 10:04:01.741130454,99862,209,99630,109,99863,209,99590,209,99919,209,99556,209,100082,209,99553,209,100102,100,99457,100,100107,100,99409,100,100113,100,99108,300,100141,100,98976,100,100228,100,98975,100,100267,100,98656,100
2019-06-28 10:04:10.000000000,99862,318,99590,318,99863,318,99556,318,99919,100,99553,100,100082,100,99457,100,100102,100,99409,100,100107,100,99108,300,100113,100,98976,100,100141,100,98975,100,100228,100,98656,100,100267,100,,
2019-06-28 10:04:17.893518838,99862,318,99590,218,99863,318,99556,318,99919,100,99553,100,100102,100,99457,100,100107,100,99409,100,100113,100,99108,300,100141,100,98976,100,100228,100,98975,100,100267,100,98656,100,100306,100,,
2019-06-28 10:04:20.000000000,99862,249,99556,249,99863,244,99553,244,99919,244,99457,244,100102,100,99409,100,100107,100,99108,300,100113,100,98976,100,100141,100,98975,100,100228,100,98656,100,100267,100,,,100306,100,,
2019-06-28 10:04:25.838243973,99862,249,99556,249,99863,244,99553,244,99919,244,99457,244,100102,100,99409,100,100107,100,99108,300,100113,100,98976,100,100141,100,98975,100,100228,100,98857,100,100267,100,98656,100,100306,100,,
2019-06-28 10:04:30.000000000,99862,187,99556,187,99863,187,99553,187,99919,187,99457,187,100102,187,99409,187,100107,187,99108,387,100113,100,98976,100,100141,100,98975,100,100228,100,98857,100,100267,100,98656,100,100306,100,,
2019-06-28 10:04:40.000000000,99862,187,99556,187,99863,187,99553,187,99919,187,99457,187,100102,187,99409,187,100107,187,99108,387,100113,100,98976,100,100141,100,98975,100,100228,100,98857,100,100267,100,98656,100,100306,100,,
2019-06-28 10:04:50.000000000,99862,318,99556,318,99863,318,99553,318,99919,100,99457,100,100102,100,99409,100,100107,100,99108,300,100113,100,98976,100,100141,100,98975,100,100228,100,98857,100,100267,100,98656,100,100306,100,,
2019-06-28 10:05:00.000000000,99862,249,99556,249,99863,244,99553,244,99919,244,99457,244,100102,100,99409,100,100107,100,99108,300,100113,100,98976,100,100141,100,98975,100,100228,100,98857,100,100267,100,98656,100,100306,100,,
2019-06-28 10:05:10.000000000,99862,209,99556,209,99863,209,99553,209,99919,209,99457,209,100102,209,99409,209,100107,100,99108,300,100113,100,98976,100,100141,100,98975,100,100228,100,98857,100,100267,100,98656,100,100306,100,,
2019-06-28 10:05:20.000000000,99862,537,99556,537,99863,100,99553,100,99919,100,99457,100,100102,100,99409,100,100107,100,99108,300,100113,100,98976,100,100141,100,98975,100,100228,100,98857,100,100267,100,98656,100,100306,100,,
2019-06-28 10:05:21.512195222,99862,537,99556,537,99863,100,99553,200,99919,100,99457,100,100102,100,99409,100,100107,100,99108,300,100113,100,98976,100,100141,100,98975,100,100228,100,98857,100,100267,100,98656,100,100306,100,,
2019-06-28 10:05:30.000000000,99862,318,99556,318,99863,318,99553,418,99919,100,99457,100,100102,100,99409,100,100107,100,99108,300,100113,100,98976,100,100141,100,98975,100,100228,100,98857,100,100267,100,98656,100,100306,100,,
2019-06-28 10:05:40.000000000,99862,187,99556,187,99863,187,99553,287,99919,187,99457,187,100102,187,99409,187,100107,187,99108,387,100113,100,98976,100,100141,100,98975,100,100228,100,98857,100,100267,100,98656,100,100306,100,,
2019-06-28 10:05:50.000000000,99862,187,99556,187,99863,187,99553,287,99919,187,99457,187,100102,187,99409,187,100107,187,99108,387,100113,100,98976,100,100141,100,98975,100,100228,100,98857,100,100267,100,98656,100,100306,100,,
2019-06-28 10:05:54.469705843,99862,187,99556,187,99863,187,99553,287,99919,187,99457,187,100102,187,99409,187,100107,187,99108,387,100141,100,99072,100,100228,100,98976,100,100267,100,98975,100,100306,100,98857,100,100329,100,98656,100
2019-06-28 10:05:58.538559060,99630,100,99556,187,99862,187,99553,287,99863,187,99457,187,99919,187,99409,187,100102,187,99108,387,100107,187,99072,100,100141,100,98976,100,100228,100,98975,100,100267,100,98857,100,100306,100,98656,100
2019-06-28 10:06:00.000000000,99630,537,99556,537,99862,100,99553,200,99863,100,99457,100,99919,100,99409,100,100102,100,99108,300,100107,100,99072,100,100141,100,98976,100,100228,100,98975,100,100267,100,98857,100,100306,100,98656,100
2019-06-28 10:06:07.807821977,99630,537,99556,537,99862,100,99553,200,99863,100,99457,100,99919,100,99409,100,100102,100,99108,300,100107,100,99072,100,100141,100,98979,100,100228,100,98976,100,100267,100,98975,100,100306,100,98857,100
2019-06-28 10:06:10.000000000,99630,187,99556,187,99862,187,99553,287,99863,187,99457,187,99919,187,99409,187,100102,187,99108,387,100107,100,99072,100,100141,100,98979,100,100228,100,98976,100,100267,100,98975,100,100306,100,98857,100
2019-06-28 10:06:18.739688730,99630,187,99556,187,99862,187,99553,287,99863,187,99457,187,99919,187,99409,187,100102,187,99112,100,100107,100,99108,387,100141,100,99072,100,100228,100,98979,100,100267,100,98976,100,100329,100,98975,100
2019-06-28 10:06:20.000000000,99630,209,99556,209,99862,209,99553,309,99863,209,99457,209,99919,209,99409,209,100102,100,99112,100,100107,100,99108,300,100141,100,99072,100,100228,100,98979,100,100267,100,98976,100,100329,100,98975,100
2019-06-28 10:06:21.426468620,99630,309,99556,209,99862,209,99553,309,99863,209,99457,209,99919,209,99409,209,100102,100,99112,100,100107,100,99108,300,100141,100,99072,100,100228,100,98979,100,100267,100,98976,100,100329,100,98975,100
2019-06-28 10:06:26.716161939,99630,309,99556,109,99862,209,99553,309,99863,209,99457,209,99919,209,99409,209,100102,100,99112,100,100107,100,99108,300,100141,100,99072,100,100228,100,98979,100,100267,100,98976,100,100329,100,98975,100
2019-06-28 10:06:30.000000000,99630,309,99553,309,99862,209,99457,209,99863,209,99409,209,99919,209,99112,209,100102,100,99108,300,100107,100,99072,100,100141,100,98979,100,100228,100,98976,100,100267,100,98975,100,100329,100,98857,100
2019-06-28 10:06:40.000000000,99630,287,99553,287,99862,187,99457,187,99863,187,99409,187,99919,187,99112,187,100102,187,99108,387,100107,100,99072,100,100141,100,98979,100,100228,100,98976,100,100267,100,98975,100,100329,100,98857,100
2019-06-28 10:06:50.000000000,99630,637,99553,637,99862,100,99457,100,99863,100,99409,100,99919,100,99112,100,100102,100,99108,300,100107,100,99072,100,100141,100,98979,100,100228,100,98976,100,100267,100,98975,100,100329,100,98857,100
2019-06-28 10:07:00.000000000,99630,637,99553,637,99862,100,99457,100,99863,100,99409,100,99919,100,99112,100,100102,100,99108,300,100107,100,99072,100,100141,100,98979,100,100228,100,98976,100,100267,100,98975,100,100329,100,98857,100
2019-06-28 10:07:10.000000000,99630,309,99553,309,99862,209,99457,209,99863,209,99409,209,99919,209,99112,209,100102,100,99108,300,100107,100,99072,100,100141,100,98979,100,100228,100,98976,100,100267,100,98975,100,100329,100,98857,100
2019-06-28 10:07:20.000000000,99630,418,99553,418,99862,318,99457,318,99863,100,99409,100,99919,100,99112,100,100102,100,99108,300,100107,100,99072,100,100141,100,98979,100,100228,100,98976,100,100267,100,98975,100,100329,100,98857,100
2019-06-28 10:07:21.054108271,99630,418,99553,318,99862,318,99457,318,99863,100,99409,100,99919,100,99112,100,100102,100,99108,300,100107,100,99072,100,100141,100,98979,100,100228,100,98976,100,100267,100,98975,100,100329,100,98857,100
2019-06-28 10:07:30.000000000,99630,418,99553,318,99862,318,99457,318,99863,100,99409,100,99919,100,99112,100,100102,100,99108,300,100107,100,99072,100,100141,100,98979,100,100228,100,98976,100,100267,100,98975,100,100329,100,98857,100
2019-06-28 10:07:40.000000000,99630,309,99553,209,99862,209,99457,209,99863,209,99409,209,99919,209,99112,209,100102,100,99108,300,100107,100,99072,100,100141,100,98979,100,100228,100,98976,100,100267,100,98975,100,100329,100,98857,100
2019-06-28 10:07:50.000000000,99630,418,99553,318,99862,318,99457,318,99863,100,99409,100,99919,100,99112,100,100102,100,99108,300,100107,100,99072,100,100141,100,98979,100,100228,100,98976,100,100267,100,98975,100,100329,100,98857,100
2019-06-28 10:08:00.000000000,99630,287,99553,187,99862,187,99457,187,99863,187,99409,187,99919,187,99112,187,100102,187,99108,387,100107,100,99072,100,100141,100,98979,100,100228,100,98976,100,100267,100,98975,100,100329,100,98857,100
2019-06-28 10:08:09.227300178,99630,287,99553,187,99862,187,99457,187,99863,187,99409,187,99919,187,99112,187,100102,187,99108,387,100107,100,99072,100,100141,100,98979,100,100228,100,98976,100,100267,100,98975,100,100329,100,98857,100
2019-06-28 10:08:10.000000000,99630,309,99553,209,99862,209,99457,209,99863,209,99409,209,99919,209,99112,209,100102,100,99108,300,100107,100,99072,100,100141,100,98979,100,100228,100,98976,100,100267,100,98975,100,100329,100,98857,100
2019-06-28 10:08:20.000000000,99630,309,99553,209,99862,209,99457,209,99863,209,99409,209,99919,209,99112,209,100102,100,99108,300,100107,100,99072,100,100141,100,98979,100,100228,100,98976,100,100267,100,98975,100,100329,100,98857,100
2019-06-28 10:08:30.000000000,99630,418,99553,318,99862,318,99457,318,99863,100,99409,100,99919,100,99112,100,100102,100,99108,300,100107,100,99072,100,100141,100,98979,100,100228,100,98976,100,100267,100,98975,100,100329,100,98857,100
2019-06-28 10:08:40.000000000,99630,637,99553,537,99862,100,99457,100,99863,100,99409,100,99919,100,99112,100,100102,100,99108,300,100107,100,99072,100,100141,100,98979,100,100228,100,98976,100,100267,100,98975,100,100329,100,98857,100
2019-06-28 10:08:50.000000000,99630,287,99553,187,99862,187,99457,187,99863,187,99409,187,99919,187,99112,187,100102,187,99108,387,100107,100,99072,100,100141,100,98979,100,100228,100,98976,100,100267,100,98975,100,100329,100,98857,100
2019-06-28 10:08:51.896355164,99630,287,99553,87,99862,187,99457,187,99863,187,99409,187,99919,187,99112,187,100102,187,99108,387,100107,100,99072,100,100141,100,98979,100,100228,100,98976,100,100267,100,98975,100,100329,100,98857,100
2019-06-28 10:09:00.000000000,99630,287,99457,187,99862,187,99409,187,99863,187,99112,187,99919,187,99108,387,100102,187,99072,187,100107,100,98979,100,100141,100,98976,100,100228,100,98975,100,100267,100,98857,100,100329,100,98672,100
2019-06-28 10:09:10.000000000,99630,637,99457,537,99862,100,99409,100,99863,100,99112,100,99919,100,99108,300,100102,100,99072,100,100107,100,98979,100,100141,100,98976,100,100228,100,98975,100,100267,100,98857,100,100329,100,98672,100
2019-06-28 10:09:20.000000000,99630,309,99457,209,99862,209,99409,209,99863,209,99112,209,99919,209,99108,409,100102,100,99072,100,100107,100,98979,100,100141,100,98976,100,100228,100,98975,100,100267,100,98857,100,100329,100,98672,100
2019-06-28 10:09:30.000000000,99630,287,99457,187,99862,187,99409,187,99863,187,99112,187,99919,187,99108,387,100102,187,99072,187,100107,100,98979,100,100141,100,98976,100,100228,100,98975,100,100267,100,98857,100,100329,100,98672,100
2019-06-28 10:09:35.808341151,99630,187,99457,187,99862,187,99409,187,99863,187,99112,187,99919,187,99108,387,100102,187,99072,187,100107,100,98979,100,100141,100,98976,100,100228,100,98975,100,100267,100,98857,100,100329,100,98672,100
2019-06-28 10:09:40.000000000,99630,318,99457,318,99862,318,99409,318,99863,100,99112,100,99919,100,99108,300,100102,100,99072,100,100107,100,98979,100,100141,100,98976,100,100228,100,98975,100,100267,100,98857,100,100329,100,98672,100
2019-06-28 10:09:46.908107309,99630,318,99554,100,99862,318,99457,318,99863,100,99409,318,99919,100,99112,100,100102,100,99108,300,100107,100,99072,100,100141,100,98979,100,100228,100,98976,100,100267,100,98975,100,100329,100,98857,100
2019-06-28 10:09:50.000000000,99630,209,99554,209,99862,209,99457,209,99863,209,99409,209,99919,209,99112,209,100102,100,99108,300,100107,100,99072,100,100141,100,98979,100,100228,100,98976,100,100267,100,98975,100,100329,100,98857,100
2019-06-28 10:09:56.846734278,99630,209,99554,209,99862,209,99457,209,99863,209,99409,209,99919,209,99112,209,100102,100,99108,300,100107,100,99072,100,100141,100,98979,100,100228,100,98975,100,100267,100,98857,100,100329,100,98672,100
2019-06-28 10:09:59.979233405,99630,209,99554,209,99862,209,99457,209,99863,209,99409,209,99919,209,99112,209,100102,100,99108,300,100107,100,99072,100,100141,100,98979,100,100228,100,98975,100,100267,100,98857,100,100329,100,98672,100
2019-06-28 10:10:00.000000000,99630,318,99554,318,99862,318,99457,318,99863,100,99409,100,99919,100,99112,100,100102,100,99108,300,100107,100,99072,100,100141,100,98979,100,100228,100,98975,100,100267,100,98857,100,100329,100,98672,100
2019-06-28 10:10:10.000000000,99630,537,99554,537,99862,100,99457,100,99863,100,99409,100,99919,100,99112,100,100102,100,99108,300,100107,100,99072,100,100141,100,98979,100,100228,100,98975,100,100267,100,98857,100,100329,100,98672,100
2019-06-28 10:10:19.506176493,99630,537,99554,537,99862,100,99457,100,99863,100,99409,100,99919,100,99112,100,100102,100,99108,300,100107,100,99072,100,100141,100,98979,100,100228,100,98975,100,100267,100,98857,100,100320,100,98672,100
