,ask_price_1,ask_size_1,bid_price_1,bid_size_1,ask_price_2,ask_size_2,bid_price_2,bid_size_2,ask_price_3,ask_size_3,bid_price_3,bid_size_3,ask_price_4,ask_size_4,bid_price_4,bid_size_4,ask_price_5,ask_size_5,bid_price_5,bid_size_5,ask_price_6,ask_size_6,bid_price_6,bid_size_6,ask_price_7,ask_size_7,bid_price_7,bid_size_7,ask_price_8,ask_size_8,bid_price_8,bid_size_8,ask_price_9,ask_size_9,bid_price_9,bid_size_9,ask_price_10,ask_size_10,bid_price_10,bid_size_10
2019-06-28 09:30:00.000000001,99970,100,,,,,,,,,,,,,,,,,,,,,,,,,,,,,,,,,,,,,,
2019-06-28 09:30:00.000000005,99998,100,,,,,,,,,,,,,,,,,,,,,,,,,,,,,,,,,,,,,,
2019-06-28 09:30:00.000000006,99998,100,,,100085,100,,,,,,,,,,,,,,,,,,,,,,,,,,,,,,,,,,
2019-06-28 09:30:00.000000007,99998,100,,,100047,100,,,100085,100,,,,,,,,,,,,,,,,,,,,,,,,,,,,,,
2019-06-28 09:30:00.000000009,99998,100,,,100047,100,,,100070,100,,,100085,100,,,,,,,,,,,,,,,,,,,,,,,,,,
2019-06-28 09:30:00.000000010,99998,100,99981,100,100047,100,99938,100,100070,100,,,100085,100,,,,,,,,,,,,,,,,,,,,,,,,,,
2019-06-28 09:30:00.000000013,100047,100,99981,100,100070,100,99938,100,100085,100,,,,,,,,,,,,,,,,,,,,,,,,,,,,,,
2019-06-28 09:30:00.000000014,100047,100,99981,100,100070,100,99938,100,100085,100,,,100146,100,,,,,,,,,,,,,,,,,,,,,,,,,,
2019-06-28 09:30:00.000000017,100047,100,99981,100,100070,100,99938,100,100085,100,99937,100,100146,100,99924,100,,,,,,,,,,,,,,,,,,,,,,,,
2019-06-28 09:30:00.000000018,100047,100,100021,100,100070,100,99981,100,100085,100,99938,100,100146,100,99937,100,,,99924,100,,,,,,,,,,,,,,,,,,,,
2019-06-28 09:30:00.000000019,100047,100,100021,100,100070,100,99981,100,100085,100,99970,100,100146,100,99938,100,,,99937,100,,,99924,100,,,,,,,,,,,,,,,,
2019-06-28 09:30:00.000000024,100047,100,99981,100,100070,100,99970,100,100085,100,99938,100,100146,100,99937,100,,,99924,100,,,,,,,,,,,,,,,,,,,,
2019-06-28 09:30:00.000000025,100047,100,99970,100,100070,100,99938,100,100085,100,99937,100,100146,100,99924,100,,,,,,,,,,,,,,,,,,,,,,,,
2019-06-28 09:30:00.000000028,100047,100,99970,100,100070,100,99938,100,100085,100,99937,100,100146,100,99924,100,,,99901,100,,,,,,,,,,,,,,,,,,,,
2019-06-28 09:30:00.000000031,100047,100,99970,100,100070,100,99938,100,100085,100,99937,100,100099,100,99924,100,100146,100,99901,100,,,,,,,,,,,,,,,,,,,,
2019-06-28 09:30:00.000000032,100047,100,99970,100,100058,100,99938,100,100070,100,99937,100,100085,100,99924,100,100099,100,99901,100,100146,100,,,,,,,,,,,,,,,,,,
2019-06-28 09:30:00.000000034,100015,100,99970,100,100047,100,99938,100,100058,100,99937,100,100070,100,99924,100,100085,100,99901,100,100099,100,99883,100,100146,100,,,,,,,,,,,,,,
2019-06-28 09:30:00.000000035,99981,100,99970,100,100015,100,99938,100,100047,100,99937,100,100058,100,99924,100,100070,100,99901,100,100085,100,99883,100,100099,100,,,100146,100,,,,,,,,,,
2019-06-28 09:30:00.000000036,99981,100,99970,100,100015,100,99938,100,100021,100,99937,100,100047,100,99924,100,100052,100,99901,100,100058,100,99883,100,100070,100,,,100085,100,,,100099,100,,,100146,100,,
2019-06-28 09:30:00.000000037,99981,100,99970,100,100015,100,99938,100,100021,200,99937,100,100047,100,99924,100,100052,100,99901,100,100058,100,99883,100,100070,100,,,100085,100,,,100099,100,,,100146,100,,
2019-06-28 09:30:00.000000039,99981,100,99970,100,100015,100,99957,100,100021,200,99938,100,100047,100,99937,100,100052,100,99924,100,100058,100,99901,100,100070,100,99883,100,100085,100,,,100099,100,,,100146,100,,
2019-06-28 09:30:00.000000041,99981,100,99970,100,100015,100,99957,100,100021,200,99938,100,100047,100,99937,100,100052,100,99924,100,100058,100,99901,100,100070,100,99883,100,100085,100,,,100099,100,,,100138,100,,
2019-06-28 09:30:00.000000043,99981,100,99972,100,100015,100,99970,100,100021,200,99957,100,100047,100,99938,100,100052,100,99937,100,100058,100,99924,100,100070,100,99901,100,100085,100,99883,100,100099,100,,,100138,100,,
2019-06-28 09:30:00.000000045,99981,100,99972,100,100015,100,99970,100,100021,200,99957,100,100047,100,99938,100,100052,100,99937,100,100058,100,99924,100,100070,100,99901,100,100085,100,99883,100,100089,100,,,100099,100,,
2019-06-28 09:30:00.000000046,100015,100,99972,100,100021,200,99970,100,100047,100,99957,100,100052,100,99938,100,100058,100,99937,100,100070,100,99924,100,100085,100,99901,100,100089,100,99883,100,100099,100,,,100138,100,,
2019-06-28 09:30:00.000000047,100015,100,99972,100,100021,200,99970,100,100047,100,99957,100,100052,100,99938,100,100058,100,99937,100,100070,100,99924,100,100085,100,99901,100,100089,100,99883,100,100099,100,99831,100,100135,100,,
2019-06-28 09:30:00.000000048,100015,100,99972,100,100021,200,99970,100,100047,100,99957,100,100052,100,99938,100,100058,100,99937,100,100070,100,99924,100,100085,100,99901,100,100089,100,99883,100,100099,100,99831,100,100101,100,,
2019-06-28 09:30:00.000000049,99981,100,99972,100,100015,100,99970,100,100021,200,99957,100,100047,100,99938,100,100052,100,99937,100,100058,100,99924,100,100070,100,99901,100,100085,100,99883,100,100089,100,99831,100,100099,100,,
2019-06-28 09:30:00.000000050,99981,100,99972,100,100015,100,99970,100,100021,200,99957,100,100047,100,99938,100,100052,100,99937,100,100058,100,99924,100,100070,100,99901,100,100085,100,99883,100,100089,100,99844,100,100099,100,99831,100
2019-06-28 09:30:00.000000052,99981,100,99972,100,100015,100,99970,100,100021,200,99957,100,100047,100,99938,100,100052,100,99937,100,100058,100,99924,100,100070,100,99901,100,100085,100,99883,100,100089,100,99844,100,100099,100,99831,100
2019-06-28 09:30:00.000000053,100015,100,99972,100,100021,200,99970,100,100047,100,99957,100,100052,100,99938,100,100058,100,99937,100,100070,100,99924,100,100085,100,99901,100,100089,100,99883,100,100099,100,99844,100,100101,100,99831,100
2019-06-28 09:30:00.000000054,100015,100,99972,100,100021,200,99970,100,100047,100,99957,100,100052,100,99938,100,100058,100,99937,100,100070,100,99924,100,100085,100,99901,100,100089,100,99883,100,100099,100,99877,100,100101,100,99844,100
2019-06-28 09:30:00.000000055,100015,100,99972,100,100021,200,99970,100,100047,100,99957,100,100052,100,99938,100,100058,100,99937,100,100070,100,99924,100,100085,100,99901,100,100089,100,99883,100,100099,100,99877,100,100101,100,99844,100
2019-06-28 09:30:00.000000058,100015,100,99972,100,100021,200,99970,100,100047,100,99957,100,100052,100,99938,100,100058,100,99937,100,100070,100,99924,100,100085,100,99901,100,100089,100,99883,100,100099,100,99882,100,100101,100,99877,100
2019-06-28 09:30:00.000000063,100015,100,99972,100,100021,200,99970,100,100047,100,99957,100,100052,100,99938,100,100058,100,99937,100,100070,100,99924,100,100085,100,99902,100,100089,100,99901,100,100099,100,99883,100,100101,100,99882,100
2019-06-28 09:30:00.000000064,100015,100,100001,100,100021,200,99972,100,100047,100,99971,100,100052,100,99970,100,100058,100,99957,100,100070,100,99938,100,100085,100,99937,100,100089,100,99924,100,100099,100,99902,100,100101,100,99901,100
2019-06-28 09:30:00.000000066,100015,100,100001,100,100021,200,99972,100,100047,200,99971,100,100052,100,99970,100,100058,100,99957,100,100070,100,99938,100,100085,100,99937,100,100089,100,99924,100,100099,100,99902,100,100101,100,99901,100
2019-06-28 09:30:00.000000069,100015,100,100001,100,100021,200,99972,100,100023,100,99971,100,100047,200,99970,100,100052,100,99957,100,100058,100,99938,100,100070,100,99937,100,100085,100,99924,100,100089,100,99902,100,100099,100,99901,100
2019-06-28 09:30:00.000000073,100015,100,100001,100,100021,200,99972,100,100023,100,99971,100,100047,200,99970,100,100052,100,99957,100,100058,100,99938,100,100070,100,99937,100,100085,100,99924,100,100089,100,99902,100,100099,100,99901,100
2019-06-28 09:30:00.000000075,100015,100,100001,100,100021,200,99972,100,100023,100,99971,100,100045,100,99970,100,100047,200,99957,100,100052,100,99938,100,100058,100,99937,100,100070,100,99924,100,100085,100,99902,100,100089,100,99901,100
2019-06-28 09:30:00.000000076,100015,100,100001,100,100021,200,99972,100,100023,100,99971,100,100045,100,99970,100,100047,200,99957,100,100052,100,99938,100,100058,100,99937,100,100070,100,99924,100,100085,100,99902,100,100089,100,99901,100
2019-06-28 09:30:00.000000077,100015,100,100001,100,100021,200,99972,100,100023,100,99971,100,100045,200,99970,100,100047,200,99957,100,100052,100,99938,100,100058,100,99937,100,100069,100,99924,100,100070,100,99902,100,100085,100,99901,100
2019-06-28 09:30:00.000000078,100015,100,100001,100,100021,200,99981,100,100023,100,99972,100,100045,200,99971,100,100047,200,99970,100,100052,100,99957,100,100058,100,99938,100,100069,100,99937,100,100070,100,99924,100,100085,100,99902,100
2019-06-28 09:30:00.000000080,100015,100,100001,100,100021,200,99981,100,100023,100,99972,100,100045,200,99971,100,100047,200,99970,100,100052,100,99957,100,100058,100,99938,100,100069,100,99937,100,100070,100,99924,100,100085,100,99902,100
2019-06-28 09:30:00.000000082,100015,100,100001,100,100021,200,99981,100,100023,100,99972,100,100045,200,99971,100,100047,200,99970,100,100052,100,99957,100,100058,100,99938,100,100069,100,99937,100,100070,100,99924,100,100085,100,99902,100
2019-06-28 09:30:00.000000086,100015,100,100001,100,100021,200,99981,100,100023,100,99972,100,100045,200,99971,100,100047,200,99970,100,100052,100,99957,100,100058,100,99938,100,100069,100,99937,100,100070,100,99924,100,100085,100,99902,100
2019-06-28 09:30:00.000000089,100015,100,99981,100,100021,200,99972,100,100023,100,99971,100,100045,200,99970,100,100047,200,99957,100,100052,100,99938,100,100058,100,99937,100,100069,100,99924,100,100070,100,99902,100,100085,100,99901,100
2019-06-28 09:30:00.000000091,100001,100,99981,100,100015,100,99972,100,100021,200,99971,100,100023,100,99970,100,100045,200,99957,100,100047,200,99938,100,100052,100,99937,100,100058,100,99924,100,100069,100,99902,100,100070,100,99901,100
2019-06-28 09:30:00.000000094,100001,100,99981,100,100015,100,99972,100,100021,200,99971,100,100023,100,99970,100,100045,200,99957,100,100047,200,99938,100,100052,100,99937,100,100058,100,99934,100,100069,100,99924,100,100070,100,99902,100
2019-06-28 09:30:00.000000095,100001,100,99981,100,100015,100,99972,100,100021,200,99971,100,100023,100,99970,100,100045,200,99960,100,100047,200,99957,100,100052,100,99938,100,100058,100,99937,100,100069,100,99934,100,100070,100,99924,100
2019-06-28 09:30:00.000000096,100001,200,99981,100,100015,100,99972,100,100021,200,99971,100,100023,100,99970,100,100045,200,99960,100,100047,200,99957,100,100052,100,99938,100,100058,100,99937,100,100068,100,99934,100,100069,100,99924,100
2019-06-28 09:30:10.000000000,100001,272,99981,172,100015,172,99972,172,100021,272,99971,172,100023,172,99970,172,100045,200,99960,100,100047,200,99957,100,100052,100,99938,100,100058,100,99937,100,100068,100,99934,100,100069,100,99924,100
2019-06-28 09:30:15.564588968,100001,172,99981,172,100015,172,99972,172,100021,272,99971,172,100023,172,99970,172,100045,200,99960,100,100047,200,99957,100,100052,100,99938,100,100058,100,99937,100,100068,100,99934,100,100069,100,99907,100
2019-06-28 09:30:20.000000000,100001,172,99981,172,100015,172,99972,172,100021,272,99971,172,100023,172,99970,172,100045,200,99960,100,100047,200,99957,100,100052,100,99938,100,100058,100,99937,100,100068,100,99934,100,100069,100,99907,100
2019-06-28 09:30:28.330798662,100001,172,99982,100,100015,172,99981,172,100021,272,99972,172,100023,172,99971,172,100045,200,99970,172,100047,200,99960,100,100052,100,99957,100,100058,100,99938,100,100068,100,99937,100,100069,100,99934,100
2019-06-28 09:30:30.000000000,100001,158,99982,158,100015,158,99981,158,100021,258,99972,158,100023,158,99971,158,100045,258,99970,158,100047,200,99960,100,100052,100,99957,100,100058,100,99938,100,100068,100,99937,100,100069,100,99934,100
2019-06-28 09:30:39.963382501,100001,158,99982,258,100015,158,99981,158,100021,258,99972,158,100023,158,99971,158,100045,258,99970,158,100047,200,99960,100,100052,100,99957,100,100058,100,99938,100,100068,100,99937,100,100069,100,99934,100
2019-06-28 09:30:40.000000000,100001,390,99982,490,100015,100,99981,100,100021,200,99972,100,100023,100,99971,100,100045,200,99970,100,100047,200,99960,100,100052,100,99957,100,100058,100,99938,100,100068,100,99937,100,100069,100,99934,100
2019-06-28 09:30:50.000000000,100001,158,99982,258,100015,158,99981,158,100021,258,99972,158,100023,158,99971,158,100045,258,99970,158,100047,200,99960,100,100052,100,99957,100,100058,100,99938,100,100068,100,99937,100,100069,100,99934,100
2019-06-28 09:31:00.000000000,100001,172,99982,272,100015,172,99981,172,100021,272,99972,172,100023,172,99971,172,100045,200,99970,100,100047,200,99960,100,100052,100,99957,100,100058,100,99938,100,100068,100,99937,100,100069,100,99934,100
2019-06-28 09:31:10.000000000,100001,172,99982,272,100015,172,99981,172,100021,272,99972,172,100023,172,99971,172,100045,200,99970,100,100047,200,99960,100,100052,100,99957,100,100058,100,99938,100,100068,100,99937,100,100069,100,99934,100
2019-06-28 09:31:13.160118487,100001,72,99982,272,100015,172,99981,172,100021,272,99972,172,100023,172,99971,172,100045,200,99970,100,100047,200,99960,100,100052,100,99957,100,100058,100,99938,100,100068,100,99937,100,100069,100,99934,100
2019-06-28 09:31:20.000000000,100015,158,99982,258,100021,258,99981,158,100023,158,99972,158,100045,258,99971,158,100047,258,99970,158,100052,100,99960,100,100058,100,99957,100,100068,100,99938,100,100069,100,99937,100,100070,100,99934,100
2019-06-28 09:31:30.000000000,100015,245,99982,345,100021,345,99981,245,100023,100,99972,100,100045,200,99971,100,100047,200,99970,100,100052,100,99960,100,100058,100,99957,100,100068,100,99938,100,100069,100,99937,100,100070,100,99934,100
2019-06-28 09:31:40.000000000,100015,245,99982,345,100021,345,99981,245,100023,100,99972,100,100045,200,99971,100,100047,200,99970,100,100052,100,99960,100,100058,100,99957,100,100068,100,99938,100,100069,100,99937,100,100070,100,99934,100
2019-06-28 09:31:42.434237700,100015,245,99982,345,100021,345,99981,245,100023,100,99972,100,100045,200,99971,100,100047,200,99970,100,100052,100,99960,100,100058,100,99957,100,100068,100,99938,100,100069,100,99934,100,100070,100,99907,100
2019-06-28 09:31:50.000000000,100015,199,99982,299,100021,296,99981,196,100023,196,99972,196,100045,200,99971,100,100047,200,99970,100,100052,100,99960,100,100058,100,99957,100,100068,100,99938,100,100069,100,99934,100,100070,100,99907,100
2019-06-28 09:31:53.962846534,100015,99,99982,299,100021,296,99981,196,100023,196,99972,196,100045,200,99971,100,100047,200,99970,100,100052,100,99960,100,100058,100,99957,100,100068,100,99938,100,100069,100,99934,100,100070,100,99907,100
2019-06-28 09:32:00.000000000,100021,345,99982,345,100023,245,99981,245,100045,200,99972,100,100047,200,99971,100,100052,100,99970,100,100058,100,99960,100,100068,100,99957,100,100069,100,99938,100,100070,100,99934,100,100089,100,99907,100
2019-06-28 09:32:10.000000000,100021,490,99982,490,100023,100,99981,100,100045,200,99972,100,100047,200,99971,100,100052,100,99970,100,100058,100,99960,100,100068,100,99957,100,100069,100,99938,100,100070,100,99934,100,100089,100,99907,100
2019-06-28 09:32:19.627301263,100021,490,99982,490,100023,100,99981,100,100045,200,99972,100,100047,200,99971,100,100052,100,99970,100,100058,100,99960,100,100068,100,99957,100,100069,100,99938,100,100070,100,99934,100,100089,100,99907,100
2019-06-28 09:32:20.000000000,100021,299,99982,299,100023,196,99981,196,100045,296,99972,196,100047,200,99971,100,100052,100,99970,100,100058,100,99960,100,100068,100,99957,100,100069,100,99938,100,100070,100,99934,100,100089,100,99907,100
2019-06-28 09:32:25.029420879,100021,299,100001,100,100023,196,99982,299,100045,296,99981,196,100047,200,99972,196,100052,100,99971,100,100058,100,99970,100,100068,100,99960,100,100069,100,99957,100,100070,100,99938,100,100089,100,99934,100
2019-06-28 09:32:30.000000000,100021,258,100001,158,100023,158,99982,258,100045,258,99981,158,100047,258,99972,158,100052,158,99971,158,100058,100,99970,100,100068,100,99960,100,100069,100,99957,100,100070,100,99938,100,100089,100,99934,100
2019-06-28 09:32:40.000000000,100021,345,100001,245,100023,245,99982,345,100045,200,99981,100,100047,200,99972,100,100052,100,99971,100,100058,100,99970,100,100068,100,99960,100,100069,100,99957,100,100070,100,99938,100,100089,100,99934,100
2019-06-28 09:32:50.000000000,100021,299,100001,199,100023,196,99982,296,100045,296,99981,196,100047,200,99972,100,100052,100,99971,100,100058,100,99970,100,100068,100,99960,100,100069,100,99957,100,100070,100,99938,100,100089,100,99934,100
2019-06-28 09:32:54.215148434,100021,299,100001,199,100023,196,99982,296,100040,100,99981,196,100045,296,99972,100,100047,200,99971,100,100052,100,99970,100,100068,100,99960,100,100069,100,99957,100,100070,100,99938,100,100089,100,99934,100
2019-06-28 09:33:00.000000000,100021,272,100001,172,100023,172,99982,272,100040,172,99981,172,100045,272,99972,172,100047,200,99971,100,100052,100,99970,100,100068,100,99960,100,100069,100,99957,100,100070,100,99938,100,100089,100,99934,100
2019-06-28 09:33:01.809383986,100006,100,100001,172,100021,272,99982,272,100023,172,99981,172,100040,172,99972,172,100045,272,99971,100,100047,200,99970,100,100052,100,99960,100,100068,100,99957,100,100069,100,99938,100,100070,100,99934,100
2019-06-28 09:33:09.786141821,100006,100,100001,172,100021,272,99982,272,100023,172,99981,172,100040,172,99972,172,100045,272,99971,100,100047,200,99970,100,100052,100,99960,100,100068,100,99957,100,100069,100,99938,100,100070,100,99934,100
2019-06-28 09:33:10.000000000,100006,390,100001,390,100021,200,99982,200,100023,100,99981,100,100040,100,99972,100,100045,200,99971,100,100047,200,99970,100,100052,100,99960,100,100068,100,99957,100,100069,100,99938,100,100070,100,99934,100
2019-06-28 09:33:20.000000000,100006,199,100001,199,100021,296,99982,296,100023,196,99981,196,100040,100,99972,100,100045,200,99971,100,100047,200,99970,100,100052,100,99960,100,100068,100,99957,100,100069,100,99938,100,100070,100,99934,100
2019-06-28 09:33:22.425852607,100006,199,100001,99,100021,296,99982,296,100023,196,99981,196,100040,100,99972,100,100045,200,99971,100,100047,200,99970,100,100052,100,99960,100,100068,100,99957,100,100069,100,99938,100,100070,100,99934,100
2019-06-28 09:33:30.000000000,100006,390,99982,490,100021,200,99981,100,100023,100,99972,100,100040,100,99971,100,100045,200,99970,100,100047,200,99960,100,100052,100,99957,100,100068,100,99938,100,100069,100,99934,100,100070,100,99907,200
2019-06-28 09:33:36.213668913,100006,390,99982,490,100021,200,99981,100,100023,100,99972,100,100040,100,99971,100,100045,200,99970,100,100047,200,99960,100,100052,100,99957,100,100068,100,99938,100,100069,100,99934,100,100070,100,99907,200
2019-06-28 09:33:40.000000000,100006,390,99982,490,100021,200,99981,100,100023,100,99972,100,100040,100,99971,100,100045,200,99970,100,100047,200,99960,100,100052,100,99957,100,100068,100,99938,100,100069,100,99934,100,100070,100,99907,200
2019-06-28 09:33:41.851639000,100006,390,99982,490,100021,200,99981,100,100023,100,99972,100,100040,100,99971,100,100045,200,99970,100,100047,200,99960,100,100052,100,99957,100,100068,100,99938,100,100069,100,99934,100,100070,100,99907,200
2019-06-28 09:33:41.993179657,100006,390,99982,490,100021,200,99981,100,100023,100,99972,100,100040,100,99971,100,100045,200,99970,100,100047,200,99960,100,100052,100,99957,100,100068,100,99938,100,100069,100,99934,100,100070,100,99907,200
2019-06-28 09:33:43.150674041,100006,390,100001,100,100021,200,99982,490,100023,100,99972,100,100040,100,99971,100,100045,200,99970,100,100047,200,99960,100,100052,100,99957,100,100068,100,99938,100,100069,100,99934,100,100070,100,99907,200
2019-06-28 09:33:50.000000000,100006,245,100001,245,100021,345,99982,345,100023,100,99972,100,100040,100,99971,100,100045,200,99970,100,100047,200,99960,100,100052,100,99957,100,100068,100,99938,100,100069,100,99934,100,100070,100,99907,200
2019-06-28 09:34:00.000000000,100006,199,100001,199,100021,296,99982,296,100023,196,99972,196,100040,100,99971,100,100045,200,99970,100,100047,200,99960,100,100052,100,99957,100,100068,100,99938,100,100069,100,99934,100,100070,100,99907,200
2019-06-28 09:34:03.201698262,100006,199,100001,199,100021,296,99982,296,100023,196,99972,196,100040,100,99971,100,100045,200,99970,100,100047,200,99960,100,100052,100,99957,100,100068,100,99938,100,100069,100,99934,100,100070,100,99907,200
2019-06-28 09:34:10.000000000,100006,158,100001,158,100021,258,99982,258,100023,158,99972,158,100040,158,99971,158,100045,258,99970,158,100047,200,99960,100,100052,100,99957,100,100068,100,99938,100,100069,100,99934,100,100070,100,99907,200
2019-06-28 09:34:16.199039985,100006,158,100001,58,100021,258,99982,158,100023,158,99972,158,100040,158,99971,158,100045,258,99970,158,100047,200,99960,100,100052,100,99957,100,100068,100,99938,100,100069,100,99934,100,100070,100,99907,200
2019-06-28 09:34:19.437962203,100005,100,100001,58,100006,158,99982,158,100021,258,99972,158,100023,158,99971,158,100040,158,99970,158,100045,258,99960,100,100047,200,99957,100,100052,100,99938,100,100068,100,99934,100,100069,100,99907,200
2019-06-28 09:34:20.000000000,100005,172,99982,172,100006,172,99972,172,100021,272,99971,172,100023,172,99970,172,100040,100,99960,100,100045,200,99957,100,100047,200,99938,100,100052,100,99934,100,100068,100,99907,200,100069,100,99901,100
2019-06-28 09:34:21.092084103,100005,172,99982,172,100006,172,99972,172,100021,272,99971,172,100023,172,99970,172,100040,100,99960,100,100045,200,99957,100,100047,200,99938,100,100052,100,99934,100,100068,100,99907,200,100069,100,99901,100
2019-06-28 09:34:30.000000000,100005,245,99982,245,100006,245,99972,245,100021,200,99971,100,100023,100,99970,100,100040,100,99960,100,100045,200,99957,100,100047,200,99938,100,100052,100,99934,100,100068,100,99907,200,100069,100,99901,100
2019-06-28 09:34:40.000000000,100005,158,99982,158,100006,158,99972,158,100021,258,99971,158,100023,158,99970,158,100040,158,99960,158,100045,200,99957,100,100047,200,99938,100,100052,100,99934,100,100068,100,99907,200,100069,100,99901,100
2019-06-28 09:34:50.000000000,100005,245,99982,245,100006,245,99972,245,100021,200,99971,100,100023,100,99970,100,100040,100,99960,100,100045,200,99957,100,100047,200,99938,100,100052,100,99934,100,100068,100,99907,200,100069,100,99901,100
2019-06-28 09:35:00.000000000,100005,199,99982,199,100006,196,99972,196,100021,296,99971,196,100023,100,99970,100,100040,100,99960,100,100045,200,99957,100,100047,200,99938,100,100052,100,99934,100,100068,100,99907,200,100069,100,99901,100
2019-06-28 09:35:05.421199853,100005,199,99982,199,100006,196,99972,196,100021,296,99971,196,100023,100,99970,100,100040,100,99957,100,100045,200,99938,100,100047,200,99934,100,100052,100,99907,200,100068,100,99901,100,100069,100,99883,100
2019-06-28 09:35:09.695809789,100005,199,99982,199,100006,196,99972,196,100021,296,99971,196,100023,100,99970,100,100040,100,99957,100,100045,200,99938,100,100047,200,99934,100,100052,100,99907,200,100068,100,99901,100,100069,100,99883,100
2019-06-28 09:35:10.000000000,100005,199,99982,199,100006,196,99972,196,100021,296,99971,196,100023,100,99970,100,100040,100,99957,100,100045,200,99938,100,100047,200,99934,100,100052,100,99907,200,100068,100,99901,100,100069,100,99883,100
2019-06-28 09:35:20.000000000,100005,390,99982,390,100006,100,99972,100,100021,200,99971,100,100023,100,99970,100,100040,100,99957,100,100045,200,99938,100,100047,200,99934,100,100052,100,99907,200,100068,100,99901,100,100069,100,99883,100
2019-06-28 09:35:29.716479663,100005,390,99982,390,100006,100,99972,100,100021,200,99971,100,100023,100,99970,100,100040,100,99957,100,100045,200,99938,100,100047,200,99934,100,100052,100,99907,200,100068,100,99901,100,100069,100,99883,100
2019-06-28 09:35:30.000000000,100005,390,99982,390,100006,100,99972,100,100021,200,99971,100,100023,100,99970,100,100040,100,99957,100,100045,200,99938,100,100047,200,99934,100,100052,100,99907,200,100068,100,99901,100,100069,100,99883,100
2019-06-28 09:35:35.892981840,100005,390,99982,290,100006,100,99972,100,100021,200,99971,100,100023,100,99970,100,100040,100,99957,100,100045,200,99938,100,100047,200,99934,100,100052,100,99907,200,100068,100,99901,100,100069,100,99883,100
2019-06-28 09:35:40.000000000,100005,390,99972,390,100006,100,99971,100,100021,200,99970,100,100023,100,99957,100,100040,100,99938,100,100045,200,99934,100,100047,200,99907,200,100052,100,99901,100,100068,100,99883,100,100069,100,99882,100
2019-06-28 09:35:43.533238944,100005,390,99972,290,100006,100,99971,100,100021,200,99970,100,100023,100,99957,100,100040,100,99938,100,100045,200,99934,100,100047,200,99907,200,100052,100,99901,100,100068,100,99883,100,100069,100,99882,100
2019-06-28 09:35:49.433160490,100005,390,99972,290,100006,100,99971,100,100021,200,99970,100,100023,100,99957,100,100040,100,99938,100,100045,200,99934,100,100047,200,99907,200,100052,100,99901,100,100068,100,99883,100,100069,100,99882,100
2019-06-28 09:35:50.000000000,100005,158,99971,158,100006,158,99970,158,100021,258,99957,158,100023,158,99938,158,100040,158,99934,158,100045,200,99907,200,100047,200,99901,100,100052,100,99883,100,100068,100,99882,100,100069,100,99856,100
2019-06-28 09:36:00.000000000,100005,199,99971,199,100006,196,99970,196,100021,296,99957,196,100023,100,99938,100,100040,100,99934,100,100045,200,99907,200,100047,200,99901,100,100052,100,99883,100,100068,100,99882,100,100069,100,99856,100
2019-06-28 09:36:10.000000000,100005,245,99971,245,100006,245,99970,245,100021,200,99957,100,100023,100,99938,100,100040,100,99934,100,100045,200,99907,200,100047,200,99901,100,100052,100,99883,100,100068,100,99882,100,100069,100,99856,100
2019-06-28 09:36:20.000000000,100005,158,99971,158,100006,158,99970,158,100021,258,99957,158,100023,158,99938,158,100040,158,99934,158,100045,200,99907,200,100047,200,99901,100,100052,100,99883,100,100068,100,99882,100,100069,100,99856,100
2019-06-28 09:36:30.000000000,100005,172,99971,172,100006,172,99970,172,100021,272,99957,172,100023,172,99938,172,100040,100,99934,100,100045,200,99907,200,100047,200,99901,100,100052,100,99883,100,100068,100,99882,100,100069,100,99856,100
2019-06-28 09:36:38.268795555,100005,72,99971,172,100006,172,99970,172,100021,272,99957,172,100023,172,99938,172,100040,100,99934,100,100045,200,99907,200,100047,200,99901,100,100052,100,99883,100,100068,100,99882,100,100069,100,99856,100
2019-06-28 09:36:40.000000000,100006,199,99971,199,100021,296,99970,196,100023,196,99957,196,100040,100,99938,100,100045,200,99934,100,100047,200,99907,200,100052,100,99901,100,100068,100,99883,100,100069,100,99882,100,100089,100,99856,100
2019-06-28 09:36:50.000000000,100006,158,99971,158,100021,258,99970,158,100023,158,99957,158,100040,158,99938,158,100045,258,99934,158,100047,200,99907,200,100052,100,99901,100,100068,100,99883,100,100069,100,99882,100,100089,100,99856,100
2019-06-28 09:37:00.000000000,100006,245,99971,245,100021,345,99970,245,100023,100,99957,100,100040,100,99938,100,100045,200,99934,100,100047,200,99907,200,100052,100,99901,100,100068,100,99883,100,100069,100,99882,100,100089,100,99856,100
2019-06-28 09:37:03.393941693,100006,245,99971,245,100021,345,99970,245,100023,100,99957,100,100040,100,99938,100,100045,200,99934,100,100047,200,99907,200,100052,100,99901,100,100068,100,99883,100,100069,100,99882,100,100089,100,99856,100
2019-06-28 09:37:05.021576217,99985,100,99971,245,100006,245,99970,245,100021,345,99957,100,100023,100,99938,100,100040,100,99934,100,100045,200,99907,200,100047,200,99901,100,100052,100,99883,100,100068,100,99882,100,100069,100,99856,100
2019-06-28 09:37:10.000000000,99985,158,99971,158,100006,158,99970,158,100021,258,99957,158,100023,158,99938,158,100040,158,99934,158,100045,200,99907,200,100047,200,99901,100,100052,100,99883,100,100068,100,99882,100,100069,100,99856,100
2019-06-28 09:37:10.458035636,99985,58,99971,158,100006,158,99970,158,100021,258,99957,158,100023,158,99938,158,100040,158,99934,158,100045,200,99907,200,100047,200,99901,100,100052,100,99883,100,100068,100,99882,100,100089,100,99856,100
2019-06-28 09:37:20.000000000,100006,245,99971,245,100021,345,99970,245,100023,100,99957,100,100040,100,99938,100,100045,200,99934,100,100047,200,99907,200,100052,100,99901,100,100068,100,99883,100,100089,100,99882,100,100101,100,99856,100
2019-06-28 09:37:24.006414362,100006,245,99985,100,100021,345,99971,245,100023,100,99970,245,100040,100,99957,100,100045,200,99938,100,100047,200,99934,100,100052,100,99907,200,100068,100,99901,100,100089,100,99883,100,100101,100,99882,100
2019-06-28 09:37:30.000000000,100006,158,99985,158,100021,258,99971,158,100023,158,99970,158,100040,158,99957,158,100045,258,99938,158,100047,200,99934,100,100052,100,99907,200,100068,100,99901,100,100089,100,99883,100,100101,100,99882,100
2019-06-28 09:37:40.000000000,100006,390,99985,390,100021,200,99971,100,100023,100,99970,100,100040,100,99957,100,100045,200,99938,100,100047,200,99934,100,100052,100,99907,200,100068,100,99901,100,100089,100,99883,100,100101,100,99882,100
2019-06-28 09:37:42.705353604,100006,390,99985,490,100021,200,99971,100,100023,100,99970,100,100040,100,99957,100,100045,200,99938,100,100047,200,99934,100,100052,100,99907,200,100068,100,99901,100,100089,100,99883,100,100101,100,99882,100
2019-06-28 09:37:50.000000000,100006,158,99985,258,100021,258,99971,158,100023,158,99970,158,100040,158,99957,158,100045,258,99938,158,100047,200,99934,100,100052,100,99907,200,100068,100,99901,100,100089,100,99883,100,100101,100,99882,100
2019-06-28 09:37:57.762775774,100006,158,99985,258,100021,258,99971,158,100023,158,99970,158,100040,158,99957,158,100045,258,99938,158,100047,200,99934,100,100052,100,99907,200,100068,100,99901,100,100089,100,99883,100,100101,100,99882,100
2019-06-28 09:38:00.000000000,100006,245,99985,345,100021,345,99971,245,100023,100,99970,100,100040,100,99957,100,100045,200,99938,100,100047,200,99934,100,100052,100,99907,200,100068,100,99901,100,100089,100,99883,100,100101,100,99882,100
2019-06-28 09:38:10.000000000,100006,390,99985,490,100021,200,99971,100,100023,100,99970,100,100040,100,99957,100,100045,200,99938,100,100047,200,99934,100,100052,100,99907,200,100068,100,99901,100,100089,100,99883,100,100101,100,99882,100
2019-06-28 09:38:15.046638065,100006,390,99985,490,100021,200,99971,100,100023,100,99970,100,100040,100,99957,100,100045,200,99938,100,100047,200,99934,100,100052,100,99907,200,100068,100,99901,100,100089,100,99883,100,100101,100,99882,100
2019-06-28 09:38:16.760287954,100006,390,99985,490,100021,200,99983,100,100023,100,99971,100,100040,100,99970,100,100045,200,99957,100,100047,200,99938,100,100052,100,99934,100,100068,100,99907,200,100089,100,99901,100,100101,100,99883,100
2019-06-28 09:38:20.000000000,100006,172,99985,272,100021,272,99983,172,100023,172,99971,172,100040,172,99970,172,100045,200,99957,100,100047,200,99938,100,100052,100,99934,100,100068,100,99907,200,100089,100,99901,100,100101,100,99883,100
2019-06-28 09:38:30.000000000,100006,245,99985,345,100021,345,99983,245,100023,100,99971,100,100040,100,99970,100,100045,200,99957,100,100047,200,99938,100,100052,100,99934,100,100068,100,99907,200,100089,100,99901,100,100101,100,99883,100
2019-06-28 09:38:40.000000000,100006,158,99985,258,100021,258,99983,158,100023,158,99971,158,100040,158,99970,158,100045,258,99957,158,100047,200,99938,100,100052,100,99934,100,100068,100,99907,200,100089,100,99901,100,100101,100,99883,100
2019-06-28 09:38:44.690066171,100006,158,99985,258,100021,258,99983,158,100023,158,99971,158,100040,158,99970,158,100045,258,99957,158,100047,200,99938,100,100052,100,99934,100,100068,100,99907,200,100089,100,99901,100,100101,100,99883,100
2019-06-28 09:38:50.000000000,100006,245,99985,345,100021,345,99983,245,100023,100,99971,100,100040,100,99970,100,100045,200,99957,100,100047,200,99938,100,100052,100,99934,100,100068,100,99907,200,100089,100,99901,100,100101,100,99883,100
2019-06-28 09:38:55.367198137,100006,245,99985,345,100021,345,99983,245,100023,100,99971,100,100040,100,99970,100,100045,200,99957,100,100047,200,99938,100,100052,100,99934,100,100068,100,99907,200,100089,100,99901,100,100101,100,99883,100
2019-06-28 09:39:00.000000000,100006,172,99985,272,100021,272,99983,172,100023,172,99971,172,100040,172,99970,172,100045,200,99957,100,100047,200,99938,100,100052,100,99934,100,100068,100,99907,200,100089,100,99901,100,100101,100,99883,100
2019-06-28 09:39:07.806899243,100006,72,99985,272,100021,272,99983,172,100023,172,99971,172,100040,172,99970,172,100045,200,99938,100,100047,200,99934,100,100052,100,99907,200,100068,100,99901,100,100089,100,99883,100,100101,100,99882,100
2019-06-28 09:39:10.000000000,100021,299,99985,299,100023,196,99983,196,100040,196,99971,196,100045,200,99970,100,100047,200,99938,100,100052,100,99934,100,100068,100,99907,200,100089,100,99901,100,100101,100,99883,100,100114,100,99882,100
2019-06-28 09:39:16.856550331,100021,299,99985,299,100023,196,99983,196,100040,196,99971,196,100045,200,99970,100,100047,200,99938,100,100052,100,99934,100,100068,100,99907,200,100089,100,99901,100,100101,100,99883,100,100114,100,99882,100
2019-06-28 09:39:17.593683042,100021,199,99985,299,100023,196,99983,196,100040,196,99971,196,100045,200,99970,100,100047,200,99938,100,100052,100,99934,100,100068,100,99907,200,100089,100,99901,100,100101,100,99883,100,100114,100,99882,100
2019-06-28 09:39:20.000000000,100021,158,99985,258,100023,158,99983,158,100040,158,99971,158,100045,258,99970,158,100047,258,99938,158,100052,100,99934,100,100068,100,99907,200,100089,100,99901,100,100101,100,99883,100,100114,100,99882,100
2019-06-28 09:39:22.370988301,100021,158,99986,100,100023,158,99985,258,100040,158,99983,158,100045,258,99971,158,100047,258,99970,158,100052,100,99938,158,100068,100,99934,100,100089,100,99907,200,100101,100,99901,100,100114,100,99883,100
2019-06-28 09:39:29.302537124,100021,158,99986,100,100023,158,99985,258,100040,158,99983,158,100045,258,99971,158,100047,258,99970,158,100052,100,99938,158,100068,100,99934,100,100089,100,99907,200,100101,100,99901,100,100114,100,99883,100
2019-06-28 09:39:30.000000000,100021,199,99986,199,100023,196,99985,296,100040,196,99983,196,100045,200,99971,100,100047,200,99970,100,100052,100,99938,100,100068,100,99934,100,100089,100,99907,200,100101,100,99901,100,100114,100,99883,100
2019-06-28 09:39:40.000000000,100021,158,99986,158,100023,158,99985,258,100040,158,99983,158,100045,258,99971,158,100047,258,99970,158,100052,100,99938,100,100068,100,99934,100,100089,100,99907,200,100101,100,99901,100,100114,100,99883,100
2019-06-28 09:39:50.000000000,100021,199,99986,199,100023,196,99985,296,100040,196,99983,196,100045,200,99971,100,100047,200,99970,100,100052,100,99938,100,100068,100,99934,100,100089,100,99907,200,100101,100,99901,100,100114,100,99883,100
2019-06-28 09:39:53.674382993,100021,99,99986,199,100023,196,99985,296,100040,196,99983,196,100045,200,99971,100,100047,200,99970,100,100052,100,99938,100,100068,100,99934,100,100089,100,99907,200,100101,100,99901,100,100114,100,99883,100
2019-06-28 09:40:00.000000000,100023,199,99986,199,100040,196,99985,296,100045,296,99983,196,100047,200,99971,100,100052,100,99970,100,100068,100,99938,100,100089,100,99934,100,100101,100,99907,200,100114,100,99901,100,100120,100,99883,100
2019-06-28 09:40:05.452848403,100023,199,100006,100,100040,196,99986,199,100045,296,99985,296,100047,200,99983,196,100052,100,99971,100,100068,100,99970,100,100089,100,99938,100,100101,100,99934,100,100114,100,99907,200,100120,100,99901,100
2019-06-28 09:40:10.000000000,100023,390,100006,390,100040,100,99986,100,100045,200,99985,200,100047,200,99983,100,100052,100,99971,100,100068,100,99970,100,100089,100,99938,100,100101,100,99934,100,100114,100,99907,200,100120,100,99901,100
2019-06-28 09:40:12.370640273,100023,390,100006,490,100040,100,99986,100,100045,200,99985,200,100047,200,99983,100,100052,100,99971,100,100068,100,99970,100,100089,100,99938,100,100101,100,99934,100,100114,100,99907,200,100120,100,99901,100
2019-06-28 09:40:19.642147785,100023,290,100006,490,100040,100,99986,100,100045,200,99985,200,100047,200,99983,100,100052,100,99971,100,100068,100,99970,100,100089,100,99938,100,100101,100,99934,100,100114,100,99907,100,100120,100,99901,100
2019-06-28 09:40:20.000000000,100040,390,100006,490,100045,200,99986,100,100047,200,99985,200,100052,100,99983,100,100068,100,99971,100,100089,100,99970,100,100101,100,99938,100,100114,100,99934,100,100120,100,99907,100,100135,100,99901,100
2019-06-28 09:40:26.356688679,100040,390,100006,490,100045,200,99986,100,100047,200,99985,200,100052,100,99983,100,100068,100,99971,100,100089,100,99970,100,100101,100,99938,100,100114,100,99934,100,100120,100,99907,100,100135,100,99901,100
2019-06-28 09:40:30.000000000,100040,172,100006,272,100045,272,99986,172,100047,272,99985,272,100052,172,99983,172,100068,100,99971,100,100089,100,99970,100,100101,100,99938,100,100114,100,99934,100,100120,100,99907,100,100135,100,99901,100
2019-06-28 09:40:30.947481912,100040,172,100006,172,100045,272,99986,172,100047,272,99985,272,100052,172,99983,172,100068,100,99971,100,100089,100,99970,100,100101,100,99938,100,100114,100,99934,100,100120,100,99907,100,100135,100,99901,100
2019-06-28 09:40:40.000000000,100040,390,100006,390,100045,200,99986,100,100047,200,99985,200,100052,100,99983,100,100068,100,99971,100,100089,100,99970,100,100101,100,99938,100,100114,100,99934,100,100120,100,99907,100,100135,100,99901,100
2019-06-28 09:40:50.000000000,100040,172,100006,172,100045,272,99986,172,100047,272,99985,272,100052,172,99983,172,100068,100,99971,100,100089,100,99970,100,100101,100,99938,100,100114,100,99934,100,100120,100,99907,100,100135,100,99901,100
2019-06-28 09:40:56.786010815,100040,172,100021,100,100045,272,100006,172,100047,272,99986,172,100052,172,99985,272,100068,100,99983,172,100089,100,99971,100,100101,100,99970,100,100114,100,99938,100,100120,100,99934,100,100135,100,99907,100
2019-06-28 09:40:59.187315910,100040,172,100021,100,100045,272,100006,172,100047,272,99986,172,100052,172,99985,272,100068,100,99983,172,100089,100,99971,100,100101,100,99970,100,100114,100,99938,100,100120,100,99934,100,100135,100,99907,100
2019-06-28 09:41:00.000000000,100040,245,100021,245,100045,345,100006,245,100047,200,99986,100,100052,100,99985,200,100068,100,99983,100,100089,100,99971,100,100101,100,99970,100,100114,100,99938,100,100120,100,99934,100,100135,100,99907,100
2019-06-28 09:41:10.000000000,100040,158,100021,158,100045,258,100006,158,100047,258,99986,158,100052,158,99985,258,100068,158,99983,158,100089,100,99971,100,100101,100,99970,100,100114,100,99938,100,100120,100,99934,100,100135,100,99907,100
2019-06-28 09:41:13.562207835,100040,58,100021,158,100045,258,100006,158,100047,258,99986,158,100052,158,99985,258,100068,158,99983,158,100089,100,99971,100,100101,100,99970,100,100114,100,99938,100,100120,100,99934,100,100135,100,99907,100
2019-06-28 09:41:20.000000000,100045,272,100021,172,100047,272,100006,172,100052,172,99986,172,100068,172,99985,272,100089,100,99983,100,100101,100,99971,100,100114,100,99970,100,100120,100,99938,100,100135,100,99934,100,100146,100,99907,100
2019-06-28 09:41:30.000000000,100045,272,100021,172,100047,272,100006,172,100052,172,99986,172,100068,172,99985,272,100089,100,99983,100,100101,100,99971,100,100114,100,99970,100,100120,100,99938,100,100135,100,99934,100,100146,100,99907,100
2019-06-28 09:41:40.000000000,100045,345,100021,245,100047,345,100006,245,100052,100,99986,100,100068,100,99985,200,100089,100,99983,100,100101,100,99971,100,100114,100,99970,100,100120,100,99938,100,100135,100,99934,100,100146,100,99907,100
2019-06-28 09:41:50.000000000,100045,258,100021,158,100047,258,100006,158,100052,158,99986,158,100068,158,99985,258,100089,158,99983,158,100101,100,99971,100,100114,100,99970,100,100120,100,99938,100,100135,100,99934,100,100146,100,99907,100
2019-06-28 09:42:00.000000000,100045,272,100021,172,100047,272,100006,172,100052,172,99986,172,100068,172,99985,272,100089,100,99983,100,100101,100,99971,100,100114,100,99970,100,100120,100,99938,100,100135,100,99934,100,100146,100,99907,100
2019-06-28 09:42:10.000000000,100045,258,100021,158,100047,258,100006,158,100052,158,99986,158,100068,158,99985,258,100089,158,99983,158,100101,100,99971,100,100114,100,99970,100,100120,100,99938,100,100135,100,99934,100,100146,100,99907,100
2019-06-28 09:42:20.000000000,100045,490,100021,390,100047,200,100006,100,100052,100,99986,100,100068,100,99985,200,100089,100,99983,100,100101,100,99971,100,100114,100,99970,100,100120,100,99938,100,100135,100,99934,100,100146,100,99907,100
2019-06-28 09:42:30.000000000,100045,490,100021,390,100047,200,100006,100,100052,100,99986,100,100068,100,99985,200,100089,100,99983,100,100101,100,99971,100,100114,100,99970,100,100120,100,99938,100,100135,100,99934,100,100146,100,99907,100
2019-06-28 09:42:40.000000000,100045,345,100021,245,100047,345,100006,245,100052,100,99986,100,100068,100,99985,200,100089,100,99983,100,100101,100,99971,100,100114,100,99970,100,100120,100,99938,100,100135,100,99934,100,100146,100,99907,100
2019-06-28 09:42:50.000000000,100045,299,100021,199,100047,296,100006,196,100052,196,99986,196,100068,100,99985,200,100089,100,99983,100,100101,100,99971,100,100114,100,99970,100,100120,100,99938,100,100135,100,99934,100,100146,100,99907,100
2019-06-28 09:42:57.682149881,100045,199,100021,199,100047,296,100006,196,100052,196,99986,196,100068,100,99985,200,100089,100,99983,100,100101,100,99971,100,100114,100,99970,100,100120,100,99938,100,100135,100,99934,100,100146,100,99907,100
2019-06-28 09:43:00.000000000,100045,158,100021,158,100047,258,100006,158,100052,158,99986,158,100068,158,99985,258,100089,158,99983,158,100101,100,99971,100,100114,100,99970,100,100120,100,99938,100,100135,100,99934,100,100146,100,99907,100
2019-06-28 09:43:10.000000000,100045,245,100021,245,100047,345,100006,245,100052,100,99986,100,100068,100,99985,200,100089,100,99983,100,100101,100,99971,100,100114,100,99970,100,100120,100,99938,100,100135,100,99934,100,100146,100,99907,100
2019-06-28 09:43:20.000000000,100045,199,100021,199,100047,296,100006,196,100052,196,99986,196,100068,100,99985,200,100089,100,99983,100,100101,100,99971,100,100114,100,99970,100,100120,100,99938,100,100135,100,99934,100,100146,100,99907,100
2019-06-28 09:43:30.000000000,100045,172,100021,172,100047,272,100006,172,100052,172,99986,172,100068,172,99985,272,100089,100,99983,100,100101,100,99971,100,100114,100,99970,100,100120,100,99938,100,100135,100,99934,100,100146,100,99907,100
2019-06-28 09:43:40.000000000,100045,390,100021,390,100047,200,100006,100,100052,100,99986,100,100068,100,99985,200,100089,100,99983,100,100101,100,99971,100,100114,100,99970,100,100120,100,99938,100,100135,100,99934,100,100146,100,99907,100
2019-06-28 09:43:43.510683220,100045,190,100021,390,100047,200,100006,100,100052,100,99986,100,100068,100,99985,200,100089,100,99983,100,100101,100,99971,100,100114,100,99970,100,100120,100,99938,100,100135,100,99934,100,100146,100,99907,100
2019-06-28 09:43:50.000000000,100047,272,100021,172,100052,172,100006,172,100068,172,99986,172,100089,172,99985,272,100101,100,99983,100,100114,100,99971,100,100120,100,99970,100,100135,100,99938,100,100146,100,99934,100,100178,100,99907,100
2019-06-28 09:44:00.000000000,100047,272,100021,172,100052,172,100006,172,100068,172,99986,172,100089,172,99985,272,100101,100,99983,100,100114,100,99971,100,100120,100,99970,100,100135,100,99938,100,100146,100,99934,100,100178,100,99907,100
2019-06-28 09:44:10.000000000,100047,490,100021,390,100052,100,100006,100,100068,100,99986,100,100089,100,99985,200,100101,100,99983,100,100114,100,99971,100,100120,100,99970,100,100135,100,99938,100,100146,100,99934,100,100178,100,99907,100
2019-06-28 09:44:20.000000000,100047,272,100021,172,100052,172,100006,172,100068,172,99986,172,100089,172,99985,272,100101,100,99983,100,100114,100,99971,100,100120,100,99970,100,100135,100,99938,100,100146,100,99934,100,100178,100,99907,100
2019-06-28 09:44:30.000000000,100047,490,100021,390,100052,100,100006,100,100068,100,99986,100,100089,100,99985,200,100101,100,99983,100,100114,100,99971,100,100120,100,99970,100,100135,100,99938,100,100146,100,99934,100,100178,100,99907,100
2019-06-28 09:44:40.000000000,100047,345,100021,245,100052,245,100006,245,100068,100,99986,100,100089,100,99985,200,100101,100,99983,100,100114,100,99971,100,100120,100,99970,100,100135,100,99938,100,100146,100,99934,100,100178,100,99907,100
2019-06-28 09:44:50.000000000,100047,258,100021,158,100052,158,100006,158,100068,158,99986,158,100089,158,99985,258,100101,158,99983,158,100114,100,99971,100,100120,100,99970,100,100135,100,99938,100,100146,100,99934,100,100178,100,99907,100
2019-06-28 09:45:00.000000000,100047,345,100021,245,100052,245,100006,245,100068,100,99986,100,100089,100,99985,200,100101,100,99983,100,100114,100,99971,100,100120,100,99970,100,100135,100,99938,100,100146,100,99934,100,100178,100,99907,100
2019-06-28 09:45:10.000000000,100047,490,100021,390,100052,100,100006,100,100068,100,99986,100,100089,100,99985,200,100101,100,99983,100,100114,100,99971,100,100120,100,99970,100,100135,100,99938,100,100146,100,99934,100,100178,100,99907,100
2019-06-28 09:45:18.914577510,100044,100,100021,390,100047,490,100006,100,100052,100,99986,100,100068,100,99985,200,100089,100,99983,100,100101,100,99971,100,100114,100,99970,100,100120,100,99938,100,100135,100,99934,100,100146,100,99907,100
2019-06-28 09:45:19.048651739,100044,100,100021,390,100047,490,100006,100,100068,100,99986,100,100089,100,99985,200,100101,100,99983,100,100114,100,99971,100,100120,100,99970,100,100135,100,99938,100,100146,100,99934,100,100178,100,99907,100
2019-06-28 09:45:20.000000000,100044,199,100021,199,100047,296,100006,196,100068,196,99986,196,100089,100,99985,200,100101,100,99983,100,100114,100,99971,100,100120,100,99970,100,100135,100,99938,100,100146,100,99934,100,100178,100,99907,100
2019-06-28 09:45:21.774263324,100044,199,100021,99,100047,296,100006,196,100068,196,99986,196,100089,100,99985,200,100101,100,99983,100,100114,100,99971,100,100120,100,99970,100,100135,100,99938,100,100146,100,99934,100,100178,100,99907,100
2019-06-28 09:45:30.000000000,100044,199,100006,199,100047,296,99986,196,100068,196,99985,296,100089,100,99983,100,100101,100,99971,100,100114,100,99970,100,100120,100,99938,100,100135,100,99934,100,100146,100,99907,100,100178,100,99901,100
2019-06-28 09:45:30.901473627,100044,199,100006,199,100047,296,99986,196,100068,196,99985,296,100089,100,99983,100,100101,100,99971,100,100114,100,99970,100,100120,100,99938,100,100135,100,99934,100,100146,100,99907,100,100178,100,99883,100
2019-06-28 09:45:40.000000000,100044,245,100006,245,100047,345,99986,245,100068,100,99985,200,100089,100,99983,100,100101,100,99971,100,100114,100,99970,100,100120,100,99938,100,100135,100,99934,100,100146,100,99907,100,100178,100,99883,100
2019-06-28 09:45:50.000000000,100044,390,100006,390,100047,200,99986,100,100068,100,99985,200,100089,100,99983,100,100101,100,99971,100,100114,100,99970,100,100120,100,99938,100,100135,100,99934,100,100146,100,99907,100,100178,100,99883,100
2019-06-28 09:46:00.000000000,100044,390,100006,390,100047,200,99986,100,100068,100,99985,200,100089,100,99983,100,100101,100,99971,100,100114,100,99970,100,100120,100,99938,100,100135,100,99934,100,100146,100,99907,100,100178,100,99883,100
2019-06-28 09:46:00.878488125,100043,100,100006,390,100044,390,99986,100,100047,200,99985,200,100068,100,99983,100,100089,100,99971,100,100101,100,99970,100,100114,100,99938,100,100120,100,99934,100,100135,100,99907,100,100146,100,99883,100
2019-06-28 09:46:05.347923840,100043,100,100006,290,100044,390,99986,100,100047,200,99985,200,100068,100,99983,100,100101,100,99971,100,100114,100,99970,100,100120,100,99938,100,100135,100,99934,100,100146,100,99907,100,100178,100,99883,100
2019-06-28 09:46:10.000000000,100043,158,99986,158,100044,158,99985,258,100047,258,99983,158,100068,158,99971,158,100101,158,99970,158,100114,100,99938,100,100120,100,99934,100,100135,100,99907,100,100146,100,99883,100,100178,100,99882,100
2019-06-28 09:46:13.358507851,100043,158,99986,158,100044,158,99985,258,100047,258,99983,158,100068,158,99971,158,100101,158,99970,158,100114,100,99938,100,100120,100,99934,100,100135,100,99907,100,100146,100,99883,100,100178,100,99882,100
2019-06-28 09:46:20.000000000,100043,158,99986,158,100044,158,99985,258,100047,258,99983,158,100068,158,99971,158,100101,158,99970,158,100114,100,99938,100,100120,100,99934,100,100135,100,99907,100,100146,100,99883,100,100178,100,99882,100
2019-06-28 09:46:30.000000000,100043,172,99986,172,100044,172,99985,272,100047,272,99983,172,100068,172,99971,172,100101,100,99970,100,100114,100,99938,100,100120,100,99934,100,100135,100,99907,100,100146,100,99883,100,100178,100,99882,100
2019-06-28 09:46:36.569957300,100021,100,99986,172,100043,172,99985,272,100044,172,99983,172,100047,272,99971,172,100068,172,99970,100,100101,100,99938,100,100114,100,99934,100,100120,100,99907,100,100135,100,99883,100,100146,100,99882,100
2019-06-28 09:46:40.000000000,100021,158,99986,158,100043,158,99985,258,100044,158,99983,158,100047,258,99971,158,100068,158,99970,158,100101,100,99938,100,100114,100,99934,100,100120,100,99907,100,100135,100,99883,100,100146,100,99882,100
2019-06-28 09:46:43.838644714,100021,158,99986,158,100043,158,99985,258,100044,158,99983,158,100047,258,99971,158,100068,158,99970,158,100101,100,99938,100,100114,100,99934,100,100120,100,99883,100,100135,100,99882,100,100146,100,99856,100
2019-06-28 09:46:50.000000000,100021,245,99986,245,100043,245,99985,345,100044,100,99983,100,100047,200,99971,100,100068,100,99970,100,100101,100,99938,100,100114,100,99934,100,100120,100,99883,100,100135,100,99882,100,100146,100,99856,100
2019-06-28 09:47:00.000000000,100021,199,99986,199,100043,196,99985,296,100044,196,99983,196,100047,200,99971,100,100068,100,99970,100,100101,100,99938,100,100114,100,99934,100,100120,100,99883,100,100135,100,99882,100,100146,100,99856,100
2019-06-28 09:47:10.000000000,100021,158,99986,158,100043,158,99985,258,100044,158,99983,158,100047,258,99971,158,100068,158,99970,158,100101,100,99938,100,100114,100,99934,100,100120,100,99883,100,100135,100,99882,100,100146,100,99856,100
2019-06-28 09:47:17.653274839,100021,158,99986,158,100043,158,99985,258,100044,158,99983,158,100047,258,99971,158,100068,158,99970,158,100101,100,99938,100,100114,100,99934,100,100120,100,99883,100,100135,100,99882,100,100146,100,99856,100
2019-06-28 09:47:20.000000000,100021,172,99986,172,100043,172,99985,272,100044,172,99983,172,100047,272,99971,172,100068,100,99970,100,100101,100,99938,100,100114,100,99934,100,100120,100,99883,100,100135,100,99882,100,100146,100,99856,100
2019-06-28 09:47:30.000000000,100021,390,99986,390,100043,100,99985,200,100044,100,99983,100,100047,200,99971,100,100068,100,99970,100,100101,100,99938,100,100114,100,99934,100,100120,100,99883,100,100135,100,99882,100,100146,100,99856,100
2019-06-28 09:47:40.000000000,100021,199,99986,199,100043,196,99985,296,100044,196,99983,196,100047,200,99971,100,100068,100,99970,100,100101,100,99938,100,100114,100,99934,100,100120,100,99883,100,100135,100,99882,100,100146,100,99856,100
2019-06-28 09:47:47.018410031,100021,199,99986,99,100043,196,99985,296,100044,196,99983,96,100047,200,99971,100,100068,100,99970,100,100101,100,99938,100,100114,100,99934,100,100120,100,99883,100,100135,100,99882,100,100146,100,99856,100
2019-06-28 09:47:50.000000000,100021,199,99985,299,100043,196,99971,196,100044,196,99970,196,100047,200,99938,100,100068,100,99934,100,100101,100,99883,100,100114,100,99882,100,100120,100,99856,100,100135,100,99844,100,100146,100,99831,100
2019-06-28 09:48:00.000000000,100021,199,99985,299,100043,196,99971,196,100044,196,99970,196,100047,200,99938,100,100068,100,99934,100,100101,100,99883,100,100114,100,99882,100,100120,100,99856,100,100135,100,99844,100,100146,100,99831,100
2019-06-28 09:48:10.000000000,100021,390,99985,490,100043,100,99971,100,100044,100,99970,100,100047,200,99938,100,100068,100,99934,100,100101,100,99883,100,100114,100,99882,100,100120,100,99856,100,100135,100,99844,100,100146,100,99831,100
2019-06-28 09:48:20.000000000,100021,158,99985,258,100043,158,99971,158,100044,158,99970,158,100047,258,99938,158,100068,158,99934,158,100101,100,99883,100,100114,100,99882,100,100120,100,99856,100,100135,100,99844,100,100146,100,99831,100
2019-06-28 09:48:30.000000000,100021,245,99985,345,100043,245,99971,245,100044,100,99970,100,100047,200,99938,100,100068,100,99934,100,100101,100,99883,100,100114,100,99882,100,100120,100,99856,100,100135,100,99844,100,100146,100,99831,100
2019-06-28 09:48:35.859855798,100021,245,99985,345,100043,245,99971,245,100044,100,99970,100,100047,200,99934,100,100068,100,99883,100,100101,100,99882,100,100114,100,99856,100,100120,100,99844,100,100135,100,99831,100,100146,100,99828,100
2019-06-28 09:48:40.000000000,100021,390,99985,490,100043,100,99971,100,100044,100,99970,100,100047,200,99934,100,100068,100,99883,100,100101,100,99882,100,100114,100,99856,100,100120,100,99844,100,100135,100,99831,100,100146,100,99828,100
2019-06-28 09:48:42.367525532,100021,390,99985,390,100043,100,99971,100,100044,100,99970,100,100047,200,99934,100,100068,100,99883,100,100101,100,99882,100,100114,100,99856,100,100135,100,99844,100,100146,100,99831,100,100178,100,99828,100
2019-06-28 09:48:42.805480453,100021,390,99985,290,100043,100,99971,100,100044,100,99970,100,100047,200,99934,100,100068,100,99883,100,100101,100,99882,100,100114,100,99856,100,100135,100,99844,100,100146,100,99831,100,100178,100,99828,100
2019-06-28 09:48:49.911535361,100021,290,99985,290,100043,100,99971,100,100044,100,99970,100,100047,200,99934,100,100068,100,99883,100,100101,100,99882,100,100114,100,99856,100,100135,100,99844,100,100146,100,99831,100,100178,100,99828,100
2019-06-28 09:48:50.000000000,100043,390,99971,390,100044,100,99970,100,100047,200,99934,100,100068,100,99883,100,100101,100,99882,100,100114,100,99856,100,100135,100,99844,100,100146,100,99831,100,100178,100,99828,100,100353,100,99665,100
2019-06-28 09:48:53.863575373,99985,100,99971,390,100043,390,99970,100,100044,100,99934,100,100047,200,99883,100,100068,100,99882,100,100101,100,99856,100,100114,100,99844,100,100135,100,99831,100,100146,100,99828,100,100178,100,99665,100
2019-06-28 09:48:59.540105130,99985,200,99971,390,100043,390,99970,100,100044,100,99934,100,100047,200,99883,100,100068,100,99882,100,100101,100,99856,100,100114,100,99844,100,100135,100,99831,100,100146,100,99828,100,100178,100,99665,100
2019-06-28 09:49:00.000000000,99985,258,99971,158,100043,158,99970,158,100044,158,99934,158,100047,258,99883,158,100068,158,99882,158,100101,100,99856,100,100114,100,99844,100,100135,100,99831,100,100146,100,99828,100,100178,100,99665,100
2019-06-28 09:49:10.000000000,99985,258,99971,158,100043,158,99970,158,100044,158,99934,158,100047,258,99883,158,100068,158,99882,158,100101,100,99856,100,100114,100,99844,100,100135,100,99831,100,100146,100,99828,100,100178,100,99665,100
2019-06-28 09:49:20.000000000,99985,272,99971,172,100043,172,99970,172,100044,172,99934,172,100047,272,99883,172,100068,100,99882,100,100101,100,99856,100,100114,100,99844,100,100135,100,99831,100,100146,100,99828,100,100178,100,99665,100
2019-06-28 09:49:28.704348008,99985,372,99971,172,100043,172,99970,172,100044,172,99934,172,100047,272,99883,172,100068,100,99882,100,100101,100,99856,100,100114,100,99844,100,100135,100,99831,100,100146,100,99828,100,100178,100,99665,100
2019-06-28 09:49:30.000000000,99985,358,99971,158,100043,158,99970,158,100044,158,99934,158,100047,258,99883,158,100068,158,99882,158,100101,100,99856,100,100114,100,99844,100,100135,100,99831,100,100146,100,99828,100,100178,100,99665,100
2019-06-28 09:49:32.845026317,99985,358,99971,158,100043,58,99970,158,100044,158,99934,158,100047,258,99883,158,100068,158,99882,158,100101,100,99856,100,100114,100,99844,100,100135,100,99831,100,100146,100,99828,100,100178,100,99665,100
2019-06-28 09:49:40.000000000,99985,399,99971,199,100044,196,99970,196,100047,296,99934,196,100068,100,99883,100,100101,100,99882,100,100114,100,99856,100,100135,100,99844,100,100146,100,99831,100,100178,100,99828,100,100353,100,99665,100
2019-06-28 09:49:45.469414148,99985,399,99971,99,100044,196,99970,196,100047,296,99934,196,100068,100,99883,100,100101,100,99882,100,100114,100,99856,100,100135,100,99844,100,100146,100,99831,100,100178,100,99828,100,100353,100,99665,100
2019-06-28 09:49:50.000000000,99985,372,99970,172,100044,172,99934,172,100047,272,99883,172,100068,172,99882,172,100101,100,99856,100,100114,100,99844,100,100135,100,99831,100,100146,100,99828,100,100178,100,99665,100,100353,100,99649,100
2019-06-28 09:49:58.405901366,99985,372,99970,172,100044,172,99934,172,100047,272,99883,72,100068,172,99882,172,100101,100,99856,100,100114,100,99844,100,100135,100,99831,100,100146,100,99828,100,100178,100,99665,100,100353,100,99649,100
2019-06-28 09:49:58.801052108,99985,372,99970,72,100044,172,99934,172,100047,172,99883,72,100068,172,99882,172,100101,100,99856,100,100114,100,99844,100,100135,100,99831,100,100146,100,99828,100,100178,100,99665,100,100353,100,99649,100
2019-06-28 09:50:00.000000000,99985,590,99934,390,100044,100,99882,100,100047,100,99856,100,100068,100,99844,100,100101,100,99831,100,100114,100,99828,100,100135,100,99665,100,100146,100,99649,100,100178,100,99483,100,100353,100,99332,100
2019-06-28 09:50:10.000000000,99985,445,99934,245,100044,245,99882,245,100047,100,99856,100,100068,100,99844,100,100101,100,99831,100,100114,100,99828,100,100135,100,99665,100,100146,100,99649,100,100178,100,99483,100,100353,100,99332,100
2019-06-28 09:50:20.000000000,99985,399,99934,199,100044,196,99882,196,100047,196,99856,196,100068,100,99844,100,100101,100,99831,100,100114,100,99828,100,100135,100,99665,100,100146,100,99649,100,100178,100,99483,100,100353,100,99332,100
2019-06-28 09:50:29.218803579,99985,399,99934,99,100044,196,99882,196,100047,196,99856,196,100068,100,99844,100,100101,100,99831,100,100114,100,99828,100,100135,100,99665,100,100146,100,99649,100,100178,100,99483,100,100353,100,99332,100
2019-06-28 09:50:30.000000000,99985,445,99882,245,100044,245,99856,245,100047,100,99844,100,100068,100,99831,100,100101,100,99828,100,100114,100,99665,100,100135,100,99649,100,100146,100,99483,100,100178,100,99332,100,100353,100,99148,100
2019-06-28 09:50:40.000000000,99985,372,99882,172,100044,172,99856,172,100047,172,99844,172,100068,172,99831,172,100101,100,99828,100,100114,100,99665,100,100135,100,99649,100,100146,100,99483,100,100178,100,99332,100,100353,100,99148,100
2019-06-28 09:50:50.000000000,99985,358,99882,158,100044,158,99856,158,100047,158,99844,158,100068,158,99831,158,100101,158,99828,158,100114,100,99665,100,100135,100,99649,100,100146,100,99483,100,100178,100,99332,100,100353,100,99148,100
2019-06-28 09:51:00.000000000,99985,372,99882,172,100044,172,99856,172,100047,172,99844,172,100068,172,99831,172,100101,100,99828,100,100114,100,99665,100,100135,100,99649,100,100146,100,99483,100,100178,100,99332,100,100353,100,99148,100
2019-06-28 09:51:05.996391858,99985,372,99882,72,100044,172,99856,172,100047,172,99844,172,100068,172,99831,172,100101,100,99828,100,100114,100,99665,100,100135,100,99649,100,100146,100,99483,100,100178,100,99332,100,100353,100,99148,100
2019-06-28 09:51:10.000000000,99985,445,99856,245,100044,245,99844,245,100047,100,99831,100,100068,100,99828,100,100101,100,99665,100,100114,100,99649,100,100135,100,99483,100,100146,100,99332,100,100178,100,99148,100,100353,100,99137,100
2019-06-28 09:51:20.000000000,99985,372,99856,172,100044,172,99844,172,100047,172,99831,172,100068,172,99828,172,100101,100,99665,100,100114,100,99649,100,100135,100,99483,100,100146,100,99332,100,100178,100,99148,100,100353,100,99137,100
2019-06-28 09:51:30.000000000,99985,590,99856,390,100044,100,99844,100,100047,100,99831,100,100068,100,99828,100,100101,100,99665,100,100114,100,99649,100,100135,100,99483,100,100146,100,99332,100,100178,100,99148,100,100353,100,99137,100
2019-06-28 09:51:33.101005176,99985,590,99856,290,100044,100,99844,100,100047,100,99831,100,100068,100,99828,100,100101,100,99665,100,100114,100,99649,100,100135,100,99483,100,100146,100,99332,100,100178,100,99148,100,100353,100,99137,100
2019-06-28 09:51:34.217355280,99985,590,99856,290,100044,100,99844,100,100047,100,99831,100,100068,100,99828,100,100101,100,99665,100,100114,100,99649,100,100135,100,99483,100,100146,100,99332,100,100178,100,99148,100,100353,100,99137,100
2019-06-28 09:51:40.000000000,99985,445,99844,245,100044,245,99831,245,100047,100,99828,100,100068,100,99665,100,100101,100,99649,100,100114,100,99483,100,100135,100,99332,100,100146,100,99148,100,100178,100,99137,100,100353,100,99068,100
2019-06-28 09:51:50.000000000,99985,372,99844,172,100044,172,99831,172,100047,172,99828,172,100068,172,99665,172,100101,100,99649,100,100114,100,99483,100,100135,100,99332,100,100146,100,99148,100,100178,100,99137,100,100353,100,99068,100
2019-06-28 09:52:00.000000000,99985,590,99844,390,100044,100,99831,100,100047,100,99828,100,100068,100,99665,100,100101,100,99649,100,100114,100,99483,100,100135,100,99332,100,100146,100,99148,100,100178,100,99137,100,100353,100,99068,100
2019-06-28 09:52:10.000000000,99985,590,99844,390,100044,100,99831,100,100047,100,99828,100,100068,100,99665,100,100101,100,99649,100,100114,100,99483,100,100135,100,99332,100,100146,100,99148,100,100178,100,99137,100,100353,100,99068,100
2019-06-28 09:52:20.000000000,99985,358,99844,158,100044,158,99831,158,100047,158,99828,158,100068,158,99665,158,100101,158,99649,158,100114,100,99483,100,100135,100,99332,100,100146,100,99148,100,100178,100,99137,100,100353,100,99068,100
2019-06-28 09:52:30.000000000,99985,358,99844,158,100044,158,99831,158,100047,158,99828,158,100068,158,99665,158,100101,158,99649,158,100114,100,99483,100,100135,100,99332,100,100146,100,99148,100,100178,100,99137,100,100353,100,99068,100
2019-06-28 09:52:40.000000000,99985,590,99844,390,100044,100,99831,100,100047,100,99828,100,100068,100,99665,100,100101,100,99649,100,100114,100,99483,100,100135,100,99332,100,100146,100,99148,100,100178,100,99137,100,100353,100,99068,100
2019-06-28 09:52:43.148329590,99985,490,99844,390,100044,100,99831,100,100047,100,99828,100,100068,100,99665,100,100101,100,99649,100,100114,100,99483,100,100135,100,99332,100,100146,100,99148,100,100178,100,99137,100,100353,100,99068,100
2019-06-28 09:52:50.000000000,99985,272,99844,172,100044,172,99831,172,100047,172,99828,172,100068,172,99665,172,100101,100,99649,100,100114,100,99483,100,100135,100,99332,100,100146,100,99148,100,100178,100,99137,100,100353,100,99068,100
2019-06-28 09:52:58.940158933,99985,272,99844,172,100039,100,99831,172,100044,172,99828,172,100047,172,99665,172,100068,172,99649,100,100101,100,99483,100,100114,100,99332,100,100135,100,99148,100,100146,100,99137,100,100178,100,99068,100
2019-06-28 09:53:00.000000000,99985,490,99844,390,100039,100,99831,100,100044,100,99828,100,100047,100,99665,100,100068,100,99649,100,100101,100,99483,100,100114,100,99332,100,100135,100,99148,100,100146,100,99137,100,100178,100,99068,100
2019-06-28 09:53:08.611074789,99985,490,99844,390,100039,100,99831,100,100044,100,99828,100,100047,100,99665,100,100068,100,99649,100,100101,100,99599,100,100114,100,99483,100,100135,100,99332,100,100146,100,99148,100,100178,100,99137,100
2019-06-28 09:53:10.000000000,99985,272,99844,172,100039,172,99831,172,100044,172,99828,172,100047,172,99665,172,100068,100,99649,100,100101,100,99599,100,100114,100,99483,100,100135,100,99332,100,100146,100,99148,100,100178,100,99137,100
2019-06-28 09:53:18.225167112,99952,100,99844,172,99985,272,99831,172,100039,172,99828,172,100044,172,99665,172,100047,172,99649,100,100068,100,99599,100,100101,100,99483,100,100114,100,99332,100,100135,100,99148,100,100146,100,99137,100
2019-06-28 09:53:20.000000000,99952,158,99844,158,99985,258,99831,158,100039,158,99828,158,100044,158,99665,158,100047,158,99649,158,100068,100,99599,100,100101,100,99483,100,100114,100,99332,100,100135,100,99148,100,100146,100,99137,100
2019-06-28 09:53:30.000000000,99952,158,99844,158,99985,258,99831,158,100039,158,99828,158,100044,158,99665,158,100047,158,99649,158,100068,100,99599,100,100101,100,99483,100,100114,100,99332,100,100135,100,99148,100,100146,100,99137,100
2019-06-28 09:53:36.815981055,99952,158,99844,58,99985,258,99831,158,100039,158,99828,158,100044,158,99665,158,100047,158,99649,158,100068,100,99599,100,100101,100,99483,100,100114,100,99332,100,100135,100,99148,100,100146,100,99137,100
2019-06-28 09:53:40.000000000,99952,199,99831,199,99985,296,99828,196,100039,196,99665,196,100044,100,99649,100,100047,100,99599,100,100068,100,99483,100,100101,100,99332,100,100114,100,99148,100,100135,100,99137,100,100146,100,99068,100
2019-06-28 09:53:47.904946293,99952,199,99831,199,99985,296,99828,196,100039,196,99753,100,100044,100,99665,196,100047,100,99649,100,100068,100,99599,100,100101,100,99483,100,100114,100,99332,100,100135,100,99148,100,100146,100,99137,100
2019-06-28 09:53:50.000000000,99952,390,99831,390,99985,200,99828,100,100039,100,99753,100,100044,100,99665,100,100047,100,99649,100,100068,100,99599,100,100101,100,99483,100,100114,100,99332,100,100135,100,99148,100,100146,100,99137,100
2019-06-28 09:53:51.389743782,99952,390,99845,100,99985,200,99831,390,100039,100,99828,100,100044,100,99753,100,100047,100,99665,100,100068,100,99649,100,100101,100,99599,100,100114,100,99483,100,100135,100,99332,100,100146,100,99148,100
2019-06-28 09:54:00.000000000,99952,199,99845,199,99985,296,99831,196,100039,196,99828,196,100044,100,99753,100,100047,100,99665,100,100068,100,99649,100,100101,100,99599,100,100114,100,99483,100,100135,100,99332,100,100146,100,99148,100
2019-06-28 09:54:04.232314871,99952,99,99845,199,99985,296,99831,196,100039,196,99828,196,100044,100,99796,100,100047,100,99753,100,100068,100,99665,100,100101,100,99649,100,100114,100,99599,100,100135,100,99483,100,100146,100,99332,100
2019-06-28 09:54:05.273962231,99856,100,99845,199,99952,99,99831,196,99985,296,99828,196,100039,196,99796,100,100044,100,99753,100,100047,100,99665,100,100068,100,99649,100,100101,100,99599,100,100114,100,99483,100,100135,100,99332,100
2019-06-28 09:54:10.000000000,99856,390,99845,390,99985,200,99831,100,100039,100,99828,100,100044,100,99796,100,100047,100,99753,100,100068,100,99665,100,100101,100,99649,100,100114,100,99599,100,100135,100,99483,100,100146,100,99332,100
2019-06-28 09:54:10.794993621,99856,390,99845,390,99985,200,99831,100,100039,100,99828,100,100044,100,99796,100,100047,100,99760,100,100068,100,99753,100,100101,100,99665,100,100114,100,99649,100,100146,100,99599,100,100178,100,99483,100
2019-06-28 09:54:16.534756971,99856,390,99845,390,99985,200,99831,100,100039,100,99828,100,100044,100,99796,100,100047,100,99760,100,100068,100,99753,100,100101,100,99665,100,100114,100,99599,100,100146,100,99483,100,100178,100,99452,100
2019-06-28 09:54:19.700149935,99856,490,99845,390,99985,200,99831,100,100039,100,99828,100,100044,100,99796,100,100047,100,99760,100,100068,100,99753,100,100101,100,99665,100,100114,100,99599,100,100146,100,99483,100,100178,100,99452,100
2019-06-28 09:54:20.000000000,99856,258,99845,158,99985,258,99831,158,100039,158,99828,158,100044,158,99796,158,100047,158,99760,158,100068,100,99753,100,100101,100,99665,100,100114,100,99599,100,100146,100,99483,100,100178,100,99452,100
2019-06-28 09:54:30.000000000,99856,345,99845,245,99985,345,99831,245,100039,100,99828,100,100044,100,99796,100,100047,100,99760,100,100068,100,99753,100,100101,100,99665,100,100114,100,99599,100,100146,100,99483,100,100178,100,99452,100
2019-06-28 09:54:37.283550113,99856,345,99845,245,99985,345,99831,245,100039,100,99828,100,100044,100,99796,100,100047,100,99760,100,100068,100,99753,100,100114,100,99665,100,100146,100,99599,100,100178,100,99483,100,100353,100,99452,100
2019-06-28 09:54:40.000000000,99856,272,99845,172,99985,272,99831,172,100039,172,99828,172,100044,172,99796,172,100047,100,99760,100,100068,100,99753,100,100114,100,99665,100,100146,100,99599,100,100178,100,99483,100,100353,100,99452,100
2019-06-28 09:54:50.000000000,99856,490,99845,390,99985,200,99831,100,100039,100,99828,100,100044,100,99796,100,100047,100,99760,100,100068,100,99753,100,100114,100,99665,100,100146,100,99599,100,100178,100,99483,100,100353,100,99452,100
2019-06-28 09:54:59.486867288,99856,490,99845,390,99985,200,99828,100,100039,100,99796,100,100044,100,99760,100,100047,100,99753,100,100068,100,99665,100,100114,100,99599,100,100146,100,99538,100,100178,100,99483,100,100353,100,99452,100
2019-06-28 09:55:00.000000000,99856,272,99845,172,99985,272,99828,172,100039,172,99796,172,100044,172,99760,172,100047,100,99753,100,100068,100,99665,100,100114,100,99599,100,100146,100,99538,100,100178,100,99483,100,100353,100,99452,100
2019-06-28 09:55:10.000000000,99856,258,99845,158,99985,258,99828,158,100039,158,99796,158,100044,158,99760,158,100047,158,99753,158,100068,100,99665,100,100114,100,99599,100,100146,100,99538,100,100178,100,99483,100,100353,100,99452,100
2019-06-28 09:55:16.089268048,99856,358,99845,158,99985,258,99828,158,100039,158,99796,158,100044,158,99760,158,100047,158,99753,158,100068,100,99665,100,100114,100,99599,100,100146,100,99538,100,100178,100,99483,100,100353,100,99452,100
2019-06-28 09:55:17.465714053,99856,458,99845,158,99985,258,99828,158,100039,158,99796,158,100044,158,99760,158,100047,158,99753,158,100068,100,99665,100,100114,100,99599,100,100146,100,99538,100,100178,100,99483,100,100353,100,99452,100
2019-06-28 09:55:20.000000000,99856,458,99845,158,99985,258,99828,158,100039,158,99796,158,100044,158,99760,158,100047,158,99753,158,100068,100,99665,100,100114,100,99599,100,100146,100,99538,100,100178,100,99483,100,100353,100,99452,100
2019-06-28 09:55:30.000000000,99856,472,99845,172,99985,272,99828,172,100039,172,99796,172,100044,172,99760,172,100047,100,99753,100,100068,100,99665,100,100114,100,99599,100,100146,100,99538,100,100178,100,99483,100,100353,100,99452,100
2019-06-28 09:55:40.000000000,99856,545,99845,245,99985,345,99828,245,100039,100,99796,100,100044,100,99760,100,100047,100,99753,100,100068,100,99665,100,100114,100,99599,100,100146,100,99538,100,100178,100,99483,100,100353,100,99452,100
2019-06-28 09:55:44.023136873,99856,445,99845,245,99985,345,99828,245,100039,100,99796,100,100044,100,99760,100,100047,100,99753,100,100068,100,99665,100,100114,100,99599,100,100146,100,99538,100,100178,100,99483,100,100353,100,99452,100
2019-06-28 09:55:50.000000000,99856,358,99845,158,99985,258,99828,158,100039,158,99796,158,100044,158,99760,158,100047,158,99753,158,100068,100,99665,100,100114,100,99599,100,100146,100,99538,100,100178,100,99483,100,100353,100,99452,100
2019-06-28 09:55:54.598716303,99856,358,99845,158,99985,258,99828,158,100039,158,99796,158,100044,158,99760,158,100047,158,99753,158,100068,100,99665,100,100114,100,99599,100,100146,100,99538,100,100178,100,99483,100,100353,100,99452,100
2019-06-28 09:55:59.389874554,99856,258,99845,158,99985,258,99828,158,100039,158,99796,158,100044,158,99760,158,100047,158,99753,158,100068,100,99665,100,100114,100,99599,100,100146,100,99538,100,100178,100,99483,100,100353,100,99452,100
2019-06-28 09:56:00.000000000,99856,272,99845,172,99985,272,99828,172,100039,172,99796,172,100044,172,99760,172,100047,100,99753,100,100068,100,99665,100,100114,100,99599,100,100146,100,99538,100,100178,100,99483,100,100353,100,99452,100
2019-06-28 09:56:10.000000000,99856,258,99845,158,99985,258,99828,158,100039,158,99796,158,100044,158,99760,158,100047,158,99753,158,100068,100,99665,100,100114,100,99599,100,100146,100,99538,100,100178,100,99483,100,100353,100,99452,100
2019-06-28 09:56:20.000000000,99856,490,99845,390,99985,200,99828,100,100039,100,99796,100,100044,100,99760,100,100047,100,99753,100,100068,100,99665,100,100114,100,99599,100,100146,100,99538,100,100178,100,99483,100,100353,100,99452,100
2019-06-28 09:56:30.000000000,99856,272,99845,172,99985,272,99828,172,100039,172,99796,172,100044,172,99760,172,100047,100,99753,100,100068,100,99665,100,100114,100,99599,100,100146,100,99538,100,100178,100,99483,100,100353,100,99452,100
2019-06-28 09:56:40.000000000,99856,258,99845,158,99985,258,99828,158,100039,158,99796,158,100044,158,99760,158,100047,158,99753,158,100068,100,99665,100,100114,100,99599,100,100146,100,99538,100,100178,100,99483,100,100353,100,99452,100
2019-06-28 09:56:50.000000000,99856,272,99845,172,99985,272,99828,172,100039,172,99796,172,100044,172,99760,172,100047,100,99753,100,100068,100,99665,100,100114,100,99599,100,100146,100,99538,100,100178,100,99483,100,100353,100,99452,100
2019-06-28 09:57:00.000000000,99856,258,99845,158,99985,258,99828,158,100039,158,99796,158,100044,158,99760,158,100047,158,99753,158,100068,100,99665,100,100114,100,99599,100,100146,100,99538,100,100178,100,99483,100,100353,100,99452,100
2019-06-28 09:57:10.000000000,99856,345,99845,245,99985,345,99828,245,100039,100,99796,100,100044,100,99760,100,100047,100,99753,100,100068,100,99665,100,100114,100,99599,100,100146,100,99538,100,100178,100,99483,100,100353,100,99452,100
2019-06-28 09:57:20.000000000,99856,490,99845,390,99985,200,99828,100,100039,100,99796,100,100044,100,99760,100,100047,100,99753,100,100068,100,99665,100,100114,100,99599,100,100146,100,99538,100,100178,100,99483,100,100353,100,99452,100
2019-06-28 09:57:22.674648702,99856,490,99845,390,99985,200,99828,100,100039,100,99796,100,100044,100,99760,100,100047,100,99753,100,100068,100,99665,100,100114,100,99599,100,100146,100,99538,100,100178,100,99483,100,100353,100,99452,100
2019-06-28 09:57:23.920359113,99856,390,99845,390,99985,200,99828,100,100039,100,99796,100,100044,100,99760,100,100047,100,99753,100,100068,100,99665,100,100114,100,99599,100,100146,100,99538,100,100178,100,99483,100,100353,100,99452,100
2019-06-28 09:57:30.000000000,99856,199,99845,199,99985,296,99828,196,100039,196,99796,196,100044,100,99760,100,100047,100,99753,100,100068,100,99665,100,100114,100,99599,100,100146,100,99538,100,100178,100,99483,100,100353,100,99452,100
2019-06-28 09:57:40.000000000,99856,199,99845,199,99985,296,99828,196,100039,196,99796,196,100044,100,99760,100,100047,100,99753,100,100068,100,99665,100,100114,100,99599,100,100146,100,99538,100,100178,100,99483,100,100353,100,99452,100
2019-06-28 09:57:50.000000000,99856,245,99845,245,99985,345,99828,245,100039,100,99796,100,100044,100,99760,100,100047,100,99753,100,100068,100,99665,100,100114,100,99599,100,100146,100,99538,100,100178,100,99483,100,100353,100,99452,100
2019-06-28 09:58:00.000000000,99856,390,99845,390,99985,200,99828,100,100039,100,99796,100,100044,100,99760,100,100047,100,99753,100,100068,100,99665,100,100114,100,99599,100,100146,100,99538,100,100178,100,99483,100,100353,100,99452,100
2019-06-28 09:58:01.760914049,99856,290,99845,390,99985,200,99828,100,100039,100,99796,100,100044,100,99760,100,100047,100,99753,100,100068,100,99665,100,100114,100,99599,100,100146,100,99538,100,100178,100,99483,100,100353,100,99452,100
2019-06-28 09:58:10.000000000,99985,258,99845,158,100039,158,99828,158,100044,158,99796,158,100047,158,99760,158,100068,158,99753,158,100114,100,99665,100,100146,100,99599,100,100178,100,99538,100,100353,100,99483,100,100384,100,99452,100
2019-06-28 09:58:20.000000000,99985,299,99845,199,100039,196,99828,196,100044,196,99796,196,100047,100,99760,100,100068,100,99753,100,100114,100,99665,100,100146,100,99599,100,100178,100,99538,100,100353,100,99483,100,100384,100,99452,100
2019-06-28 09:58:30.000000000,99985,490,99845,390,100039,100,99828,100,100044,100,99796,100,100047,100,99760,100,100068,100,99753,100,100114,100,99665,100,100146,100,99599,100,100178,100,99538,100,100353,100,99483,100,100384,100,99452,100
2019-06-28 09:58:40.000000000,99985,272,99845,172,100039,172,99828,172,100044,172,99796,172,100047,172,99760,172,100068,100,99753,100,100114,100,99665,100,100146,100,99599,100,100178,100,99538,100,100353,100,99483,100,100384,100,99452,100
2019-06-28 09:58:50.000000000,99985,490,99845,390,100039,100,99828,100,100044,100,99796,100,100047,100,99760,100,100068,100,99753,100,100114,100,99665,100,100146,100,99599,100,100178,100,99538,100,100353,100,99483,100,100384,100,99452,100
2019-06-28 09:59:00.000000000,99985,258,99845,158,100039,158,99828,158,100044,158,99796,158,100047,158,99760,158,100068,158,99753,158,100114,100,99665,100,100146,100,99599,100,100178,100,99538,100,100353,100,99483,100,100384,100,99452,100
2019-06-28 09:59:10.000000000,99985,345,99845,245,100039,245,99828,245,100044,100,99796,100,100047,100,99760,100,100068,100,99753,100,100114,100,99665,100,100146,100,99599,100,100178,100,99538,100,100353,100,99483,100,100384,100,99452,100
2019-06-28 09:59:20.000000000,99985,345,99845,245,100039,245,99828,245,100044,100,99796,100,100047,100,99760,100,100068,100,99753,100,100114,100,99665,100,100146,100,99599,100,100178,100,99538,100,100353,100,99483,100,100384,100,99452,100
2019-06-28 09:59:30.000000000,99985,299,99845,199,100039,196,99828,196,100044,196,99796,196,100047,100,99760,100,100068,100,99753,100,100114,100,99665,100,100146,100,99599,100,100178,100,99538,100,100353,100,99483,100,100384,100,99452,100
2019-06-28 09:59:40.000000000,99985,299,99845,199,100039,196,99828,196,100044,196,99796,196,100047,100,99760,100,100068,100,99753,100,100114,100,99665,100,100146,100,99599,100,100178,100,99538,100,100353,100,99483,100,100384,100,99452,100
2019-06-28 09:59:50.000000000,99985,272,99845,172,100039,172,99828,172,100044,172,99796,172,100047,172,99760,172,100068,100,99753,100,100114,100,99665,100,100146,100,99599,100,100178,100,99538,100,100353,100,99483,100,100384,100,99452,100
2019-06-28 10:00:00.000000000,99985,490,99845,390,100039,100,99828,100,100044,100,99796,100,100047,100,99760,100,100068,100,99753,100,100114,100,99665,100,100146,100,99599,100,100178,100,99538,100,100353,100,99483,100,100384,100,99452,100
2019-06-28 10:00:08.972438519,99855,100,99845,390,99985,490,99828,100,100039,100,99796,100,100044,100,99760,100,100047,100,99753,100,100068,100,99665,100,100114,100,99599,100,100146,100,99538,100,100178,100,99483,100,100353,100,99452,100
2019-06-28 10:00:10.000000000,99855,199,99845,199,99985,296,99828,196,100039,196,99796,196,100044,100,99760,100,100047,100,99753,100,100068,100,99665,100,100114,100,99599,100,100146,100,99538,100,100178,100,99483,100,100353,100,99452,100
2019-06-28 10:00:13.148203404,99855,199,99845,99,99985,296,99828,196,100039,196,99796,96,100044,100,99760,100,100047,100,99753,100,100068,100,99665,100,100114,100,99599,100,100146,100,99538,100,100178,100,99483,100,100353,100,99452,100
2019-06-28 10:00:20.000000000,99855,390,99828,390,99985,200,99760,100,100039,100,99753,100,100044,100,99665,100,100047,100,99599,100,100068,100,99538,100,100114,100,99483,100,100146,100,99452,100,100178,100,99332,100,100353,100,99292,100
2019-06-28 10:00:30.000000000,99855,390,99828,390,99985,200,99760,100,100039,100,99753,100,100044,100,99665,100,100047,100,99599,100,100068,100,99538,100,100114,100,99483,100,100146,100,99452,100,100178,100,99332,100,100353,100,99292,100
2019-06-28 10:00:30.544756538,99855,390,99828,390,99985,200,99760,100,100039,100,99753,100,100044,100,99665,100,100047,100,99599,100,100114,100,99588,100,100146,100,99538,100,100178,100,99483,100,100353,100,99452,100,100384,100,99332,100
2019-06-28 10:00:40.000000000,99855,172,99828,172,99985,272,99760,172,100039,172,99753,172,100044,172,99665,172,100047,100,99599,100,100114,100,99588,100,100146,100,99538,100,100178,100,99483,100,100353,100,99452,100,100384,100,99332,100
2019-06-28 10:00:50.000000000,99855,158,99828,158,99985,258,99760,158,100039,158,99753,158,100044,158,99665,158,100047,158,99599,158,100114,100,99588,100,100146,100,99538,100,100178,100,99483,100,100353,100,99452,100,100384,100,99332,100
2019-06-28 10:01:00.000000000,99855,390,99828,390,99985,200,99760,100,100039,100,99753,100,100044,100,99665,100,100047,100,99599,100,100114,100,99588,100,100146,100,99538,100,100178,100,99483,100,100353,100,99452,100,100384,100,99332,100
2019-06-28 10:01:10.000000000,99855,390,99828,390,99985,200,99760,100,100039,100,99753,100,100044,100,99665,100,100047,100,99599,100,100114,100,99588,100,100146,100,99538,100,100178,100,99483,100,100353,100,99452,100,100384,100,99332,100
2019-06-28 10:01:14.994261268,99855,390,99828,390,99985,200,99760,100,100039,100,99753,100,100044,100,99665,100,100047,100,99599,100,100114,100,99588,100,100146,100,99483,100,100178,100,99452,100,100353,100,99332,100,100384,100,99292,100
2019-06-28 10:01:20.000000000,99855,199,99828,199,99985,296,99760,196,100039,196,99753,196,100044,100,99665,100,100047,100,99599,100,100114,100,99588,100,100146,100,99483,100,100178,100,99452,100,100353,100,99332,100,100384,100,99292,100
2019-06-28 10:01:28.704994255,99855,199,99828,199,99985,296,99760,196,100039,196,99753,196,100044,100,99665,100,100047,100,99599,100,100114,100,99588,100,100146,100,99483,100,100353,100,99452,100,100384,100,99343,100,100452,100,99332,100
2019-06-28 10:01:30.000000000,99855,172,99828,172,99985,272,99760,172,100039,172,99753,172,100044,172,99665,172,100047,100,99599,100,100114,100,99588,100,100146,100,99483,100,100353,100,99452,100,100384,100,99343,100,100452,100,99332,100
2019-06-28 10:01:40.000000000,99855,158,99828,158,99985,258,99760,158,100039,158,99753,158,100044,158,99665,158,100047,158,99599,158,100114,100,99588,100,100146,100,99483,100,100353,100,99452,100,100384,100,99343,100,100452,100,99332,100
2019-06-28 10:01:41.615788476,99855,158,99828,158,99985,258,99760,158,100039,58,99753,158,100044,158,99665,158,100047,158,99599,158,100114,100,99588,100,100146,100,99483,100,100353,100,99452,100,100384,100,99437,100,100452,100,99343,100
2019-06-28 10:01:44.470990531,99855,158,99828,58,99985,258,99760,158,100039,58,99753,158,100044,158,99665,158,100047,158,99599,158,100114,100,99588,100,100146,100,99483,100,100353,100,99452,100,100384,100,99437,100,100452,100,99343,100
2019-06-28 10:01:50.000000000,99855,199,99760,199,99985,296,99753,196,100044,196,99665,196,100047,100,99599,100,100114,100,99588,100,100146,100,99483,100,100353,100,99452,100,100384,100,99437,100,100452,100,99343,100,100482,100,99332,100
2019-06-28 10:01:52.290836669,99855,199,99760,199,99985,296,99753,96,100044,196,99665,196,100047,100,99599,100,100114,100,99588,100,100146,100,99483,100,100353,100,99452,100,100384,100,99437,100,100452,100,99379,100,100482,100,99343,100
2019-06-28 10:02:00.000000000,99855,172,99760,172,99985,272,99665,172,100044,172,99599,172,100047,172,99588,172,100114,100,99483,100,100146,100,99452,100,100353,100,99437,100,100384,100,99379,100,100452,100,99343,100,100482,100,99332,100
2019-06-28 10:02:10.000000000,99855,199,99760,199,99985,296,99665,196,100044,196,99599,196,100047,100,99588,100,100114,100,99483,100,100146,100,99452,100,100353,100,99437,100,100384,100,99379,100,100452,100,99343,100,100482,100,99332,100
2019-06-28 10:02:19.882042800,99845,100,99760,199,99855,199,99665,196,99985,296,99599,196,100044,196,99588,100,100047,100,99483,100,100114,100,99452,100,100146,100,99437,100,100353,100,99379,100,100384,100,99343,100,100452,100,99332,100
2019-06-28 10:02:20.000000000,99845,172,99760,172,99855,172,99665,172,99985,272,99599,172,100044,172,99588,172,100047,100,99483,100,100114,100,99452,100,100146,100,99437,100,100353,100,99379,100,100384,100,99343,100,100452,100,99332,100
2019-06-28 10:02:30.000000000,99845,199,99760,199,99855,196,99665,196,99985,296,99599,196,100044,100,99588,100,100047,100,99483,100,100114,100,99452,100,100146,100,99437,100,100353,100,99379,100,100384,100,99343,100,100452,100,99332,100
2019-06-28 10:02:36.788489833,99845,199,99760,199,99855,196,99756,100,99985,296,99665,196,100044,100,99599,196,100047,100,99588,100,100114,100,99483,100,100146,100,99452,100,100353,100,99437,100,100384,100,99379,100,100452,100,99343,100
2019-06-28 10:02:40.000000000,99845,172,99760,172,99855,172,99756,172,99985,272,99665,172,100044,172,99599,172,100047,100,99588,100,100114,100,99483,100,100146,100,99452,100,100353,100,99437,100,100384,100,99379,100,100452,100,99343,100
2019-06-28 10:02:50.000000000,99845,245,99760,245,99855,245,99756,245,99985,200,99665,100,100044,100,99599,100,100047,100,99588,100,100114,100,99483,100,100146,100,99452,100,100353,100,99437,100,100384,100,99379,100,100452,100,99343,100
2019-06-28 10:03:00.000000000,99845,172,99760,172,99855,172,99756,172,99985,272,99665,172,100044,172,99599,172,100047,100,99588,100,100114,100,99483,100,100146,100,99452,100,100353,100,99437,100,100384,100,99379,100,100452,100,99343,100
2019-06-28 10:03:10.000000000,99845,158,99760,158,99855,158,99756,158,99985,258,99665,158,100044,158,99599,158,100047,158,99588,158,100114,100,99483,100,100146,100,99452,100,100353,100,99437,100,100384,100,99379,100,100452,100,99343,100
2019-06-28 10:03:20.000000000,99845,158,99760,158,99855,158,99756,158,99985,258,99665,158,100044,158,99599,158,100047,158,99588,158,100114,100,99483,100,100146,100,99452,100,100353,100,99437,100,100384,100,99379,100,100452,100,99343,100
2019-06-28 10:03:23.998361129,99845,158,99760,158,99855,158,99756,158,99985,258,99665,158,100044,158,99601,100,100047,158,99599,158,100114,100,99588,158,100146,100,99483,100,100353,100,99452,100,100384,100,99437,100,100452,100,99379,100
2019-06-28 10:03:30.000000000,99845,199,99760,199,99855,196,99756,196,99985,296,99665,196,100044,100,99601,100,100047,100,99599,100,100114,100,99588,100,100146,100,99483,100,100353,100,99452,100,100384,100,99437,100,100452,100,99379,100
2019-06-28 10:03:39.955196863,99845,199,99760,199,99855,196,99756,196,99985,296,99665,196,100044,100,99601,100,100047,100,99599,100,100114,100,99588,100,100146,100,99483,100,100345,100,99452,100,100353,100,99437,100,100384,100,99379,100
2019-06-28 10:03:40.000000000,99845,172,99760,172,99855,172,99756,172,99985,272,99665,172,100044,172,99601,172,100047,100,99599,100,100114,100,99588,100,100146,100,99483,100,100345,100,99452,100,100353,100,99437,100,100384,100,99379,100
2019-06-28 10:03:50.000000000,99845,390,99760,390,99855,100,99756,100,99985,200,99665,100,100044,100,99601,100,100047,100,99599,100,100114,100,99588,100,100146,100,99483,100,100345,100,99452,100,100353,100,99437,100,100384,100,99379,100
2019-06-28 10:04:00.000000000,99845,245,99760,245,99855,245,99756,245,99985,200,99665,100,100044,100,99601,100,100047,100,99599,100,100114,100,99588,100,100146,100,99483,100,100345,100,99452,100,100353,100,99437,100,100384,100,99379,100
2019-06-28 10:04:10.000000000,99845,172,99760,172,99855,172,99756,172,99985,272,99665,172,100044,172,99601,172,100047,100,99599,100,100114,100,99588,100,100146,100,99483,100,100345,100,99452,100,100353,100,99437,100,100384,100,99379,100
2019-06-28 10:04:20.000000000,99845,245,99760,245,99855,245,99756,245,99985,200,99665,100,100044,100,99601,100,100047,100,99599,100,100114,100,99588,100,100146,100,99483,100,100345,100,99452,100,100353,100,99437,100,100384,100,99379,100
2019-06-28 10:04:22.638207659,99845,145,99760,245,99855,245,99756,245,99985,200,99665,100,100044,100,99601,100,100047,100,99599,100,100114,100,99588,100,100146,100,99483,100,100345,100,99452,100,100353,100,99437,100,100384,100,99379,100
2019-06-28 10:04:26.032178984,99845,145,99760,245,99855,245,99756,245,99985,200,99665,100,100044,100,99601,100,100047,100,99599,100,100114,100,99588,100,100146,100,99483,100,100345,100,99452,100,100353,100,99437,100,100384,100,99379,100
2019-06-28 10:04:30.000000000,99855,172,99760,172,99985,272,99756,172,100044,172,99665,172,100047,172,99601,172,100114,100,99599,100,100146,100,99588,100,100345,100,99483,100,100353,100,99452,100,100384,100,99437,100,100452,100,99379,100
2019-06-28 10:04:30.476361189,99855,172,99760,172,99985,272,99756,172,100044,172,99665,172,100047,172,99601,172,100114,100,99599,100,100146,100,99588,100,100345,100,99483,100,100353,100,99452,100,100384,100,99437,100,100428,100,99379,100
2019-06-28 10:04:33.647012897,99855,72,99760,172,99985,272,99756,172,100044,172,99665,172,100047,172,99601,172,100114,100,99599,100,100146,100,99588,100,100345,100,99483,100,100353,100,99452,100,100384,100,99437,100,100428,100,99379,100
2019-06-28 10:04:40.000000000,99985,490,99760,390,100044,100,99756,100,100047,100,99665,100,100114,100,99601,100,100146,100,99599,100,100345,100,99588,100,100353,100,99483,100,100384,100,99452,100,100428,100,99437,100,100452,100,99379,100
2019-06-28 10:04:50.000000000,99985,345,99760,245,100044,245,99756,245,100047,100,99665,100,100114,100,99601,100,100146,100,99599,100,100345,100,99588,100,100353,100,99483,100,100384,100,99452,100,100428,100,99437,100,100452,100,99379,100
2019-06-28 10:04:54.640134370,99985,245,99760,245,100044,245,99756,245,100047,100,99665,100,100114,100,99601,100,100146,100,99599,100,100345,100,99588,100,100353,100,99483,100,100384,100,99452,100,100428,100,99437,100,100452,100,99379,100
2019-06-28 10:04:56.212836925,99985,245,99760,245,100044,245,99756,245,100047,100,99665,100,100114,100,99601,100,100146,100,99599,100,100345,100,99588,100,100353,100,99483,100,100384,100,99452,100,100414,100,99437,100,100428,100,99379,100
2019-06-28 10:05:00.000000000,99985,172,99760,172,100044,172,99756,172,100047,172,99665,172,100114,172,99601,172,100146,100,99599,100,100345,100,99588,100,100353,100,99483,100,100384,100,99452,100,100414,100,99437,100,100428,100,99379,100
2019-06-28 10:05:03.818887565,99985,72,99760,172,100044,172,99756,172,100047,172,99665,172,100114,172,99601,172,100146,100,99599,100,100345,100,99588,100,100353,100,99483,100,100384,100,99452,100,100414,100,99437,100,100452,100,99379,100
2019-06-28 10:05:10.000000000,100044,199,99760,199,100047,196,99756,196,100114,196,99665,196,100146,100,99601,100,100345,100,99599,100,100353,100,99588,100,100384,100,99483,100,100414,100,99452,100,100452,100,99437,100,100482,100,99379,100
2019-06-28 10:05:15.403842291,100044,199,99985,100,100047,196,99760,199,100114,196,99756,196,100146,100,99665,196,100345,100,99601,100,100353,100,99599,100,100384,100,99588,100,100414,100,99483,100,100452,100,99452,100,100482,100,99437,100
2019-06-28 10:05:16.207324581,100044,99,99985,100,100047,196,99760,199,100114,196,99756,196,100146,100,99665,196,100345,100,99601,100,100353,100,99599,100,100384,100,99588,100,100414,100,99483,100,100452,100,99452,100,100482,100,99437,100
2019-06-28 10:05:20.000000000,100047,172,99985,172,100114,172,99760,172,100146,172,99756,172,100345,172,99665,172,100353,100,99601,100,100384,100,99599,100,100414,100,99588,100,100452,100,99483,100,100482,100,99452,100,100574,100,99437,100
2019-06-28 10:05:30.000000000,100047,172,99985,172,100114,172,99760,172,100146,172,99756,172,100345,172,99665,172,100353,100,99601,100,100384,100,99599,100,100414,100,99588,100,100452,100,99483,100,100482,100,99452,100,100574,100,99437,100
2019-06-28 10:05:40.000000000,100047,245,99985,245,100114,245,99760,245,100146,100,99756,100,100345,100,99665,100,100353,100,99601,100,100384,100,99599,100,100414,100,99588,100,100452,100,99483,100,100482,100,99452,100,100574,100,99437,100
2019-06-28 10:05:44.690144054,100047,245,99986,100,100114,245,99985,245,100146,100,99760,245,100345,100,99756,100,100353,100,99665,100,100384,100,99601,100,100414,100,99599,100,100452,100,99588,100,100482,100,99483,100,100574,100,99452,100
2019-06-28 10:05:47.060142656,100047,245,99986,100,100114,245,99985,245,100146,100,99760,245,100345,100,99756,100,100353,100,99665,100,100384,100,99601,100,100414,100,99599,100,100452,100,99588,100,100574,100,99483,100,100874,100,99452,100
2019-06-28 10:05:50.000000000,100047,199,99986,199,100114,196,99985,196,100146,196,99760,196,100345,100,99756,100,100353,100,99665,100,100384,100,99601,100,100414,100,99599,100,100452,100,99588,100,100574,100,99483,100,100874,100,99452,100
2019-06-28 10:05:58.782788058,100047,99,99986,199,100114,196,99985,196,100146,196,99760,196,100345,100,99756,100,100353,100,99601,100,100384,100,99599,100,100414,100,99588,100,100452,100,99483,100,100574,100,99452,100,100874,100,99437,100
2019-06-28 10:06:00.000000000,100114,245,99986,245,100146,245,99985,245,100345,100,99760,100,100353,100,99756,100,100384,100,99601,100,100414,100,99599,100,100452,100,99588,100,100574,100,99483,100,100874,100,99452,100,101164,100,99437,100
2019-06-28 10:06:06.906167313,100114,245,99986,245,100146,245,99985,245,100345,100,99760,100,100353,100,99756,100,100384,100,99601,100,100414,100,99599,100,100452,100,99588,100,100574,100,99483,100,100835,100,99452,100,100874,100,99379,100
2019-06-28 10:06:08.163549309,100114,145,99986,245,100146,245,99985,245,100345,100,99760,100,100353,100,99756,100,100384,100,99601,100,100414,100,99599,100,100452,100,99588,100,100574,100,99483,100,100835,100,99452,100,100874,100,99379,100
2019-06-28 10:06:09.664501495,100114,145,99986,245,100146,245,99985,245,100345,100,99760,100,100353,100,99756,100,100384,100,99601,100,100414,100,99599,100,100452,100,99588,100,100574,100,99483,100,100835,100,99379,100,100840,100,99332,100
2019-06-28 10:06:10.000000000,100146,390,99986,390,100345,100,99985,100,100353,100,99760,100,100384,100,99756,100,100414,100,99601,100,100452,100,99599,100,100574,100,99588,100,100835,100,99483,100,100840,100,99379,100,100874,100,99332,100
2019-06-28 10:06:20.000000000,100146,172,99986,172,100345,172,99985,172,100353,172,99760,172,100384,172,99756,172,100414,100,99601,100,100452,100,99599,100,100574,100,99588,100,100835,100,99483,100,100840,100,99379,100,100874,100,99332,100
2019-06-28 10:06:24.239274008,100146,72,99986,172,100345,172,99985,172,100353,172,99760,172,100384,172,99756,172,100414,100,99601,100,100452,100,99599,100,100574,100,99483,100,100835,100,99379,100,100840,100,99332,100,100874,100,99292,100
2019-06-28 10:06:30.000000000,100345,158,99986,158,100353,158,99985,158,100384,158,99760,158,100414,158,99756,158,100452,158,99601,158,100574,100,99599,100,100835,100,99483,100,100840,100,99379,100,100874,100,99332,100,101164,100,99292,100
2019-06-28 10:06:40.000000000,100345,158,99986,158,100353,158,99985,158,100384,158,99760,158,100414,158,99756,158,100452,158,99601,158,100574,100,99599,100,100835,100,99483,100,100840,100,99379,100,100874,100,99332,100,101164,100,99292,100
2019-06-28 10:06:45.768337776,100345,58,99986,158,100353,58,99985,158,100384,158,99760,158,100414,158,99756,158,100452,158,99601,158,100574,100,99599,100,100835,100,99483,100,100840,100,99379,100,100874,100,99332,100,101164,100,99292,100
2019-06-28 10:06:50.000000000,100384,245,99986,245,100414,245,99985,245,100452,100,99760,100,100574,100,99756,100,100835,100,99601,100,100840,100,99599,100,100874,100,99483,100,101164,100,99379,100,,,99332,100,,,99292,100
2019-06-28 10:06:51.488322814,100384,145,99986,245,100414,245,99985,245,100452,100,99760,100,100574,100,99756,100,100835,100,99601,100,100840,100,99599,100,100874,100,99483,100,101164,100,99379,100,,,99332,100,,,99292,100
2019-06-28 10:06:56.492180759,100384,145,99986,245,100414,245,99985,245,100452,100,99760,100,100461,100,99756,100,100574,100,99601,100,100835,100,99599,100,100840,100,99483,100,100874,100,99379,100,101164,100,99332,100,,,99292,100
2019-06-28 10:07:00.000000000,100414,245,99986,245,100452,245,99985,245,100461,100,99760,100,100574,100,99756,100,100835,100,99601,100,100840,100,99599,100,100874,100,99483,100,101164,100,99379,100,,,99332,100,,,99292,100
2019-06-28 10:07:10.000000000,100414,158,99986,158,100452,158,99985,158,100461,158,99760,158,100574,158,99756,158,100835,158,99601,158,100840,100,99599,100,100874,100,99483,100,101164,100,99379,100,,,99332,100,,,99292,100
2019-06-28 10:07:12.163539850,100414,158,100345,100,100452,158,99986,158,100461,158,99985,158,100574,158,99760,158,100835,158,99756,158,100840,100,99601,158,100874,100,99599,100,101164,100,99483,100,,,99379,100,,,99332,100
2019-06-28 10:07:13.570883933,100414,158,100345,100,100452,158,99986,158,100461,158,99985,158,100567,100,99760,158,100574,158,99756,158,100835,158,99601,158,100840,100,99599,100,100874,100,99483,100,101164,100,99379,100,,,99292,100
2019-06-28 10:07:20.000000000,100414,172,100345,172,100452,172,99986,172,100461,172,99985,172,100567,172,99760,172,100574,100,99756,100,100835,100,99601,100,100840,100,99599,100,100874,100,99483,100,101164,100,99379,100,,,99292,100
2019-06-28 10:07:30.000000000,100414,199,100345,199,100452,196,99986,196,100461,196,99985,196,100567,100,99760,100,100574,100,99756,100,100835,100,99601,100,100840,100,99599,100,100874,100,99483,100,101164,100,99379,100,,,99292,100
2019-06-28 10:07:40.000000000,100414,245,100345,245,100452,245,99986,245,100461,100,99985,100,100567,100,99760,100,100574,100,99756,100,100835,100,99601,100,100840,100,99599,100,100874,100,99483,100,101164,100,99379,100,,,99292,100
2019-06-28 10:07:50.000000000,100414,172,100345,172,100452,172,99986,172,100461,172,99985,172,100567,172,99760,172,100574,100,99756,100,100835,100,99601,100,100840,100,99599,100,100874,100,99483,100,101164,100,99379,100,,,99292,100
2019-06-28 10:08:00.000000000,100414,172,100345,172,100452,172,99986,172,100461,172,99985,172,100567,172,99760,172,100574,100,99756,100,100835,100,99601,100,100840,100,99599,100,100874,100,99483,100,101164,100,99379,100,,,99292,100
2019-06-28 10:08:10.000000000,100414,245,100345,245,100452,245,99986,245,100461,100,99985,100,100567,100,99760,100,100574,100,99756,100,100835,100,99601,100,100840,100,99599,100,100874,100,99483,100,101164,100,99379,100,,,99292,100
2019-06-28 10:08:20.000000000,100414,158,100345,158,100452,158,99986,158,100461,158,99985,158,100567,158,99760,158,100574,158,99756,158,100835,100,99601,100,100840,100,99599,100,100874,100,99483,100,101164,100,99379,100,,,99292,100
2019-06-28 10:08:30.000000000,100414,390,100345,390,100452,100,99986,100,100461,100,99985,100,100567,100,99760,100,100574,100,99756,100,100835,100,99601,100,100840,100,99599,100,100874,100,99483,100,101164,100,99379,100,,,99292,100
2019-06-28 10:08:40.000000000,100414,390,100345,390,100452,100,99986,100,100461,100,99985,100,100567,100,99760,100,100574,100,99756,100,100835,100,99601,100,100840,100,99599,100,100874,100,99483,100,101164,100,99379,100,,,99292,100
2019-06-28 10:08:50.000000000,100414,172,100345,172,100452,172,99986,172,100461,172,99985,172,100567,172,99760,172,100574,100,99756,100,100835,100,99601,100,100840,100,99599,100,100874,100,99483,100,101164,100,99379,100,,,99292,100
2019-06-28 10:09:00.000000000,100414,390,100345,390,100452,100,99986,100,100461,100,99985,100,100567,100,99760,100,100574,100,99756,100,100835,100,99601,100,100840,100,99599,100,100874,100,99483,100,101164,100,99379,100,,,99292,100
2019-06-28 10:09:10.000000000,100414,199,100345,199,100452,196,99986,196,100461,196,99985,196,100567,100,99760,100,100574,100,99756,100,100835,100,99601,100,100840,100,99599,100,100874,100,99483,100,101164,100,99379,100,,,99292,100
2019-06-28 10:09:19.826916087,100414,199,100345,99,100452,196,99986,196,100461,196,99985,196,100567,100,99760,100,100574,100,99756,100,100835,100,99601,100,100840,100,99599,100,100874,100,99483,100,101164,100,99379,100,,,99292,100
2019-06-28 10:09:20.000000000,100414,172,99986,172,100452,172,99985,172,100461,172,99760,172,100567,172,99756,172,100574,100,99601,100,100835,100,99599,100,100840,100,99483,100,100874,100,99379,100,101164,100,99292,100,,,99166,100
2019-06-28 10:09:30.000000000,100414,158,99986,158,100452,158,99985,158,100461,158,99760,158,100567,158,99756,158,100574,158,99601,158,100835,100,99599,100,100840,100,99483,100,100874,100,99379,100,101164,100,99292,100,,,99166,100
2019-06-28 10:09:40.000000000,100414,172,99986,172,100452,172,99985,172,100461,172,99760,172,100567,172,99756,172,100574,100,99601,100,100835,100,99599,100,100840,100,99483,100,100874,100,99379,100,101164,100,99292,100,,,99166,100
2019-06-28 10:09:50.000000000,100414,199,99986,199,100452,196,99985,196,100461,196,99760,196,100567,100,99756,100,100574,100,99601,100,100835,100,99599,100,100840,100,99483,100,100874,100,99379,100,101164,100,99292,100,,,99166,100
