,ask_price_1,ask_size_1,bid_price_1,bid_size_1,ask_price_2,ask_size_2,bid_price_2,bid_size_2,ask_price_3,ask_size_3,bid_price_3,bid_size_3,ask_price_4,ask_size_4,bid_price_4,bid_size_4,ask_price_5,ask_size_5,bid_price_5,bid_size_5,ask_price_6,ask_size_6,bid_price_6,bid_size_6,ask_price_7,ask_size_7,bid_price_7,bid_size_7,ask_price_8,ask_size_8,bid_price_8,bid_size_8,ask_price_9,ask_size_9,bid_price_9,bid_size_9,ask_price_10,ask_size_10,bid_price_10,bid_size_10
2019-06-28 09:30:00.000000003,,,99941,100,,,,,,,,,,,,,,,,,,,,,,,,,,,,,,,,,,,,
2019-06-28 09:30:00.000000004,99969,100,99941,100,100191,100,,,,,,,,,,,,,,,,,,,,,,,,,,,,,,,,,,
2019-06-28 09:30:00.000000007,99969,100,99941,100,100158,100,,,100191,100,,,,,,,,,,,,,,,,,,,,,,,,,,,,,,
2019-06-28 09:30:00.000000009,99969,100,99965,100,100158,100,99941,100,100191,100,,,,,,,,,,,,,,,,,,,,,,,,,,,,,,
2019-06-28 09:30:00.000000010,99969,100,99965,100,99996,100,99941,100,100158,100,99863,100,100191,100,,,,,,,,,,,,,,,,,,,,,,,,,,
2019-06-28 09:30:00.000000014,99969,100,99965,100,99996,100,99941,100,100056,100,99863,100,100158,100,,,100191,100,,,,,,,,,,,,,,,,,,,,,,
2019-06-28 09:30:00.000000015,99996,100,99965,100,100056,100,99941,100,100158,100,99863,100,100191,100,,,,,,,,,,,,,,,,,,,,,,,,,,
2019-06-28 09:30:00.000000016,99996,100,99994,100,100056,100,99965,100,100158,100,99941,100,100191,100,99863,100,,,,,,,,,,,,,,,,,,,,,,,,
2019-06-28 09:30:00.000000017,99996,100,99994,100,100056,100,99965,100,100158,100,99941,100,100191,100,99911,100,,,99863,100,,,,,,,,,,,,,,,,,,,,
2019-06-28 09:30:00.000000020,99996,100,99994,100,100056,100,99965,100,100158,100,99964,100,100191,100,99941,100,,,99911,100,,,99863,100,,,,,,,,,,,,,,,,
2019-06-28 09:30:00.000000028,99996,100,99994,100,100056,100,99965,100,100158,100,99964,100,100191,100,99941,100,,,99911,100,,,99908,100,,,99863,100,,,,,,,,,,,,
2019-06-28 09:30:00.000000029,99996,100,99965,100,100056,100,99964,100,100158,100,99941,100,100191,100,99911,100,,,99908,200,,,99863,100,,,,,,,,,,,,,,,,
2019-06-28 09:30:00.000000031,99996,100,99965,100,100056,100,99964,100,100123,100,99941,100,100158,100,99911,100,100191,100,99908,200,,,99863,100,,,,,,,,,,,,,,,,
2019-06-28 09:30:00.000000033,99994,100,99965,100,99996,100,99964,100,100056,100,99941,100,100123,100,99911,100,100158,100,99908,200,100191,100,99863,100,,,,,,,,,,,,,,,,
2019-06-28 09:30:00.000000034,99994,100,99965,100,99996,100,99964,100,100045,100,99941,100,100056,100,99911,100,100123,100,99908,200,100158,100,99863,100,100191,100,,,,,,,,,,,,,,
2019-06-28 09:30:00.000000037,99996,100,99965,100,100045,100,99964,100,100056,100,99941,100,100123,100,99911,100,100158,100,99908,200,100191,100,99863,100,,,,,,,,,,,,,,,,
2019-06-28 09:30:00.000000039,99996,100,99965,100,100045,100,99964,100,100056,100,99941,100,100089,100,99911,100,100123,100,99908,200,100158,100,99863,100,100191,100,,,,,,,,,,,,,,
2019-06-28 09:30:00.000000042,99996,100,99964,100,100045,100,99941,100,100056,100,99911,100,100089,100,99908,200,100115,100,99863,100,100123,100,,,100158,100,,,100191,100,,,,,,,,,,
2019-06-28 09:30:00.000000046,99996,100,99964,100,100045,100,99941,100,100056,100,99911,100,100089,100,99908,200,100115,100,99899,100,100123,100,99863,100,100158,100,,,100191,100,,,,,,,,,,
2019-06-28 09:30:00.000000048,99996,100,99970,100,100045,100,99964,100,100056,100,99941,100,100089,100,99911,100,100115,100,99908,200,100123,100,99899,100,100158,100,99863,100,100191,100,,,,,,,,,,
2019-06-28 09:30:00.000000049,99996,100,99970,100,100045,100,99964,100,100056,100,99941,100,100061,100,99911,100,100089,100,99908,200,100115,100,99899,100,100123,100,99863,100,100158,100,99802,100,100191,100,,,,,,
2019-06-28 09:30:00.000000050,99994,100,99970,100,99996,100,99964,100,100045,100,99941,100,100056,100,99911,100,100061,100,99908,200,100089,100,99899,100,100115,100,99896,100,100123,100,99863,100,100158,100,99802,100,100191,100,,
2019-06-28 09:30:00.000000051,99992,100,99970,100,99994,100,99964,100,99996,100,99941,100,100045,100,99924,100,100056,100,99911,100,100061,100,99908,200,100089,100,99899,100,100115,100,99896,100,100123,100,99863,100,100158,100,99802,100
2019-06-28 09:30:00.000000052,99992,100,99972,100,99994,100,99970,100,99996,100,99964,100,100045,100,99941,100,100056,100,99924,100,100061,100,99923,100,100089,100,99911,100,100115,100,99908,200,100123,100,99899,100,100158,100,99896,100
2019-06-28 09:30:00.000000053,99992,100,99972,100,99994,100,99970,100,99996,100,99964,100,100045,100,99941,100,100056,100,99924,100,100061,100,99923,100,100089,100,99911,100,100105,100,99908,200,100115,100,99899,100,100123,100,99896,100
2019-06-28 09:30:00.000000055,99992,100,99972,100,99994,100,99970,100,99996,100,99964,100,100045,100,99941,100,100056,100,99924,100,100061,100,99923,100,100089,100,99911,100,100105,100,99910,100,100115,100,99908,200,100123,100,99899,100
2019-06-28 09:30:00.000000056,99994,100,99973,100,99996,100,99972,100,100045,100,99970,100,100056,100,99964,100,100061,100,99941,100,100089,100,99924,100,100105,100,99923,100,100115,100,99911,100,100123,100,99910,100,100158,100,99908,200
2019-06-28 09:30:00.000000057,99994,100,99989,100,99996,100,99973,100,100045,100,99972,100,100056,100,99970,100,100061,100,99964,100,100089,100,99941,100,100105,100,99924,100,100115,100,99923,100,100123,100,99911,100,100158,100,99910,100
2019-06-28 09:30:00.000000058,99994,100,99973,100,99996,100,99972,100,100045,100,99970,100,100056,100,99964,100,100061,100,99941,100,100089,100,99924,100,100105,100,99923,100,100115,100,99911,100,100123,100,99910,100,100158,100,99908,200
2019-06-28 09:30:00.000000059,99994,100,99973,100,99996,100,99972,100,100033,100,99970,100,100045,100,99964,100,100056,100,99941,100,100061,100,99924,100,100089,100,99923,100,100105,100,99911,100,100115,100,99910,100,100123,100,99908,200
2019-06-28 09:30:00.000000066,99994,100,99973,100,99996,100,99972,100,100033,100,99970,100,100045,100,99964,100,100056,100,99941,100,100061,100,99924,100,100089,100,99923,100,100098,100,99911,100,100105,100,99910,100,100115,100,99908,200
2019-06-28 09:30:00.000000067,99992,100,99973,100,99994,100,99972,100,99996,100,99970,100,100033,100,99964,100,100045,100,99941,100,100056,100,99924,100,100061,100,99923,100,100089,100,99911,100,100098,100,99910,100,100105,100,99908,200
2019-06-28 09:30:00.000000069,99992,200,99973,100,99994,100,99972,100,99996,100,99970,100,100033,100,99964,100,100045,100,99941,100,100056,100,99924,100,100061,100,99923,100,100089,100,99911,100,100098,100,99910,100,100105,100,99908,200
2019-06-28 09:30:00.000000070,99992,100,99973,100,99994,100,99972,100,99996,100,99970,100,100033,100,99964,100,100045,100,99941,100,100056,100,99924,100,100061,100,99923,100,100089,100,99911,100,100098,100,99910,100,100105,100,99908,200
2019-06-28 09:30:00.000000071,99992,100,99973,100,99994,100,99972,100,99996,100,99970,100,100033,100,99964,100,100045,100,99941,100,100056,100,99924,100,100061,100,99923,100,100089,100,99911,100,100098,100,99910,100,100105,100,99908,200
2019-06-28 09:30:00.000000074,99992,100,99989,100,99994,100,99973,100,99996,100,99972,100,100033,100,99970,100,100045,100,99964,100,100056,100,99941,100,100061,100,99924,100,100089,100,99923,100,100098,100,99911,100,100105,100,99910,100
2019-06-28 09:30:00.000000075,99994,100,99973,100,99996,100,99972,100,100033,100,99970,100,100045,100,99964,100,100056,100,99941,100,100061,100,99924,100,100089,100,99923,100,100098,100,99911,100,100105,100,99910,100,100115,100,99908,200
2019-06-28 09:30:00.000000076,99994,100,99973,100,99996,100,99972,100,100033,100,99970,100,100045,100,99964,100,100056,100,99944,100,100061,100,99941,100,100089,100,99924,100,100098,100,99923,100,100105,100,99911,100,100115,100,99910,100
2019-06-28 09:30:00.000000079,99994,100,99973,100,99996,100,99972,100,100033,100,99970,100,100045,100,99964,100,100056,100,99944,100,100061,100,99941,100,100089,100,99924,100,100098,100,99923,100,100105,100,99911,100,100107,100,99910,100
2019-06-28 09:30:00.000000081,99996,100,99973,100,100033,100,99972,100,100045,100,99970,100,100056,100,99964,100,100061,100,99944,100,100089,100,99941,100,100098,100,99924,100,100105,100,99923,100,100107,100,99911,100,100115,100,99910,100
2019-06-28 09:30:00.000000083,99996,100,99992,100,100033,100,99973,100,100045,100,99972,100,100056,100,99970,100,100061,100,99964,100,100089,100,99944,100,100098,100,99941,100,100105,100,99924,100,100107,100,99923,100,100115,100,99911,100
2019-06-28 09:30:00.000000084,99996,100,99992,100,100033,100,99973,100,100045,100,99972,100,100056,100,99970,100,100061,100,99964,100,100089,100,99944,100,100093,100,99941,100,100098,100,99924,100,100105,100,99923,100,100107,100,99911,100
2019-06-28 09:30:00.000000085,99996,100,99992,100,100020,100,99988,100,100033,100,99973,100,100045,100,99972,100,100056,100,99970,100,100061,100,99964,100,100089,100,99944,100,100093,100,99941,100,100098,100,99924,100,100105,100,99923,100
2019-06-28 09:30:00.000000086,99996,100,99992,100,100020,100,99988,100,100033,100,99973,100,100045,100,99972,100,100056,100,99970,100,100061,100,99964,100,100089,100,99944,100,100093,100,99941,100,100098,100,99924,100,100105,100,99923,100
2019-06-28 09:30:00.000000087,99994,200,99992,100,99996,100,99988,100,100020,100,99973,100,100033,100,99972,100,100045,100,99970,100,100056,100,99964,100,100061,100,99944,100,100089,100,99941,100,100093,100,99924,100,100098,100,99923,100
2019-06-28 09:30:00.000000091,99994,200,99992,100,99996,100,99988,100,100020,100,99973,100,100033,100,99972,100,100045,100,99970,100,100056,100,99964,100,100061,100,99944,100,100089,100,99941,100,100093,100,99924,100,100098,100,99923,100
2019-06-28 09:30:00.000000093,99994,300,99992,100,99996,100,99988,100,100020,100,99973,100,100033,100,99972,100,100045,100,99970,100,100056,100,99964,100,100061,100,99944,100,100075,100,99941,100,100089,100,99924,100,100093,100,99923,100
2019-06-28 09:30:00.000000098,99994,300,99992,100,99996,100,99988,100,100020,100,99973,100,100033,100,99972,100,100045,100,99970,100,100056,100,99964,100,100061,100,99955,100,100075,100,99944,100,100089,100,99941,100,100093,100,99924,100
2019-06-28 09:30:10.000000000,99994,412,99992,212,99996,208,99988,208,100020,208,99973,208,100033,100,99972,100,100045,100,99970,100,100056,100,99964,100,100061,100,99955,100,100075,100,99944,100,100089,100,99941,100,100093,100,99924,100
2019-06-28 09:30:18.533133557,99994,412,99992,212,99996,208,99988,208,100020,208,99973,208,100033,100,99972,100,100045,100,99970,100,100056,100,99964,100,100061,100,99955,100,100075,100,99944,100,100089,100,99941,100,100093,100,99924,100
2019-06-28 09:30:20.000000000,99994,366,99992,166,99996,166,99988,166,100020,166,99973,166,100033,166,99972,166,100045,166,99970,166,100056,100,99964,100,100061,100,99955,100,100075,100,99944,100,100089,100,99941,100,100093,100,99924,100
2019-06-28 09:30:30.000000000,99994,412,99992,212,99996,208,99988,208,100020,208,99973,208,100033,100,99972,100,100045,100,99970,100,100056,100,99964,100,100061,100,99955,100,100075,100,99944,100,100089,100,99941,100,100093,100,99924,100
2019-06-28 09:30:38.094383995,99994,412,99992,212,99996,208,99988,108,100020,208,99973,208,100033,100,99972,100,100045,100,99970,100,100056,100,99964,100,100061,100,99955,100,100075,100,99944,100,100089,100,99941,100,100093,100,99924,100
2019-06-28 09:30:38.669814250,99994,312,99992,212,99996,208,99988,108,100020,208,99973,208,100033,100,99972,100,100045,100,99970,100,100056,100,99964,100,100061,100,99955,100,100075,100,99944,100,100089,100,99941,100,100098,100,99924,100
2019-06-28 09:30:40.000000000,99994,364,99992,264,99996,264,99973,264,100020,100,99972,100,100033,100,99970,100,100045,100,99964,100,100056,100,99955,100,100061,100,99944,100,100075,100,99941,100,100089,100,99924,100,100098,100,99923,100
2019-06-28 09:30:50.000000000,99994,282,99992,182,99996,182,99973,182,100020,182,99972,182,100033,182,99970,182,100045,100,99964,100,100056,100,99955,100,100061,100,99944,100,100075,100,99941,100,100089,100,99924,100,100098,100,99923,100
2019-06-28 09:30:50.585311044,99994,282,99992,82,99996,182,99973,182,100020,182,99972,182,100033,182,99970,182,100045,100,99964,100,100056,100,99955,100,100061,100,99944,100,100075,100,99941,100,100089,100,99924,100,100098,100,99923,100
2019-06-28 09:30:53.763495531,99994,282,99992,82,99996,182,99973,182,100020,182,99972,182,100033,182,99970,182,100045,100,99964,100,100056,100,99955,100,100061,100,99944,100,100075,100,99941,100,100089,200,99924,100,100098,100,99923,100
2019-06-28 09:31:00.000000000,99994,364,99973,264,99996,264,99972,264,100020,100,99970,100,100033,100,99964,100,100045,100,99955,100,100056,100,99944,100,100061,100,99941,100,100075,100,99924,100,100089,200,99923,100,100098,100,99911,100
2019-06-28 09:31:10.000000000,99994,282,99973,182,99996,182,99972,182,100020,182,99970,182,100033,182,99964,182,100045,100,99955,100,100056,100,99944,100,100061,100,99941,100,100075,100,99924,100,100089,200,99923,100,100098,100,99911,100
2019-06-28 09:31:14.134114028,99994,282,99973,82,99996,182,99972,182,100020,182,99970,182,100033,182,99964,182,100045,100,99955,100,100056,100,99944,100,100061,100,99941,100,100089,200,99924,100,100098,100,99923,100,100105,200,99911,100
2019-06-28 09:31:20.000000000,99994,266,99972,166,99996,166,99970,166,100020,166,99964,166,100033,166,99955,166,100045,166,99944,166,100056,100,99941,100,100061,100,99924,100,100089,200,99923,100,100098,100,99911,100,100105,200,99910,100
2019-06-28 09:31:22.792699077,99994,266,99972,66,99996,166,99970,166,100020,166,99964,166,100033,166,99955,166,100045,166,99944,166,100056,100,99941,100,100061,100,99924,100,100089,200,99923,100,100098,100,99911,100,100105,200,99910,100
2019-06-28 09:31:30.000000000,99994,282,99970,182,99996,182,99964,182,100020,182,99955,182,100033,182,99944,182,100045,100,99941,100,100056,100,99924,100,100061,100,99923,100,100089,200,99911,100,100098,100,99910,100,100105,200,99908,200
2019-06-28 09:31:40.000000000,99994,266,99970,166,99996,166,99964,166,100020,166,99955,166,100033,166,99944,166,100045,166,99941,166,100056,100,99924,100,100061,100,99923,100,100089,200,99911,100,100098,100,99910,100,100105,200,99908,200
2019-06-28 09:31:47.241806209,99994,166,99970,166,99996,166,99964,166,100020,166,99955,166,100033,166,99944,166,100045,166,99941,166,100056,100,99924,100,100061,100,99923,100,100089,200,99911,100,100098,100,99910,100,100105,200,99908,200
2019-06-28 09:31:50.000000000,99994,182,99970,182,99996,182,99964,182,100020,182,99955,182,100033,182,99944,182,100045,100,99941,100,100056,100,99924,100,100061,100,99923,100,100089,200,99911,100,100098,100,99910,100,100105,200,99908,200
2019-06-28 09:31:51.292554380,99994,82,99970,182,99996,182,99964,182,100020,182,99955,182,100033,182,99944,182,100045,100,99941,100,100056,100,99924,100,100061,100,99923,100,100089,200,99911,100,100098,100,99910,100,100105,200,99908,200
2019-06-28 09:31:54.455623470,99994,82,99970,182,99996,182,99964,182,100020,182,99955,182,100033,182,99944,82,100045,100,99941,100,100056,100,99924,100,100061,100,99923,100,100089,200,99911,100,100098,100,99910,100,100105,200,99908,200
2019-06-28 09:32:00.000000000,99996,182,99970,182,100020,182,99964,182,100033,182,99955,182,100045,182,99941,182,100056,100,99924,100,100061,100,99923,100,100089,200,99911,100,100098,100,99910,100,100105,200,99908,200,100107,100,99896,100
2019-06-28 09:32:00.150706928,99996,182,99970,182,100020,182,99964,182,100033,182,99955,182,100045,182,99941,182,100056,100,99924,100,100061,100,99923,100,100089,200,99911,100,100098,100,99910,100,100105,200,99908,200,100107,100,99896,100
2019-06-28 09:32:06.445916912,99996,82,99970,182,100020,182,99964,182,100033,182,99955,182,100045,182,99941,182,100056,100,99924,100,100061,100,99923,100,100089,200,99911,100,100098,100,99910,100,100105,200,99908,200,100107,100,99896,100
2019-06-28 09:32:10.000000000,100020,166,99970,166,100033,166,99964,166,100045,166,99955,166,100056,166,99941,166,100061,166,99924,166,100089,200,99923,100,100098,100,99911,100,100105,200,99910,100,100107,100,99908,200,100123,100,99896,100
2019-06-28 09:32:14.850047002,100020,66,99970,166,100033,166,99964,166,100045,166,99955,166,100056,166,99941,166,100061,166,99924,166,100089,200,99923,100,100098,100,99911,100,100105,100,99910,100,100107,100,99908,200,100123,100,99896,100
2019-06-28 09:32:20.000000000,100033,166,99970,166,100045,166,99964,166,100056,166,99955,166,100061,166,99941,166,100089,266,99924,166,100098,100,99923,100,100105,100,99911,100,100107,100,99910,100,100123,100,99908,200,100148,100,99896,100
2019-06-28 09:32:25.746907687,100033,166,99970,166,100045,166,99964,166,100056,166,99955,166,100061,166,99941,166,100089,266,99924,166,100098,100,99923,100,100105,100,99911,100,100107,100,99910,100,100123,100,99908,200,100148,100,99896,100
2019-06-28 09:32:30.000000000,100033,166,99970,166,100045,166,99964,166,100056,166,99955,166,100061,166,99941,166,100089,266,99924,166,100098,100,99923,100,100105,100,99911,100,100107,100,99910,100,100123,100,99908,200,100148,100,99896,100
2019-06-28 09:32:40.000000000,100033,166,99970,166,100045,166,99964,166,100056,166,99955,166,100061,166,99941,166,100089,266,99924,166,100098,100,99923,100,100105,100,99911,100,100107,100,99910,100,100123,100,99908,200,100148,100,99896,100
2019-06-28 09:32:50.000000000,100033,182,99970,182,100045,182,99964,182,100056,182,99955,182,100061,182,99941,182,100089,200,99924,100,100098,100,99923,100,100105,100,99911,100,100107,100,99910,100,100123,100,99908,200,100148,100,99896,100
2019-06-28 09:33:00.000000000,100033,166,99970,166,100045,166,99964,166,100056,166,99955,166,100061,166,99941,166,100089,266,99924,166,100098,100,99923,100,100105,100,99911,100,100107,100,99910,100,100123,100,99908,200,100148,100,99896,100
2019-06-28 09:33:04.515157210,100033,66,99970,166,100045,166,99964,166,100056,166,99955,166,100061,166,99941,166,100089,266,99924,166,100098,100,99923,100,100105,100,99911,100,100107,100,99910,100,100123,100,99908,200,100148,100,99896,100
2019-06-28 09:33:10.000000000,100045,264,99970,264,100056,264,99964,264,100061,100,99955,100,100089,200,99941,100,100098,100,99924,100,100105,100,99923,100,100107,100,99911,100,100123,100,99910,100,100148,100,99908,200,100149,100,99896,100
2019-06-28 09:33:20.000000000,100045,212,99970,212,100056,208,99964,208,100061,208,99955,208,100089,200,99941,100,100098,100,99924,100,100105,100,99923,100,100107,100,99911,100,100123,100,99910,100,100148,100,99908,200,100149,100,99896,100
2019-06-28 09:33:21.630827060,100045,212,99970,212,100056,208,99964,208,100061,208,99955,208,100089,200,99941,100,100098,100,99924,100,100105,100,99923,100,100107,100,99911,100,100123,100,99910,100,100148,100,99908,200,100149,100,99896,100
2019-06-28 09:33:26.978354409,100045,212,99970,212,100056,208,99964,208,100061,208,99955,208,100089,200,99941,100,100098,100,99924,100,100105,100,99923,100,100107,100,99911,100,100148,100,99910,100,100149,100,99908,200,100179,100,99896,100
2019-06-28 09:33:30.000000000,100045,212,99970,212,100056,208,99964,208,100061,208,99955,208,100089,200,99941,100,100098,100,99924,100,100105,100,99923,100,100107,100,99911,100,100148,100,99910,100,100149,100,99908,200,100179,100,99896,100
2019-06-28 09:33:40.000000000,100045,264,99970,264,100056,264,99964,264,100061,100,99955,100,100089,200,99941,100,100098,100,99924,100,100105,100,99923,100,100107,100,99911,100,100148,100,99910,100,100149,100,99908,200,100179,100,99896,100
2019-06-28 09:33:50.000000000,100045,182,99970,182,100056,182,99964,182,100061,182,99955,182,100089,282,99941,182,100098,100,99924,100,100105,100,99923,100,100107,100,99911,100,100148,100,99910,100,100149,100,99908,200,100179,100,99896,100
2019-06-28 09:34:00.000000000,100045,428,99970,428,100056,100,99964,100,100061,100,99955,100,100089,200,99941,100,100098,100,99924,100,100105,100,99923,100,100107,100,99911,100,100148,100,99910,100,100149,100,99908,200,100179,100,99896,100
2019-06-28 09:34:10.000000000,100045,212,99970,212,100056,208,99964,208,100061,208,99955,208,100089,200,99941,100,100098,100,99924,100,100105,100,99923,100,100107,100,99911,100,100148,100,99910,100,100149,100,99908,200,100179,100,99896,100
2019-06-28 09:34:15.438365512,100045,212,100020,100,100056,208,99970,212,100061,208,99964,208,100089,200,99955,208,100098,100,99941,100,100105,100,99924,100,100107,100,99923,100,100148,100,99911,100,100149,100,99910,100,100179,100,99908,200
2019-06-28 09:34:20.000000000,100045,182,100020,182,100056,182,99970,182,100061,182,99964,182,100089,282,99955,182,100098,100,99941,100,100105,100,99924,100,100107,100,99923,100,100148,100,99911,100,100149,100,99910,100,100179,100,99908,200
2019-06-28 09:34:26.405090708,100045,82,100020,182,100056,182,99970,182,100061,182,99964,182,100089,282,99955,182,100098,100,99941,100,100105,100,99924,100,100107,100,99923,100,100148,100,99911,100,100149,100,99910,100,100179,100,99908,200
2019-06-28 09:34:30.000000000,100056,264,100020,264,100061,264,99970,264,100089,200,99964,100,100098,100,99955,100,100105,100,99941,100,100107,100,99924,100,100148,100,99923,100,100149,100,99911,100,100179,100,99910,100,100191,100,99908,200
2019-06-28 09:34:40.000000000,100056,182,100020,182,100061,182,99970,182,100089,282,99964,182,100098,182,99955,182,100105,100,99941,100,100107,100,99924,100,100148,100,99923,100,100149,100,99911,100,100179,100,99910,100,100191,100,99908,200
2019-06-28 09:34:43.419655127,100056,82,100020,182,100061,182,99970,182,100089,282,99964,182,100098,182,99955,182,100105,100,99941,100,100107,100,99924,100,100148,100,99923,100,100149,100,99911,100,100179,100,99910,100,100191,100,99908,200
2019-06-28 09:34:44.518774735,100061,182,100056,18,100089,282,100020,182,100098,182,99970,182,100105,100,99964,182,100107,100,99955,182,100148,100,99941,100,100149,100,99924,100,100179,100,99911,100,100191,100,99910,100,100229,100,99908,200
2019-06-28 09:34:50.000000000,100061,182,100056,100,100089,282,100020,182,100098,182,99970,182,100105,182,99964,182,100107,100,99955,100,100148,100,99941,100,100149,100,99924,100,100179,100,99911,100,100191,100,99910,100,100229,100,99908,200
2019-06-28 09:34:51.700493383,100061,82,100056,100,100089,282,100020,182,100098,182,99970,182,100105,182,99964,182,100107,100,99955,100,100148,100,99941,100,100149,100,99924,100,100179,100,99911,100,100191,100,99910,100,100229,100,99908,200
2019-06-28 09:35:00.000000000,100089,364,100056,182,100098,264,100020,264,100105,100,99970,100,100107,100,99964,100,100148,100,99955,100,100149,100,99941,100,100179,100,99924,100,100191,100,99911,100,100229,100,99910,100,100241,100,99908,200
2019-06-28 09:35:10.000000000,100089,528,100056,346,100098,100,100020,100,100105,100,99970,100,100107,100,99964,100,100148,100,99955,100,100149,100,99941,100,100179,100,99924,100,100191,100,99911,100,100229,100,99910,100,100241,100,99908,200
2019-06-28 09:35:16.340279439,100089,528,100056,346,100098,100,99970,100,100105,100,99964,100,100107,100,99955,100,100148,100,99941,100,100149,100,99924,100,100179,100,99911,100,100191,100,99910,100,100229,100,99908,200,100241,100,99896,100
2019-06-28 09:35:20.000000000,100089,312,100056,130,100098,208,99970,208,100105,208,99964,208,100107,100,99955,100,100148,100,99941,100,100149,100,99924,100,100179,100,99911,100,100191,100,99910,100,100229,100,99908,200,100241,100,99896,100
2019-06-28 09:35:30.000000000,100089,528,100056,346,100098,100,99970,100,100105,100,99964,100,100107,100,99955,100,100148,100,99941,100,100149,100,99924,100,100179,100,99911,100,100191,100,99910,100,100229,100,99908,200,100241,100,99896,100
2019-06-28 09:35:40.000000000,100089,282,100056,100,100098,182,99970,182,100105,182,99964,182,100107,182,99955,182,100148,100,99941,100,100149,100,99924,100,100179,100,99911,100,100191,100,99910,100,100229,100,99908,200,100241,100,99896,100
2019-06-28 09:35:43.442388282,100089,282,100057,100,100098,182,100056,100,100105,182,99970,182,100107,182,99964,182,100148,100,99955,182,100149,100,99941,100,100179,100,99924,100,100191,100,99911,100,100229,100,99910,100,100241,100,99908,200
2019-06-28 09:35:50.000000000,100089,528,100057,428,100098,100,100056,18,100105,100,99970,100,100107,100,99964,100,100148,100,99955,100,100149,100,99941,100,100179,100,99924,100,100191,100,99911,100,100229,100,99910,100,100241,100,99908,200
2019-06-28 09:36:00.000000000,100089,312,100057,212,100098,208,100056,126,100105,208,99970,208,100107,100,99964,100,100148,100,99955,100,100149,100,99941,100,100179,100,99924,100,100191,100,99911,100,100229,100,99910,100,100241,100,99908,200
2019-06-28 09:36:05.437234919,100089,212,100057,212,100098,208,100056,126,100105,208,99970,208,100107,100,99964,100,100148,100,99955,100,100149,100,99941,100,100179,100,99924,100,100191,100,99911,100,100229,100,99910,100,100241,100,99908,200
2019-06-28 09:36:10.000000000,100089,182,100057,182,100098,182,100056,100,100105,182,99970,182,100107,182,99964,182,100148,100,99955,100,100149,100,99941,100,100179,100,99924,100,100191,100,99911,100,100229,100,99910,100,100241,100,99908,200
2019-06-28 09:36:20.000000000,100089,182,100057,182,100098,182,100056,100,100105,182,99970,182,100107,182,99964,182,100148,100,99955,100,100149,100,99941,100,100179,100,99924,100,100191,100,99911,100,100229,100,99910,100,100241,100,99908,200
2019-06-28 09:36:25.970640184,100089,182,100061,100,100098,182,100057,182,100105,182,100056,100,100107,182,99970,182,100148,100,99964,182,100149,100,99955,100,100179,100,99941,100,100191,100,99924,100,100229,100,99911,100,100241,100,99910,100
2019-06-28 09:36:30.000000000,100089,212,100061,212,100098,208,100057,208,100105,208,100056,126,100107,100,99970,100,100148,100,99964,100,100149,100,99955,100,100179,100,99941,100,100191,100,99924,100,100229,100,99911,100,100241,100,99910,100
2019-06-28 09:36:40.000000000,100089,166,100061,166,100098,166,100057,166,100105,166,100056,84,100107,166,99970,166,100148,166,99964,166,100149,100,99955,100,100179,100,99941,100,100191,100,99924,100,100229,100,99911,100,100241,100,99910,100
2019-06-28 09:36:46.958286004,100089,66,100061,166,100098,166,100057,166,100105,166,100056,84,100107,166,99970,166,100148,166,99964,166,100149,100,99955,100,100179,100,99941,100,100191,100,99924,100,100229,100,99911,100,100241,100,99910,100
2019-06-28 09:36:50.000000000,100098,212,100061,212,100105,208,100057,208,100107,208,100056,126,100148,100,99970,100,100149,100,99964,100,100179,100,99955,100,100191,100,99941,100,100229,100,99924,100,100241,100,99911,100,100305,100,99910,100
2019-06-28 09:37:00.000000000,100098,212,100061,212,100105,208,100057,208,100107,208,100056,126,100148,100,99970,100,100149,100,99964,100,100179,100,99955,100,100191,100,99941,100,100229,100,99924,100,100241,100,99911,100,100305,100,99910,100
2019-06-28 09:37:01.188217025,100098,112,100061,212,100105,208,100057,208,100107,208,100056,126,100148,100,99970,100,100149,100,99964,100,100179,100,99955,100,100191,100,99941,100,100229,100,99924,100,100241,100,99911,100,100305,100,99910,100
2019-06-28 09:37:10.000000000,100105,264,100061,264,100107,264,100057,264,100148,100,100056,18,100149,100,99970,100,100179,100,99964,100,100191,100,99955,100,100229,100,99941,100,100241,100,99924,100,100305,100,99911,100,100347,100,99910,100
2019-06-28 09:37:20.000000000,100105,182,100061,182,100107,182,100057,182,100148,182,100056,100,100149,182,99970,182,100179,100,99964,100,100191,100,99955,100,100229,100,99941,100,100241,100,99924,100,100305,100,99911,100,100347,100,99910,100
2019-06-28 09:37:30.000000000,100105,212,100061,212,100107,208,100057,208,100148,208,100056,126,100149,100,99970,100,100179,100,99964,100,100191,100,99955,100,100229,100,99941,100,100241,100,99924,100,100305,100,99911,100,100347,100,99910,100
2019-06-28 09:37:31.317309126,100105,112,100061,212,100107,208,100057,208,100148,208,100056,126,100149,100,99970,100,100179,100,99964,100,100191,100,99955,100,100229,100,99941,100,100241,100,99924,100,100305,100,99911,100,100347,100,99910,100
2019-06-28 09:37:38.941590991,100105,112,100098,100,100107,208,100061,212,100148,208,100057,208,100149,100,100056,126,100179,100,99970,100,100191,100,99964,100,100229,100,99955,100,100241,100,99941,100,100305,100,99924,100,100347,100,99911,100
2019-06-28 09:37:40.000000000,100107,212,100098,212,100148,208,100061,208,100149,208,100057,208,100179,100,100056,18,100191,100,99970,100,100229,100,99964,100,100241,100,99955,100,100305,100,99941,100,100347,100,99924,100,,,99911,100
2019-06-28 09:37:50.000000000,100107,264,100098,264,100148,264,100061,264,100149,100,100057,100,100179,100,100056,18,100191,100,99970,100,100229,100,99964,100,100241,100,99955,100,100305,100,99941,100,100347,100,99924,100,,,99911,100
2019-06-28 09:37:57.988579140,100107,164,100098,264,100148,264,100061,264,100149,100,100057,100,100179,100,100056,18,100191,100,99970,100,100229,100,99964,100,100241,100,99955,100,100305,100,99941,100,100347,100,99924,100,,,99911,100
2019-06-28 09:38:00.000000000,100148,182,100098,182,100149,182,100061,182,100179,182,100057,182,100191,182,100056,100,100229,100,99970,100,100241,100,99964,100,100305,100,99955,100,100347,100,99941,100,,,99924,100,,,99911,100
2019-06-28 09:38:09.595222645,100148,182,100098,182,100149,182,100061,182,100179,182,100057,182,100191,182,100056,100,100229,100,99970,100,100241,100,99964,100,100305,100,99955,100,100347,100,99941,100,100600,100,99924,100,,,99911,100
2019-06-28 09:38:10.000000000,100148,264,100098,264,100149,264,100061,264,100179,100,100057,100,100191,100,100056,18,100229,100,99970,100,100241,100,99964,100,100305,100,99955,100,100347,100,99941,100,100600,100,99924,100,,,99911,100
2019-06-28 09:38:16.022764493,100148,264,100098,264,100149,264,100061,264,100179,100,100057,100,100191,100,100056,18,100229,100,99970,100,100241,100,99964,100,100305,100,99955,100,100347,100,99941,100,100447,100,99924,100,100600,100,99911,100
2019-06-28 09:38:20.000000000,100148,166,100098,166,100149,166,100061,166,100179,166,100057,166,100191,166,100056,84,100229,166,99970,166,100241,100,99964,100,100305,100,99955,100,100347,100,99941,100,100447,100,99924,100,100600,100,99911,100
2019-06-28 09:38:22.846638773,100149,166,100148,34,100179,166,100098,166,100191,166,100061,166,100229,166,100057,166,100241,100,100056,84,100305,100,99970,166,100347,100,99964,100,100447,100,99955,100,100600,100,99941,100,,,99924,100
2019-06-28 09:38:23.970764577,100149,166,100148,34,100179,166,100107,100,100191,166,100098,166,100229,166,100061,166,100241,100,100057,166,100305,100,100056,84,100347,100,99970,166,100447,100,99964,100,100600,100,99955,100,,,99941,100
2019-06-28 09:38:30.000000000,100149,182,100148,116,100179,182,100107,182,100191,182,100098,182,100229,182,100061,182,100241,100,100057,100,100305,100,100056,18,100347,100,99970,100,100447,100,99964,100,100600,100,99955,100,,,99941,100
2019-06-28 09:38:30.963756840,100149,82,100148,116,100179,182,100107,182,100191,182,100098,182,100229,182,100061,182,100241,100,100057,100,100305,100,100056,18,100347,100,99970,100,100447,100,99964,100,100600,100,99955,100,,,99941,100
2019-06-28 09:38:40.000000000,100179,428,100148,362,100191,100,100107,100,100229,100,100098,100,100241,100,100061,100,100305,100,100057,100,100347,100,100056,18,100447,100,99970,100,100600,100,99964,100,,,99955,100,,,99941,100
2019-06-28 09:38:45.547496326,100179,428,100148,362,100191,100,100107,100,100229,100,100098,100,100241,100,100061,100,100305,100,100057,100,100347,100,100056,18,100447,100,99970,100,100600,100,99964,100,,,99955,100,,,99924,100
2019-06-28 09:38:50.000000000,100179,264,100148,198,100191,264,100107,264,100229,100,100098,100,100241,100,100061,100,100305,100,100057,100,100347,100,100056,18,100447,100,99970,100,100600,100,99964,100,,,99955,100,,,99924,100
2019-06-28 09:38:56.606468965,100179,264,100149,100,100191,264,100148,198,100229,100,100107,264,100241,100,100098,100,100305,100,100061,100,100347,100,100057,100,100447,100,100056,18,100600,100,99970,100,,,99964,100,,,99955,100
2019-06-28 09:39:00.000000000,100179,212,100149,212,100191,208,100148,142,100229,208,100107,208,100241,100,100098,100,100305,100,100061,100,100347,100,100057,100,100447,100,100056,18,100600,100,99970,100,,,99964,100,,,99955,100
2019-06-28 09:39:10.000000000,100179,212,100149,212,100191,208,100148,142,100229,208,100107,208,100241,100,100098,100,100305,100,100061,100,100347,100,100057,100,100447,100,100056,18,100600,100,99970,100,,,99964,100,,,99955,100
2019-06-28 09:39:20.000000000,100179,264,100149,264,100191,264,100148,198,100229,100,100107,100,100241,100,100098,100,100305,100,100061,100,100347,100,100057,100,100447,100,100056,18,100600,100,99970,100,,,99964,100,,,99955,100
2019-06-28 09:39:30.000000000,100179,428,100149,428,100191,100,100148,34,100229,100,100107,100,100241,100,100098,100,100305,100,100061,100,100347,100,100057,100,100447,100,100056,18,100600,100,99970,100,,,99964,100,,,99955,100
2019-06-28 09:39:40.000000000,100179,182,100149,182,100191,182,100148,116,100229,182,100107,182,100241,182,100098,182,100305,100,100061,100,100347,100,100057,100,100447,100,100056,18,100600,100,99970,100,,,99964,100,,,99955,100
2019-06-28 09:39:50.000000000,100179,264,100149,264,100191,264,100148,198,100229,100,100107,100,100241,100,100098,100,100305,100,100061,100,100347,100,100057,100,100447,100,100056,18,100600,100,99970,100,,,99964,100,,,99955,100
2019-06-28 09:40:00.000000000,100179,264,100149,264,100191,264,100148,198,100229,100,100107,100,100241,100,100098,100,100305,100,100061,100,100347,100,100057,100,100447,100,100056,18,100600,100,99970,100,,,99964,100,,,99955,100
2019-06-28 09:40:10.000000000,100179,212,100149,212,100191,208,100148,142,100229,208,100107,208,100241,100,100098,100,100305,100,100061,100,100347,100,100057,100,100447,100,100056,18,100600,100,99970,100,,,99964,100,,,99955,100
2019-06-28 09:40:10.375798752,100179,212,100149,312,100191,208,100148,142,100229,208,100107,208,100241,100,100098,100,100305,100,100061,100,100347,100,100057,100,100447,100,100056,18,100600,100,99970,100,,,99964,100,,,99955,100
2019-06-28 09:40:20.000000000,100179,264,100149,364,100191,264,100148,198,100229,100,100107,100,100241,100,100098,100,100305,100,100061,100,100347,100,100057,100,100447,100,100056,18,100600,100,99970,100,,,99964,100,,,99955,100
2019-06-28 09:40:24.425424405,100179,164,100149,364,100191,264,100148,198,100229,100,100107,100,100241,100,100098,100,100347,100,100061,100,100447,100,100057,100,100600,100,100056,18,,,99970,100,,,99964,100,,,99955,100
2019-06-28 09:40:29.618013649,100179,164,100150,100,100191,264,100149,364,100229,100,100148,198,100241,100,100107,100,100347,100,100098,100,100447,100,100061,100,100600,100,100057,100,,,100056,18,,,99970,100,,,99964,100
2019-06-28 09:40:30.000000000,100191,166,100150,166,100229,166,100149,266,100241,166,100148,100,100347,166,100107,166,100447,166,100098,166,100600,100,100061,100,,,100057,100,,,100056,18,,,99970,100,,,99964,100
2019-06-28 09:40:36.967143762,100191,166,100150,266,100229,166,100149,266,100241,166,100148,100,100347,166,100107,166,100447,166,100098,166,100600,100,100061,100,,,100057,100,,,100056,18,,,99970,100,,,99964,100
2019-06-28 09:40:40.000000000,100191,428,100150,528,100229,100,100149,200,100241,100,100148,34,100347,100,100107,100,100447,100,100098,100,100600,100,100061,100,,,100057,100,,,100056,18,,,99970,100,,,99964,100
2019-06-28 09:40:50.000000000,100191,182,100150,282,100229,182,100149,282,100241,182,100148,116,100347,182,100107,182,100447,100,100098,100,100600,100,100061,100,,,100057,100,,,100056,18,,,99970,100,,,99964,100
2019-06-28 09:41:00.000000000,100191,166,100150,266,100229,166,100149,266,100241,166,100148,100,100347,166,100107,166,100447,166,100098,166,100600,100,100061,100,,,100057,100,,,100056,18,,,99970,100,,,99964,100
2019-06-28 09:41:10.000000000,100191,264,100150,364,100229,264,100149,364,100241,100,100148,34,100347,100,100107,100,100447,100,100098,100,100600,100,100061,100,,,100057,100,,,100056,18,,,99970,100,,,99964,100
2019-06-28 09:41:20.000000000,100191,264,100150,364,100229,264,100149,364,100241,100,100148,34,100347,100,100107,100,100447,100,100098,100,100600,100,100061,100,,,100057,100,,,100056,18,,,99970,100,,,99964,100
2019-06-28 09:41:29.711087867,100191,164,100150,364,100229,264,100149,364,100241,100,100148,34,100347,100,100107,100,100600,100,100098,100,,,100061,100,,,100057,100,,,100056,18,,,99970,100,,,99964,100
2019-06-28 09:41:30.000000000,100229,166,100150,266,100241,166,100149,266,100347,166,100148,100,100600,166,100107,166,100601,66,100098,166,,,100061,100,,,100057,100,,,100056,18,,,99970,100,,,99964,100
2019-06-28 09:41:33.742126384,100229,166,100150,166,100241,166,100149,266,100347,166,100148,100,100600,166,100107,166,100601,66,100098,166,,,100061,100,,,100057,100,,,100056,18,,,99970,100,,,99964,100
2019-06-28 09:41:40.000000000,100229,264,100150,264,100241,264,100149,364,100347,100,100148,34,100600,100,100107,100,,,100098,100,,,100061,100,,,100057,100,,,100056,18,,,99970,100,,,99964,100
2019-06-28 09:41:50.000000000,100229,212,100150,212,100241,208,100149,308,100347,208,100148,142,100600,100,100107,100,,,100098,100,,,100061,100,,,100057,100,,,100056,18,,,99970,100,,,99964,100
2019-06-28 09:41:55.621436494,100229,212,100150,212,100241,208,100149,308,100347,208,100148,142,100600,100,100107,100,,,100098,100,,,100061,100,,,100057,100,,,100056,18,,,99970,100,,,99964,100
2019-06-28 09:42:00.000000000,100229,212,100150,212,100241,208,100149,308,100347,208,100148,142,100600,100,100107,100,,,100098,100,,,100061,100,,,100057,100,,,100056,18,,,99970,100,,,99964,100
2019-06-28 09:42:10.000000000,100229,212,100150,212,100241,208,100149,308,100347,208,100148,142,100600,100,100107,100,,,100098,100,,,100061,100,,,100057,100,,,100056,18,,,99970,100,,,99964,100
2019-06-28 09:42:20.000000000,100229,212,100150,212,100241,208,100149,308,100347,208,100148,142,100600,100,100107,100,,,100098,100,,,100061,100,,,100057,100,,,100056,18,,,99970,100,,,99964,100
2019-06-28 09:42:20.188023843,100229,212,100150,112,100241,208,100149,308,100347,208,100148,142,100600,100,100107,100,,,100098,100,,,100061,100,,,100057,100,,,100056,18,,,99970,100,,,99964,100
2019-06-28 09:42:30.000000000,100229,428,100149,528,100241,100,100148,34,100347,100,100107,100,100600,100,100098,100,,,100061,100,,,100057,100,,,100056,18,,,99970,100,,,99964,100,,,99955,100
2019-06-28 09:42:30.606346579,100150,100,100149,528,100229,428,100148,34,100241,100,100107,100,100347,100,100098,100,100600,100,100061,100,,,100057,100,,,100056,18,,,99970,100,,,99964,100,,,99955,100
2019-06-28 09:42:37.468081541,100150,100,100149,428,100229,428,100148,34,100241,100,100107,100,100347,100,100098,100,100600,100,100061,100,,,100057,100,,,100056,18,,,99970,100,,,99964,100,,,99955,100
2019-06-28 09:42:40.000000000,100150,166,100149,166,100229,166,100148,100,100241,166,100107,166,100347,166,100098,166,100600,166,100061,166,,,100057,100,,,100056,18,,,99970,100,,,99964,100,,,99955,100
2019-06-28 09:42:50.000000000,100150,166,100149,166,100229,166,100148,100,100241,166,100107,166,100347,166,100098,166,100600,166,100061,166,,,100057,100,,,100056,18,,,99970,100,,,99964,100,,,99955,100
2019-06-28 09:43:00.000000000,100150,264,100149,264,100229,264,100148,198,100241,100,100107,100,100347,100,100098,100,100600,100,100061,100,,,100057,100,,,100056,18,,,99970,100,,,99964,100,,,99955,100
2019-06-28 09:43:10.000000000,100150,264,100149,264,100229,264,100148,198,100241,100,100107,100,100347,100,100098,100,100600,100,100061,100,,,100057,100,,,100056,18,,,99970,100,,,99964,100,,,99955,100
2019-06-28 09:43:20.000000000,100150,264,100149,264,100229,264,100148,198,100241,100,100107,100,100347,100,100098,100,100600,100,100061,100,,,100057,100,,,100056,18,,,99970,100,,,99964,100,,,99955,100
2019-06-28 09:43:26.099336439,100150,264,100149,264,100229,264,100148,198,100241,100,100107,100,100246,100,100098,100,100347,100,100061,100,100600,100,100057,100,,,100056,18,,,99970,100,,,99964,100,,,99924,100
2019-06-28 09:43:30.000000000,100150,212,100149,212,100229,208,100148,142,100241,208,100107,208,100246,100,100098,100,100347,100,100061,100,100600,100,100057,100,,,100056,18,,,99970,100,,,99964,100,,,99924,100
2019-06-28 09:43:32.742754817,100150,212,100149,212,100229,208,100148,142,100241,208,100107,208,100246,100,100098,100,100347,100,100057,100,100600,100,100056,18,,,99970,100,,,99964,100,,,99924,100,,,99911,100
2019-06-28 09:43:40.000000000,100150,182,100149,182,100229,182,100148,116,100241,182,100107,182,100246,182,100098,182,100347,100,100057,100,100600,100,100056,18,,,99970,100,,,99964,100,,,99924,100,,,99911,100
2019-06-28 09:43:46.323638438,100150,182,100149,82,100229,182,100148,116,100241,182,100107,182,100246,182,100098,182,100347,100,100057,100,100600,100,100056,18,,,99970,100,,,99964,100,,,99924,100,,,99911,100
2019-06-28 09:43:50.000000000,100150,182,100148,116,100229,182,100107,182,100241,182,100098,182,100246,182,100057,182,100347,100,100056,18,100600,100,99970,100,,,99964,100,,,99924,100,,,99911,100,,,99910,100
2019-06-28 09:43:54.056339470,100150,182,100148,116,100229,182,100107,182,100241,182,100098,182,100246,182,100057,182,100347,100,100056,18,100600,100,100018,100,,,99970,100,,,99964,100,,,99924,100,,,99911,100
2019-06-28 09:44:00.000000000,100150,182,100148,116,100229,182,100107,182,100241,182,100098,182,100246,182,100057,182,100347,100,100056,18,100600,100,100018,100,,,99970,100,,,99964,100,,,99924,100,,,99911,100
2019-06-28 09:44:02.289751349,100150,182,100148,116,100229,182,100107,182,100241,82,100098,182,100246,182,100057,182,100347,100,100056,18,100600,100,100018,100,,,99970,100,,,99964,100,,,99929,100,,,99924,100
2019-06-28 09:44:10.000000000,100150,264,100148,198,100229,264,100107,264,100246,100,100098,100,100347,100,100057,100,100600,100,100056,18,,,100018,100,,,99970,100,,,99964,100,,,99929,100,,,99924,100
2019-06-28 09:44:12.346855567,100150,264,100148,198,100229,264,100107,264,100246,100,100098,100,100347,100,100057,100,100600,100,100056,18,,,100018,100,,,99970,100,,,99964,100,,,99942,100,,,99924,100
2019-06-28 09:44:20.000000000,100150,212,100148,146,100229,208,100107,208,100246,208,100098,208,100347,100,100057,100,100600,100,100056,18,,,100018,100,,,99970,100,,,99964,100,,,99942,100,,,99924,100
2019-06-28 09:44:30.000000000,100150,428,100148,362,100229,100,100107,100,100246,100,100098,100,100347,100,100057,100,100600,100,100056,18,,,100018,100,,,99970,100,,,99964,100,,,99942,100,,,99924,100
2019-06-28 09:44:40.000000000,100150,166,100148,100,100229,166,100107,166,100246,166,100098,166,100347,166,100057,166,100600,166,100056,84,,,100018,100,,,99970,100,,,99964,100,,,99942,100,,,99924,100
2019-06-28 09:44:50.000000000,100150,212,100148,146,100229,208,100107,208,100246,208,100098,208,100347,100,100057,100,100600,100,100056,18,,,100018,100,,,99970,100,,,99964,100,,,99942,100,,,99924,100
2019-06-28 09:44:53.236835016,100149,100,100148,146,100150,212,100107,208,100229,208,100098,208,100246,208,100056,18,100347,100,100018,100,100600,100,99970,100,,,99964,100,,,99942,100,,,99924,100,,,99911,100
2019-06-28 09:44:53.901138828,100149,100,100148,146,100150,212,100107,208,100229,208,100098,208,100246,208,100056,18,100347,100,100018,100,100600,100,99970,100,,,99964,100,,,99942,100,,,99924,100,,,99911,100
2019-06-28 09:45:00.000000000,100149,428,100148,362,100150,100,100107,100,100229,100,100098,100,100246,100,100056,18,100347,100,100018,100,100600,100,99970,100,,,99964,100,,,99942,100,,,99924,100,,,99911,100
2019-06-28 09:45:10.000000000,100149,428,100148,362,100150,100,100107,100,100229,100,100098,100,100246,100,100056,18,100347,100,100018,100,100600,100,99970,100,,,99964,100,,,99942,100,,,99924,100,,,99911,100
2019-06-28 09:45:18.468363232,100149,428,100148,362,100150,100,100107,100,100229,100,100056,18,100246,100,100018,100,100347,100,99970,100,100600,100,99964,100,,,99942,100,,,99924,100,,,99911,100,,,99910,100
2019-06-28 09:45:20.000000000,100149,264,100148,198,100150,264,100107,264,100229,100,100056,18,100246,100,100018,100,100347,100,99970,100,100600,100,99964,100,,,99942,100,,,99924,100,,,99911,100,,,99910,100
2019-06-28 09:45:21.404111840,100149,264,100148,198,100150,264,100107,264,100229,100,100056,18,100246,100,100018,100,100347,100,99970,100,100600,100,99964,100,,,99942,100,,,99924,100,,,99911,100,,,99910,100
2019-06-28 09:45:30.000000000,100149,182,100148,116,100150,182,100107,182,100229,182,100056,100,100246,182,100018,182,100347,100,99970,100,100600,100,99964,100,,,99942,100,,,99924,100,,,99911,100,,,99910,100
2019-06-28 09:45:40.000000000,100149,166,100148,100,100150,166,100107,166,100229,166,100056,84,100246,166,100018,166,100347,166,99970,166,100600,100,99964,100,,,99942,100,,,99924,100,,,99911,100,,,99910,100
2019-06-28 09:45:40.907846572,100149,166,100148,100,100150,166,100107,166,100229,166,100056,66,100246,166,100018,166,100347,166,99970,166,100600,100,99964,100,,,99942,100,,,99924,100,,,99911,100,,,99910,100
2019-06-28 09:45:50.000000000,100149,264,100148,198,100150,264,100107,264,100229,100,100018,100,100246,100,99970,100,100347,100,99964,100,100600,100,99942,100,,,99924,100,,,99911,100,,,99910,100,,,99908,200
2019-06-28 09:45:54.139951318,100149,264,100148,98,100150,264,100107,264,100229,100,100018,100,100246,100,99970,100,100347,100,99964,100,100600,100,99942,100,,,99924,100,,,99911,100,,,99910,100,,,99908,200
2019-06-28 09:45:58.834845043,100149,264,100148,98,100150,264,100107,264,100229,100,100018,100,100246,100,99970,100,100347,100,99964,100,100600,100,99942,100,,,99924,100,,,99911,100,,,99910,100,,,99908,200
2019-06-28 09:46:00.000000000,100149,264,100107,264,100150,264,100018,264,100229,100,99970,100,100246,100,99964,100,100347,100,99942,100,100600,100,99924,100,,,99911,100,,,99910,100,,,99908,200,,,99896,100
2019-06-28 09:46:07.231589095,100149,264,100107,264,100150,264,100018,264,100229,100,99970,100,100246,100,99964,100,100347,100,99942,100,100600,100,99924,100,,,99911,100,,,99910,100,,,99908,200,,,99896,100
2019-06-28 09:46:10.000000000,100149,182,100107,182,100150,182,100018,182,100229,182,99970,182,100246,182,99964,182,100347,100,99942,100,100600,100,99924,100,,,99911,100,,,99910,100,,,99908,200,,,99896,100
2019-06-28 09:46:20.000000000,100149,212,100107,212,100150,208,100018,208,100229,208,99970,208,100246,100,99964,100,100347,100,99942,100,100600,100,99924,100,,,99911,100,,,99910,100,,,99908,200,,,99896,100
2019-06-28 09:46:21.849508702,100149,212,100107,212,100150,208,100018,208,100229,208,99970,208,100246,100,99964,100,100347,100,99942,100,100600,100,99924,100,,,99911,100,,,99910,100,,,99908,200,,,99896,100
2019-06-28 09:46:30.000000000,100149,428,100107,428,100150,100,100018,100,100229,100,99970,100,100246,100,99964,100,100347,100,99942,100,100600,100,99924,100,,,99911,100,,,99910,100,,,99908,200,,,99896,100
2019-06-28 09:46:40.000000000,100149,182,100107,182,100150,182,100018,182,100229,182,99970,182,100246,182,99964,182,100347,100,99942,100,100600,100,99924,100,,,99911,100,,,99910,100,,,99908,200,,,99896,100
2019-06-28 09:46:50.000000000,100149,264,100107,264,100150,264,100018,264,100229,100,99970,100,100246,100,99964,100,100347,100,99942,100,100600,100,99924,100,,,99911,100,,,99910,100,,,99908,200,,,99896,100
2019-06-28 09:46:56.305433656,100149,264,100107,264,100150,264,100018,264,100229,100,99970,100,100246,100,99964,100,100347,100,99942,100,100600,100,99924,100,,,99911,100,,,99910,100,,,99908,200,,,99896,100
2019-06-28 09:47:00.000000000,100149,264,100107,264,100150,264,100018,264,100229,100,99970,100,100246,100,99964,100,100347,100,99942,100,100600,100,99924,100,,,99911,100,,,99910,100,,,99908,200,,,99896,100
2019-06-28 09:47:01.563893598,100149,264,100107,164,100150,264,100018,264,100229,100,99970,100,100246,100,99964,100,100347,100,99942,100,100600,100,99924,100,,,99911,100,,,99910,100,,,99908,200,,,99896,100
2019-06-28 09:47:10.000000000,100149,166,100018,166,100150,166,99970,166,100229,166,99964,166,100246,166,99942,166,100347,166,99924,166,100600,100,99911,100,,,99910,100,,,99908,200,,,99896,100,,,99641,100
2019-06-28 09:47:15.356251861,100149,166,100018,66,100150,166,99970,166,100229,166,99964,166,100246,166,99942,166,100347,166,99924,166,100600,100,99911,100,,,99910,100,,,99908,200,,,99896,100,,,99641,100
2019-06-28 09:47:20.000000000,100149,212,99970,212,100150,208,99964,208,100229,208,99942,208,100246,100,99924,100,100347,100,99911,100,100600,100,99910,100,,,99908,200,,,99896,100,,,99641,100,,,99406,100
2019-06-28 09:47:21.383727827,100149,212,99970,112,100150,208,99964,208,100229,208,99942,208,100246,100,99924,100,100347,100,99911,100,100600,100,99910,100,,,99908,200,,,99896,100,,,99641,100,,,99406,100
2019-06-28 09:47:30.000000000,100149,264,99964,264,100150,264,99942,264,100229,100,99924,100,100246,100,99911,100,100347,100,99910,100,100600,100,99908,200,,,99896,100,,,99641,100,,,99406,100,,,99063,100
2019-06-28 09:47:33.980981011,100149,264,99964,264,100150,164,99942,264,100229,100,99924,100,100246,100,99911,100,100347,100,99910,100,100600,100,99908,200,,,99896,100,,,99641,100,,,99406,100,,,99063,100
2019-06-28 09:47:40.000000000,100149,264,99964,264,100229,264,99942,264,100246,100,99924,100,100347,100,99911,100,100600,100,99910,100,,,99908,200,,,99896,100,,,99641,100,,,99406,100,,,99063,100
2019-06-28 09:47:50.000000000,100149,212,99964,212,100229,208,99942,208,100246,208,99924,208,100347,100,99911,100,100600,100,99910,100,,,99908,200,,,99896,100,,,99641,100,,,99406,100,,,99063,100
2019-06-28 09:48:00.000000000,100149,264,99964,264,100229,264,99942,264,100246,100,99924,100,100347,100,99911,100,100600,100,99910,100,,,99908,200,,,99896,100,,,99641,100,,,99406,100,,,99063,100
2019-06-28 09:48:10.000000000,100149,182,99964,182,100229,182,99942,182,100246,182,99924,182,100347,182,99911,182,100600,100,99910,100,,,99908,200,,,99896,100,,,99641,100,,,99406,100,,,99063,100
2019-06-28 09:48:20.000000000,100149,212,99964,212,100229,208,99942,208,100246,208,99924,208,100347,100,99911,100,100600,100,99910,100,,,99908,200,,,99896,100,,,99641,100,,,99406,100,,,99063,100
2019-06-28 09:48:30.000000000,100149,182,99964,182,100229,182,99942,182,100246,182,99924,182,100347,182,99911,182,100600,100,99910,100,,,99908,200,,,99896,100,,,99641,100,,,99406,100,,,99063,100
2019-06-28 09:48:40.000000000,100149,264,99964,264,100229,264,99942,264,100246,100,99924,100,100347,100,99911,100,100600,100,99910,100,,,99908,200,,,99896,100,,,99641,100,,,99406,100,,,99063,100
2019-06-28 09:48:50.000000000,100149,182,99964,182,100229,182,99942,182,100246,182,99924,182,100347,182,99911,182,100600,100,99910,100,,,99908,200,,,99896,100,,,99641,100,,,99406,100,,,99063,100
2019-06-28 09:48:58.669777415,100149,182,99964,182,100229,182,99942,182,100246,82,99924,182,100347,182,99911,182,100600,100,99910,100,,,99908,200,,,99896,100,,,99641,100,,,99406,100,,,99063,100
2019-06-28 09:49:00.000000000,100149,264,99964,264,100229,264,99942,264,100347,100,99924,100,100600,100,99911,100,,,99910,100,,,99908,200,,,99896,100,,,99641,100,,,99406,100,,,99063,100
2019-06-28 09:49:10.000000000,100149,212,99964,212,100229,208,99942,208,100347,208,99924,208,100600,100,99911,100,,,99910,100,,,99908,200,,,99896,100,,,99641,100,,,99406,100,,,99063,100
2019-06-28 09:49:20.000000000,100149,212,99964,212,100229,208,99942,208,100347,208,99924,208,100600,100,99911,100,,,99910,100,,,99908,200,,,99896,100,,,99641,100,,,99406,100,,,99063,100
2019-06-28 09:49:30.000000000,100149,264,99964,264,100229,264,99942,264,100347,100,99924,100,100600,100,99911,100,,,99910,100,,,99908,200,,,99896,100,,,99641,100,,,99406,100,,,99063,100
2019-06-28 09:49:40.000000000,100149,428,99964,428,100229,100,99942,100,100347,100,99924,100,100600,100,99911,100,,,99910,100,,,99908,200,,,99896,100,,,99641,100,,,99406,100,,,99063,100
2019-06-28 09:49:50.000000000,100149,182,99964,182,100229,182,99942,182,100347,182,99924,182,100600,182,99911,182,,,99910,100,,,99908,200,,,99896,100,,,99641,100,,,99406,100,,,99063,100
2019-06-28 09:49:50.817932052,100149,182,99964,82,100229,182,99942,182,100347,182,99924,182,100600,182,99911,182,,,99910,100,,,99908,200,,,99896,100,,,99641,100,,,99406,100,,,99063,100
2019-06-28 09:49:57.519001182,100149,182,99964,82,100229,182,99942,182,100347,182,99924,182,100600,182,99911,182,,,99910,100,,,99908,100,,,99896,100,,,99641,100,,,99406,100,,,99063,100
2019-06-28 09:49:57.846882757,100149,182,99964,82,100229,182,99942,182,100347,182,99924,182,100600,182,99911,182,,,99910,100,,,99908,100,,,99896,100,,,99641,100,,,99406,100,,,99148,100
2019-06-28 09:50:00.000000000,100149,166,99942,166,100229,166,99924,166,100347,166,99911,166,100600,166,99910,166,100601,66,99908,166,,,99896,100,,,99641,100,,,99406,100,,,99148,100,,,99063,100
2019-06-28 09:50:02.378741429,100149,166,99942,166,100229,166,99924,166,100347,166,99911,166,100600,166,99910,166,100601,66,99908,166,,,99641,100,,,99406,100,,,99240,100,,,99148,100,,,99063,100
2019-06-28 09:50:10.000000000,100149,428,99942,428,100229,100,99924,100,100347,100,99911,100,100600,100,99910,100,,,99908,100,,,99641,100,,,99406,100,,,99240,100,,,99148,100,,,99063,100
2019-06-28 09:50:20.000000000,100149,264,99942,264,100229,264,99924,264,100347,100,99911,100,100600,100,99910,100,,,99908,100,,,99641,100,,,99406,100,,,99240,100,,,99148,100,,,99063,100
2019-06-28 09:50:30.000000000,100149,166,99942,166,100229,166,99924,166,100347,166,99911,166,100600,166,99910,166,100601,66,99908,166,,,99641,100,,,99406,100,,,99240,100,,,99148,100,,,99063,100
2019-06-28 09:50:40.000000000,100149,264,99942,264,100229,264,99924,264,100347,100,99911,100,100600,100,99910,100,,,99908,100,,,99641,100,,,99406,100,,,99240,100,,,99148,100,,,99063,100
2019-06-28 09:50:50.000000000,100149,182,99942,182,100229,182,99924,182,100347,182,99911,182,100600,182,99910,182,,,99908,100,,,99641,100,,,99406,100,,,99240,100,,,99148,100,,,99063,100
2019-06-28 09:51:00.000000000,100149,212,99942,212,100229,208,99924,208,100347,208,99911,208,100600,100,99910,100,,,99908,100,,,99641,100,,,99406,100,,,99240,100,,,99148,100,,,99063,100
2019-06-28 09:51:02.642732801,100149,212,99942,212,100229,208,99924,208,100347,208,99911,208,100600,100,99910,100,,,99908,100,,,99641,100,,,99406,100,,,99240,100,,,99148,100,,,99063,100
2019-06-28 09:51:04.137688071,100149,212,99942,112,100229,208,99924,208,100347,208,99911,208,100600,100,99910,100,,,99908,100,,,99641,100,,,99406,100,,,99240,100,,,99148,100,,,99063,100
2019-06-28 09:51:10.000000000,100149,212,99924,212,100229,208,99911,208,100347,208,99910,208,100600,100,99908,100,,,99641,100,,,99406,100,,,99240,100,,,99148,100,,,99063,100,,,98899,100
2019-06-28 09:51:13.591275470,100149,212,99924,212,100229,208,99911,208,100347,208,99910,208,100600,100,99908,100,,,99641,100,,,99406,100,,,99240,100,,,99148,100,,,99128,100,,,99063,100
2019-06-28 09:51:20.000000000,100149,166,99924,166,100229,166,99911,166,100347,166,99910,166,100600,166,99908,166,100601,66,99641,166,,,99406,100,,,99240,100,,,99148,100,,,99128,100,,,99063,100
2019-06-28 09:51:23.735304526,99964,100,99924,166,100149,166,99911,166,100229,166,99910,166,100347,166,99908,166,100600,166,99641,166,100601,66,99406,100,,,99240,100,,,99148,100,,,99128,100,,,99063,100
2019-06-28 09:51:30.000000000,99964,182,99924,182,100149,182,99911,182,100229,182,99910,182,100347,182,99908,182,100600,100,99641,100,,,99406,100,,,99240,100,,,99148,100,,,99128,100,,,99063,100
2019-06-28 09:51:30.059980540,99964,282,99924,182,100149,182,99911,82,100229,182,99910,182,100347,182,99908,182,100600,100,99641,100,,,99406,100,,,99240,100,,,99148,100,,,99128,100,,,99063,100
2019-06-28 09:51:40.000000000,99964,364,99924,264,100149,264,99910,264,100229,100,99908,100,100347,100,99641,100,100600,100,99406,100,,,99240,100,,,99148,100,,,99128,100,,,99063,100,,,98899,100
2019-06-28 09:51:50.000000000,99964,282,99924,182,100149,182,99910,182,100229,182,99908,182,100347,182,99641,182,100600,100,99406,100,,,99240,100,,,99148,100,,,99128,100,,,99063,100,,,98899,100
2019-06-28 09:52:00.000000000,99964,266,99924,166,100149,166,99910,166,100229,166,99908,166,100347,166,99641,166,100600,166,99406,166,,,99240,100,,,99148,100,,,99128,100,,,99063,100,,,98899,100
2019-06-28 09:52:05.404194500,99964,266,99924,66,100149,166,99910,166,100229,166,99908,166,100347,166,99641,166,100600,166,99406,166,,,99148,100,,,99128,100,,,99063,100,,,98899,100,,,98841,100
2019-06-28 09:52:05.584498989,99924,34,99910,166,99964,266,99908,166,100149,166,99641,166,100229,166,99406,166,100347,166,99148,100,100600,166,99128,100,,,99063,100,,,98899,100,,,98841,100,,,98755,100
2019-06-28 09:52:07.605822392,99924,34,99910,66,99964,266,99908,166,100149,166,99641,166,100229,166,99406,166,100347,166,99148,100,100600,166,99128,100,,,99063,100,,,98899,100,,,98841,100,,,98740,100
2019-06-28 09:52:10.000000000,99924,100,99908,166,99964,266,99641,166,100149,166,99406,166,100229,166,99148,166,100347,166,99128,166,100600,100,99063,100,,,98899,100,,,98841,100,,,98740,100,,,98690,100
2019-06-28 09:52:16.098249182,99924,100,99908,166,99964,266,99641,166,100149,166,99406,166,100229,166,99148,166,100347,166,99128,166,100600,100,99063,100,,,98899,100,,,98841,100,,,98740,100,,,98720,100
2019-06-28 09:52:20.000000000,99924,146,99908,212,99964,308,99641,208,100149,208,99406,208,100229,100,99148,100,100347,100,99128,100,100600,100,99063,100,,,98899,100,,,98841,100,,,98740,100,,,98720,100
2019-06-28 09:52:30.000000000,99924,198,99908,264,99964,364,99641,264,100149,100,99406,100,100229,100,99148,100,100347,100,99128,100,100600,100,99063,100,,,98899,100,,,98841,100,,,98740,100,,,98720,100
2019-06-28 09:52:30.906651676,99924,198,99908,164,99964,364,99641,264,100149,100,99406,100,100229,100,99148,100,100347,100,99128,100,100600,100,99063,100,,,98899,100,,,98841,100,,,98740,100,,,98720,100
2019-06-28 09:52:38.641881582,99924,198,99908,164,99964,364,99641,264,100149,100,99406,100,100229,100,99148,100,100347,100,99128,100,100600,100,99063,100,,,98899,100,,,98841,100,,,98740,100,,,98720,100
2019-06-28 09:52:40.000000000,99924,100,99641,166,99964,266,99406,166,100149,166,99148,166,100229,166,99128,166,100347,166,99063,166,100600,100,98899,100,,,98841,100,,,98740,100,,,98720,100,,,98690,100
2019-06-28 09:52:42.222918416,99924,100,99641,66,99964,266,99406,166,100149,166,99148,166,100229,166,99128,166,100347,166,99063,166,100600,100,98899,100,,,98841,100,,,98740,100,,,98720,100,,,98690,100
2019-06-28 09:52:50.000000000,99924,100,99406,166,99964,266,99148,166,100149,166,99128,166,100229,166,99063,166,100347,166,98899,166,100600,100,98841,100,,,98740,100,,,98720,100,,,98690,100,,,98530,100
2019-06-28 09:52:58.419458498,99908,100,99406,166,99924,100,99148,166,99964,266,99128,166,100149,166,99063,166,100229,166,98899,166,100347,166,98841,100,100600,100,98740,100,,,98720,100,,,98690,100,,,98530,100
2019-06-28 09:53:00.000000000,99908,428,99406,428,99924,34,99148,100,99964,200,99128,100,100149,100,99063,100,100229,100,98899,100,100347,100,98841,100,100600,100,98740,100,,,98720,100,,,98690,100,,,98530,100
2019-06-28 09:53:10.000000000,99908,264,99406,264,99924,198,99148,264,99964,200,99128,100,100149,100,99063,100,100229,100,98899,100,100347,100,98841,100,100600,100,98740,100,,,98720,100,,,98690,100,,,98530,100
2019-06-28 09:53:20.000000000,99908,182,99406,182,99924,116,99148,182,99964,282,99128,182,100149,182,99063,182,100229,100,98899,100,100347,100,98841,100,100600,100,98740,100,,,98720,100,,,98690,100,,,98530,100
2019-06-28 09:53:24.949591823,99908,182,99406,182,99924,116,99148,182,99964,282,99128,182,100149,182,99063,182,100229,100,98899,100,100347,100,98841,100,100600,100,98740,100,,,98720,100,,,98690,100,,,98549,100
2019-06-28 09:53:30.000000000,99908,428,99406,428,99924,34,99148,100,99964,200,99128,100,100149,100,99063,100,100229,100,98899,100,100347,100,98841,100,100600,100,98740,100,,,98720,100,,,98690,100,,,98549,100
2019-06-28 09:53:40.000000000,99908,212,99406,212,99924,142,99148,208,99964,308,99128,208,100149,100,99063,100,100229,100,98899,100,100347,100,98841,100,100600,100,98740,100,,,98720,100,,,98690,100,,,98549,100
2019-06-28 09:53:47.841658345,99908,212,99406,212,99924,142,99148,208,99964,308,99128,208,100149,100,99063,100,100229,100,98899,100,100347,100,98841,100,100600,100,98740,100,,,98720,100,,,98690,100,,,98549,100
2019-06-28 09:53:50.000000000,99908,166,99406,166,99924,100,99148,166,99964,266,99128,166,100149,166,99063,166,100229,166,98899,166,100347,100,98841,100,100600,100,98740,100,,,98720,100,,,98690,100,,,98549,100
2019-06-28 09:53:56.023084552,99908,166,99406,166,99924,100,99148,166,99964,266,99128,166,100149,166,99063,166,100229,166,98899,166,100347,100,98841,100,100600,100,98740,100,,,98720,100,,,98690,100,,,98549,100
2019-06-28 09:54:00.000000000,99908,212,99406,212,99924,142,99148,208,99964,308,99128,208,100149,100,99063,100,100229,100,98899,100,100347,100,98841,100,100600,100,98740,100,,,98720,100,,,98690,100,,,98549,100
2019-06-28 09:54:10.000000000,99908,212,99406,212,99924,142,99148,208,99964,308,99128,208,100149,100,99063,100,100229,100,98899,100,100347,100,98841,100,100600,100,98740,100,,,98720,100,,,98690,100,,,98549,100
2019-06-28 09:54:10.847246448,99908,212,99406,112,99924,142,99148,208,99964,308,99128,208,100149,100,99063,100,100229,100,98899,100,100347,100,98841,100,100600,100,98740,100,,,98720,100,,,98549,100,,,98530,100
2019-06-28 09:54:14.819937046,99908,212,99406,12,99924,142,99148,208,99964,308,99128,208,100149,100,99063,100,100229,100,98899,100,100347,100,98841,100,100600,100,98740,100,,,98720,100,,,98549,100,,,98530,100
2019-06-28 09:54:20.000000000,99908,212,99148,212,99924,142,99128,208,99964,308,99063,208,100149,100,98899,100,100229,100,98841,100,100347,100,98740,100,100600,100,98720,100,,,98549,100,,,98530,100,,,98449,100
2019-06-28 09:54:30.000000000,99908,212,99148,212,99924,142,99128,208,99964,308,99063,208,100149,100,98899,100,100229,100,98841,100,100347,100,98740,100,100600,100,98720,100,,,98549,100,,,98530,100,,,98449,100
2019-06-28 09:54:40.000000000,99908,212,99148,212,99924,142,99128,208,99964,308,99063,208,100149,100,98899,100,100229,100,98841,100,100347,100,98740,100,100600,100,98720,100,,,98549,100,,,98530,100,,,98449,100
2019-06-28 09:54:50.000000000,99908,182,99148,182,99924,116,99128,182,99964,282,99063,182,100149,182,98899,182,100229,100,98841,100,100347,100,98740,100,100600,100,98720,100,,,98549,100,,,98530,100,,,98449,100
2019-06-28 09:55:00.000000000,99908,166,99148,166,99924,100,99128,166,99964,266,99063,166,100149,166,98899,166,100229,166,98841,166,100347,100,98740,100,100600,100,98720,100,,,98549,100,,,98530,100,,,98449,100
2019-06-28 09:55:01.544334494,99406,100,99148,166,99908,166,99128,166,99924,100,99063,166,99964,266,98899,166,100149,166,98841,166,100229,166,98740,100,100347,100,98720,100,100600,100,98549,100,,,98530,100,,,98449,100
2019-06-28 09:55:10.000000000,99406,182,99148,182,99908,182,99128,182,99924,116,99063,182,99964,282,98899,182,100149,100,98841,100,100229,100,98740,100,100347,100,98720,100,100600,100,98549,100,,,98530,100,,,98449,100
2019-06-28 09:55:10.243599936,99406,182,99148,182,99908,182,99128,82,99924,116,99063,182,99964,282,98899,182,100149,100,98841,100,100229,100,98740,100,100347,100,98720,100,100600,100,98549,100,,,98530,100,,,98449,100
2019-06-28 09:55:20.000000000,99406,182,99148,182,99908,182,99063,182,99924,116,98899,182,99964,282,98841,182,100149,100,98740,100,100229,100,98720,100,100347,100,98549,100,100600,100,98530,100,,,98449,100,,,98371,100
2019-06-28 09:55:30.000000000,99406,166,99148,166,99908,166,99063,166,99924,100,98899,166,99964,266,98841,166,100149,166,98740,166,100229,100,98720,100,100347,100,98549,100,100600,100,98530,100,,,98449,100,,,98371,100
2019-06-28 09:55:40.000000000,99406,166,99148,166,99908,166,99063,166,99924,100,98899,166,99964,266,98841,166,100149,166,98740,166,100229,100,98720,100,100347,100,98549,100,100600,100,98530,100,,,98449,100,,,98371,100
2019-06-28 09:55:45.198109380,99406,166,99148,166,99908,166,99063,166,99924,100,98899,166,99964,266,98841,166,100149,166,98740,166,100229,100,98720,100,100347,100,98549,100,100600,100,98530,100,,,98449,100,,,98371,100
2019-06-28 09:55:50.000000000,99406,264,99148,264,99908,264,99063,264,99924,34,98899,100,99964,200,98841,100,100149,100,98740,100,100229,100,98720,100,100347,100,98549,100,100600,100,98530,100,,,98449,100,,,98371,100
2019-06-28 09:55:53.488684041,99406,264,99148,264,99908,264,99063,264,99924,34,98899,100,99964,200,98841,100,100149,100,98740,100,100229,100,98720,100,100347,100,98549,100,100600,100,98530,100,,,98449,100,,,98371,100
2019-06-28 09:56:00.000000000,99406,182,99148,182,99908,182,99063,182,99924,116,98899,182,99964,282,98841,182,100149,100,98740,100,100229,100,98720,100,100347,100,98549,100,100600,100,98530,100,,,98449,100,,,98371,100
2019-06-28 09:56:07.204253653,99406,282,99148,182,99908,182,99063,182,99924,116,98899,182,99964,282,98841,182,100149,100,98740,100,100229,100,98720,100,100347,100,98549,100,100600,100,98530,100,,,98449,100,,,98371,100
2019-06-28 09:56:10.000000000,99406,528,99148,428,99908,100,99063,100,99924,34,98899,100,99964,200,98841,100,100149,100,98740,100,100229,100,98720,100,100347,100,98549,100,100600,100,98530,100,,,98449,100,,,98371,100
2019-06-28 09:56:17.748359026,99406,528,99148,328,99908,100,99063,100,99924,34,98899,100,99964,200,98841,100,100149,100,98740,100,100347,100,98720,100,100600,100,98549,100,,,98530,100,,,98449,100,,,98371,100
2019-06-28 09:56:20.000000000,99406,312,99063,212,99908,208,98899,208,99924,142,98841,208,99964,200,98740,100,100149,100,98720,100,100347,100,98549,100,100600,100,98530,100,,,98449,100,,,98371,100,,,98238,100
2019-06-28 09:56:26.532241470,99406,312,99063,212,99908,208,98899,208,99924,142,98841,208,99964,200,98740,100,100149,100,98720,100,100347,100,98549,100,100600,100,98530,100,,,98449,100,,,98371,100,,,98238,100
2019-06-28 09:56:30.000000000,99406,528,99063,428,99908,100,98899,100,99924,34,98841,100,99964,200,98740,100,100149,100,98720,100,100347,100,98549,100,100600,100,98530,100,,,98449,100,,,98371,100,,,98238,100
2019-06-28 09:56:40.000000000,99406,312,99063,212,99908,208,98899,208,99924,142,98841,208,99964,200,98740,100,100149,100,98720,100,100347,100,98549,100,100600,100,98530,100,,,98449,100,,,98371,100,,,98238,100
2019-06-28 09:56:42.392722437,99406,312,99063,12,99908,208,98899,208,99924,142,98841,208,99964,200,98740,100,100149,100,98720,100,100347,100,98549,100,100600,100,98530,100,,,98449,100,,,98371,100,,,98238,100
2019-06-28 09:56:50.000000000,99406,282,98899,182,99908,182,98841,182,99924,116,98740,182,99964,282,98720,182,100149,100,98549,100,100347,100,98530,100,100600,100,98449,100,,,98371,100,,,98238,100,,,98140,100
2019-06-28 09:57:00.000000000,99406,266,98899,166,99908,166,98841,166,99924,100,98740,166,99964,266,98720,166,100149,166,98549,166,100347,100,98530,100,100600,100,98449,100,,,98371,100,,,98238,100,,,98140,100
2019-06-28 09:57:10.000000000,99406,312,98899,212,99908,208,98841,208,99924,142,98740,208,99964,200,98720,100,100149,100,98549,100,100347,100,98530,100,100600,100,98449,100,,,98371,100,,,98238,100,,,98140,100
2019-06-28 09:57:20.000000000,99406,312,98899,212,99908,208,98841,208,99924,142,98740,208,99964,200,98720,100,100149,100,98549,100,100347,100,98530,100,100600,100,98449,100,,,98371,100,,,98238,100,,,98140,100
2019-06-28 09:57:22.323031324,99148,100,98899,212,99406,312,98841,208,99908,208,98740,208,99924,142,98720,100,99964,200,98549,100,100149,100,98530,100,100347,100,98449,100,100600,100,98371,100,,,98238,100,,,98140,100
2019-06-28 09:57:23.936730207,99148,100,98899,212,99406,312,98841,208,99908,208,98740,208,99924,142,98720,100,99964,200,98549,100,100149,100,98530,100,100347,100,98449,100,100600,100,98371,100,,,98314,100,,,98238,100
2019-06-28 09:57:30.000000000,99148,428,98899,428,99406,200,98841,100,99908,100,98740,100,99924,34,98720,100,99964,200,98549,100,100149,100,98530,100,100347,100,98449,100,100600,100,98371,100,,,98314,100,,,98238,100
2019-06-28 09:57:32.951950562,99148,428,98899,428,99406,100,98841,100,99908,100,98740,100,99924,34,98720,100,99964,200,98549,100,100149,100,98530,100,100347,100,98449,100,100600,100,98371,100,,,98314,100,,,98238,100
2019-06-28 09:57:40.000000000,99148,182,98899,182,99406,182,98841,182,99908,182,98740,182,99924,116,98720,182,99964,200,98549,100,100149,100,98530,100,100347,100,98449,100,100600,100,98371,100,,,98314,100,,,98238,100
2019-06-28 09:57:47.450137033,99148,282,98899,182,99406,182,98841,182,99908,182,98740,182,99924,116,98720,182,99964,200,98549,100,100149,100,98530,100,100347,100,98449,100,100600,100,98371,100,,,98314,100,,,98238,100
2019-06-28 09:57:50.000000000,99148,528,98899,428,99406,100,98841,100,99908,100,98740,100,99924,34,98720,100,99964,200,98549,100,100149,100,98530,100,100347,100,98449,100,100600,100,98371,100,,,98314,100,,,98238,100
2019-06-28 09:58:00.000000000,99148,312,98899,212,99406,208,98841,208,99908,208,98740,208,99924,34,98720,100,99964,200,98549,100,100149,100,98530,100,100347,100,98449,100,100600,100,98371,100,,,98314,100,,,98238,100
2019-06-28 09:58:10.000000000,99148,364,98899,264,99406,264,98841,264,99908,100,98740,100,99924,34,98720,100,99964,200,98549,100,100149,100,98530,100,100347,100,98449,100,100600,100,98371,100,,,98314,100,,,98238,100
2019-06-28 09:58:20.000000000,99148,364,98899,264,99406,264,98841,264,99908,100,98740,100,99924,34,98720,100,99964,200,98549,100,100149,100,98530,100,100347,100,98449,100,100600,100,98371,100,,,98314,100,,,98238,100
2019-06-28 09:58:25.703802701,99148,364,98899,264,99406,264,98841,264,99908,100,98740,100,99924,34,98720,100,99964,200,98549,100,100149,100,98530,100,100347,100,98449,100,100600,100,98371,100,,,98314,100,,,98267,100
2019-06-28 09:58:30.000000000,99148,312,98899,212,99406,208,98841,208,99908,208,98740,208,99924,34,98720,100,99964,200,98549,100,100149,100,98530,100,100347,100,98449,100,100600,100,98371,100,,,98314,100,,,98267,100
2019-06-28 09:58:30.567841471,99148,312,98899,212,99406,208,98841,208,99908,208,98740,208,99924,34,98720,100,99964,200,98549,100,100149,100,98530,100,100347,100,98449,100,100600,100,98371,100,,,98314,100,,,98267,100
2019-06-28 09:58:35.479429894,99148,312,98899,212,99406,208,98841,208,99908,208,98740,208,99924,34,98720,100,99964,200,98549,100,100149,100,98530,100,100347,100,98449,100,100600,100,98371,100,,,98350,100,,,98314,100
2019-06-28 09:58:40.000000000,99148,312,98899,212,99406,208,98841,208,99908,208,98740,208,99924,34,98720,100,99964,200,98549,100,100149,100,98530,100,100347,100,98449,100,100600,100,98371,100,,,98350,100,,,98314,100
2019-06-28 09:58:45.246156139,99148,312,98899,112,99406,208,98841,208,99908,208,98740,208,99924,34,98720,100,99964,200,98549,100,100149,100,98530,100,100347,100,98449,100,100600,100,98371,100,,,98350,100,,,98314,100
2019-06-28 09:58:49.279376153,99148,312,98899,12,99406,208,98841,208,99908,208,98740,208,99924,34,98720,100,99964,200,98549,100,100149,100,98530,100,100347,100,98449,100,100600,100,98371,100,,,98350,100,,,98314,100
2019-06-28 09:58:50.000000000,99148,266,98841,166,99406,166,98740,166,99908,166,98720,166,99924,100,98549,166,99964,266,98530,166,100149,100,98449,100,100347,100,98371,100,100600,100,98350,100,,,98314,100,,,98267,100
2019-06-28 09:59:00.000000000,99148,312,98841,212,99406,208,98740,208,99908,208,98720,208,99924,34,98549,100,99964,200,98530,100,100149,100,98449,100,100347,100,98371,100,100600,100,98350,100,,,98314,100,,,98267,100
2019-06-28 09:59:04.513561719,99148,312,98841,112,99406,208,98740,208,99908,208,98720,208,99924,34,98549,100,99964,200,98530,100,100149,100,98449,100,100347,100,98371,100,100600,100,98350,100,,,98314,100,,,98267,100
2019-06-28 09:59:10.000000000,99148,364,98740,264,99406,264,98720,264,99908,100,98549,100,99924,34,98530,100,99964,200,98449,100,100149,100,98371,100,100347,100,98350,100,100600,100,98314,100,,,98267,100,,,98191,100
2019-06-28 09:59:20.000000000,99148,266,98740,166,99406,166,98720,166,99908,166,98549,166,99924,100,98530,166,99964,266,98449,166,100149,100,98371,100,100347,100,98350,100,100600,100,98314,100,,,98267,100,,,98191,100
2019-06-28 09:59:30.000000000,99148,266,98740,166,99406,166,98720,166,99908,166,98549,166,99924,100,98530,166,99964,266,98449,166,100149,100,98371,100,100347,100,98350,100,100600,100,98314,100,,,98267,100,,,98191,100
2019-06-28 09:59:40.000000000,99148,528,98740,428,99406,100,98720,100,99908,100,98549,100,99924,34,98530,100,99964,200,98449,100,100149,100,98371,100,100347,100,98350,100,100600,100,98314,100,,,98267,100,,,98191,100
2019-06-28 09:59:50.000000000,99148,312,98740,212,99406,208,98720,208,99908,208,98549,208,99924,34,98530,100,99964,200,98449,100,100149,100,98371,100,100347,100,98350,100,100600,100,98314,100,,,98267,100,,,98191,100
2019-06-28 10:00:00.000000000,99148,266,98740,166,99406,166,98720,166,99908,166,98549,166,99924,100,98530,166,99964,266,98449,166,100149,100,98371,100,100347,100,98350,100,100600,100,98314,100,,,98267,100,,,98191,100
2019-06-28 10:00:06.229980876,99148,266,98740,66,99406,166,98720,166,99908,166,98549,66,99924,100,98530,166,99964,266,98449,166,100149,100,98371,100,100347,100,98350,100,100600,100,98314,100,,,98267,100,,,98191,100
2019-06-28 10:00:06.641727259,99106,100,98740,66,99148,266,98720,66,99406,166,98549,66,99908,166,98530,166,99924,100,98449,166,99964,266,98371,100,100149,100,98350,100,100347,100,98314,100,100600,100,98267,100,,,98191,100
2019-06-28 10:00:07.179371202,98878,100,98740,66,99106,100,98720,66,99148,266,98549,66,99406,166,98530,166,99908,166,98449,166,99924,100,98350,100,99964,266,98314,100,100149,100,98267,100,100347,100,98191,100,100600,100,98140,100
2019-06-28 10:00:10.000000000,98878,166,98530,166,99106,166,98449,166,99148,266,98350,166,99406,166,98314,166,99908,166,98267,166,99924,34,98191,100,99964,200,98140,100,100149,100,98074,100,100347,100,,,100600,100,,
2019-06-28 10:00:20.000000000,98878,264,98530,264,99106,264,98449,264,99148,200,98350,100,99406,100,98314,100,99908,100,98267,100,99924,34,98191,100,99964,200,98140,100,100149,100,98074,100,100347,100,,,100600,100,,
2019-06-28 10:00:30.000000000,98878,212,98530,212,99106,208,98449,208,99148,308,98350,208,99406,100,98314,100,99908,100,98267,100,99924,34,98191,100,99964,200,98140,100,100149,100,98074,100,100347,100,,,100600,100,,
2019-06-28 10:00:33.968354208,98878,212,98665,100,99106,208,98530,212,99148,308,98449,208,99406,100,98350,208,99908,100,98314,100,99924,34,98267,100,99964,200,98191,100,100149,100,98140,100,100347,100,98074,100,100600,100,,
2019-06-28 10:00:40.000000000,98878,212,98665,212,99106,208,98530,208,99148,308,98449,208,99406,100,98350,100,99908,100,98314,100,99924,34,98267,100,99964,200,98191,100,100149,100,98140,100,100347,100,98074,100,100600,100,,
2019-06-28 10:00:50.000000000,98878,182,98665,182,99106,182,98530,182,99148,282,98449,182,99406,182,98350,182,99908,100,98314,100,99924,34,98267,100,99964,200,98191,100,100149,100,98140,100,100347,100,98074,100,100600,100,,
2019-06-28 10:01:00.000000000,98878,264,98665,264,99106,264,98530,264,99148,200,98449,100,99406,100,98350,100,99908,100,98314,100,99924,34,98267,100,99964,200,98191,100,100149,100,98140,100,100347,100,98074,100,100600,100,,
2019-06-28 10:01:10.000000000,98878,166,98665,166,99106,166,98530,166,99148,266,98449,166,99406,166,98350,166,99908,166,98314,166,99924,34,98267,100,99964,200,98191,100,100149,100,98140,100,100347,100,98074,100,100600,100,,
2019-06-28 10:01:20.000000000,98878,264,98665,264,99106,264,98530,264,99148,200,98449,100,99406,100,98350,100,99908,100,98314,100,99924,34,98267,100,99964,200,98191,100,100149,100,98140,100,100347,100,98074,100,100600,100,,
2019-06-28 10:01:30.000000000,98878,428,98665,428,99106,100,98530,100,99148,200,98449,100,99406,100,98350,100,99908,100,98314,100,99924,34,98267,100,99964,200,98191,100,100149,100,98140,100,100347,100,98074,100,100600,100,,
2019-06-28 10:01:38.838424435,98878,328,98665,428,99106,100,98530,100,99148,200,98449,100,99406,100,98350,100,99908,100,98314,100,99924,34,98267,100,99964,200,98140,100,100149,100,98074,100,100347,100,,,100600,100,,
2019-06-28 10:01:38.960769438,98878,328,98741,100,99106,100,98665,428,99148,200,98530,100,99406,100,98449,100,99908,100,98350,100,99924,34,98314,100,99964,200,98267,100,100149,100,98140,100,100347,100,98074,100,100600,100,,
2019-06-28 10:01:40.000000000,99106,428,98741,428,99148,200,98665,100,99406,100,98530,100,99908,100,98449,100,99924,34,98350,100,99964,200,98314,100,100149,100,98267,100,100347,100,98140,100,100600,100,98074,100,,,,
2019-06-28 10:01:50.000000000,99106,182,98741,182,99148,282,98665,182,99406,182,98530,182,99908,182,98449,182,99924,34,98350,100,99964,200,98314,100,100149,100,98267,100,100347,100,98140,100,100600,100,98074,100,,,,
2019-06-28 10:01:54.419266079,99106,182,98741,282,99148,282,98665,182,99406,182,98530,182,99908,182,98449,182,99924,34,98350,100,99964,200,98314,100,100149,100,98267,100,100347,100,98140,100,100600,100,98074,100,,,,
2019-06-28 10:02:00.000000000,99106,264,98741,364,99148,364,98665,264,99406,100,98530,100,99908,100,98449,100,99924,34,98350,100,99964,200,98314,100,100149,100,98267,100,100347,100,98140,100,100600,100,98074,100,,,,
2019-06-28 10:02:10.000000000,99106,166,98741,266,99148,266,98665,166,99406,166,98530,166,99908,166,98449,166,99924,100,98350,166,99964,200,98314,100,100149,100,98267,100,100347,100,98140,100,100600,100,98074,100,,,,
2019-06-28 10:02:20.000000000,99106,212,98741,312,99148,308,98665,208,99406,208,98530,208,99908,100,98449,100,99924,34,98350,100,99964,200,98314,100,100149,100,98267,100,100347,100,98140,100,100600,100,98074,100,,,,
2019-06-28 10:02:30.000000000,99106,166,98741,266,99148,266,98665,166,99406,166,98530,166,99908,166,98449,166,99924,100,98350,166,99964,200,98314,100,100149,100,98267,100,100347,100,98140,100,100600,100,98074,100,,,,
2019-06-28 10:02:35.236240895,99106,66,98741,266,99148,266,98665,166,99406,166,98530,166,99908,166,98449,166,99924,100,98350,166,99964,200,98314,100,100149,100,98267,100,100347,100,98140,100,100600,100,98074,100,,,,
2019-06-28 10:02:36.629329229,99106,66,98741,266,99148,366,98665,166,99406,166,98530,166,99908,166,98449,166,99924,100,98350,166,99964,200,98314,100,100149,100,98267,100,100347,100,98140,100,,,98074,100,,,,
2019-06-28 10:02:38.637894707,99106,66,98977,100,99148,366,98741,266,99406,166,98665,166,99908,166,98530,166,99924,100,98449,166,99964,200,98350,166,100149,100,98314,100,100347,100,98267,100,,,98140,100,,,98074,100
2019-06-28 10:02:40.000000000,99148,366,98977,166,99406,166,98741,266,99908,166,98665,166,99924,100,98530,166,99964,266,98449,166,100149,100,98350,100,100347,100,98314,100,,,98267,100,,,98140,100,,,98074,100
2019-06-28 10:02:42.383122055,99148,366,98977,166,99406,166,98741,166,99908,166,98665,166,99924,100,98530,166,99964,266,98449,166,100149,100,98350,100,100347,100,98314,100,,,98267,100,,,98140,100,,,98074,100
2019-06-28 10:02:48.930236054,99148,366,98977,166,99212,100,98741,166,99406,166,98665,166,99908,166,98530,166,99924,100,98449,166,99964,266,98350,100,100149,100,98314,100,100347,100,98267,100,,,98140,100,,,98074,100
2019-06-28 10:02:50.000000000,99148,464,98977,264,99212,264,98741,264,99406,100,98665,100,99908,100,98530,100,99924,34,98449,100,99964,200,98350,100,100149,100,98314,100,100347,100,98267,100,,,98140,100,,,98074,100
2019-06-28 10:02:58.814598108,99148,464,98977,164,99212,264,98741,264,99374,100,98665,100,99406,100,98530,100,99908,100,98449,100,99924,34,98350,100,99964,200,98314,100,100149,100,98267,100,100347,100,98140,100,,,98074,100
2019-06-28 10:03:00.000000000,99148,464,98741,264,99212,264,98665,264,99374,100,98530,100,99406,100,98449,100,99908,100,98350,100,99924,34,98314,100,99964,200,98267,100,100149,100,98140,100,100347,100,98074,100,,,,
2019-06-28 10:03:10.000000000,99148,628,98741,428,99212,100,98665,100,99374,100,98530,100,99406,100,98449,100,99908,100,98350,100,99924,34,98314,100,99964,200,98267,100,100149,100,98140,100,100347,100,98074,100,,,,
2019-06-28 10:03:19.040798825,99148,628,98878,100,99212,100,98741,428,99374,100,98665,100,99406,100,98530,100,99908,100,98449,100,99924,34,98350,100,99964,200,98314,100,100149,100,98267,100,100347,100,98140,100,,,98074,100
2019-06-28 10:03:20.000000000,99148,382,98878,182,99212,182,98741,182,99374,182,98665,182,99406,182,98530,182,99908,100,98449,100,99924,34,98350,100,99964,200,98314,100,100149,100,98267,100,100347,100,98140,100,,,98074,100
2019-06-28 10:03:30.000000000,99148,628,98878,428,99212,100,98741,100,99374,100,98665,100,99406,100,98530,100,99908,100,98449,100,99924,34,98350,100,99964,200,98314,100,100149,100,98267,100,100347,100,98140,100,,,98074,100
2019-06-28 10:03:40.000000000,99148,628,98878,428,99212,100,98741,100,99374,100,98665,100,99406,100,98530,100,99908,100,98449,100,99924,34,98350,100,99964,200,98314,100,100149,100,98267,100,100347,100,98140,100,,,98074,100
2019-06-28 10:03:43.793611979,99148,628,98878,428,99212,100,98741,100,99290,100,98665,100,99374,100,98530,100,99406,100,98449,100,99908,100,98350,100,99924,34,98314,100,99964,200,98267,100,100149,100,98140,100,100347,100,98074,100
2019-06-28 10:03:50.000000000,99148,628,98878,428,99212,100,98741,100,99290,100,98665,100,99374,100,98530,100,99406,100,98449,100,99908,100,98350,100,99924,34,98314,100,99964,200,98267,100,100149,100,98140,100,100347,100,98074,100
2019-06-28 10:03:52.864430922,99148,528,98878,428,99212,100,98741,100,99290,100,98665,100,99374,100,98530,100,99406,100,98449,100,99908,100,98350,100,99924,34,98314,100,99964,200,98267,100,100149,100,98140,100,100347,100,98074,100
2019-06-28 10:04:00.000000000,99148,266,98878,166,99212,166,98741,166,99290,166,98665,166,99374,166,98530,166,99406,166,98449,166,99908,100,98350,100,99924,34,98314,100,99964,200,98267,100,100149,100,98140,100,100347,100,98074,100
2019-06-28 10:04:10.000000000,99148,266,98878,166,99212,166,98741,166,99290,166,98665,166,99374,166,98530,166,99406,166,98449,166,99908,100,98350,100,99924,34,98314,100,99964,200,98267,100,100149,100,98140,100,100347,100,98074,100
2019-06-28 10:04:20.000000000,99148,266,98878,166,99212,166,98741,166,99290,166,98665,166,99374,166,98530,166,99406,166,98449,166,99908,100,98350,100,99924,34,98314,100,99964,200,98267,100,100149,100,98140,100,100347,100,98074,100
2019-06-28 10:04:30.000000000,99148,312,98878,212,99212,208,98741,208,99290,208,98665,208,99374,100,98530,100,99406,100,98449,100,99908,100,98350,100,99924,34,98314,100,99964,200,98267,100,100149,100,98140,100,100347,100,98074,100
2019-06-28 10:04:32.811756734,99148,312,98878,212,99212,208,98741,208,99221,100,98665,208,99290,208,98530,100,99374,100,98449,100,99406,100,98350,100,99908,100,98314,100,99924,34,98267,100,99964,200,98140,100,100149,100,98074,100
2019-06-28 10:04:34.872831575,99148,312,99120,100,99212,208,98878,212,99221,100,98741,208,99290,208,98665,208,99374,100,98530,100,99406,100,98449,100,99908,100,98350,100,99924,34,98314,100,99964,200,98267,100,100149,100,98140,100
2019-06-28 10:04:35.414162248,99148,212,99120,100,99212,208,98878,212,99221,100,98741,208,99290,208,98665,108,99374,100,98530,100,99406,100,98449,100,99908,100,98350,100,99924,34,98314,100,99964,200,98267,100,100149,100,98140,100
2019-06-28 10:04:36.709352210,99148,212,99120,100,99212,208,98878,212,99221,100,98741,208,99290,208,98665,108,99325,100,98530,100,99374,100,98449,100,99406,100,98350,100,99908,100,98314,100,99924,34,98267,100,99964,200,98140,100
2019-06-28 10:04:39.549386645,99148,212,99120,100,99212,208,98878,212,99221,100,98741,208,99290,208,98665,108,99325,100,98530,100,99374,100,98449,100,99406,100,98350,100,99534,100,98314,100,99908,100,98267,100,99924,34,98140,100
2019-06-28 10:04:40.000000000,99148,264,99120,264,99212,264,98878,264,99221,100,98741,100,99290,100,98530,100,99325,100,98449,100,99374,100,98350,100,99406,100,98314,100,99534,100,98267,100,99908,100,98140,100,99924,34,98074,100
2019-06-28 10:04:40.896121314,99148,164,99120,264,99212,264,98878,264,99221,100,98741,100,99290,100,98530,100,99325,100,98449,100,99374,100,98350,100,99406,100,98314,100,99534,100,98267,100,99908,100,98140,100,99924,34,98074,100
2019-06-28 10:04:50.000000000,99212,182,99120,182,99221,182,98878,182,99290,182,98741,182,99325,182,98530,182,99374,100,98449,100,99406,100,98350,100,99534,100,98314,100,99908,100,98267,100,99924,34,98140,100,99964,200,98074,100
2019-06-28 10:05:00.000000000,99212,264,99120,264,99221,264,98878,264,99290,100,98741,100,99325,100,98530,100,99374,100,98449,100,99406,100,98350,100,99534,100,98314,100,99908,100,98267,100,99924,34,98140,100,99964,200,98074,100
2019-06-28 10:05:04.738851985,99212,264,99120,264,99221,264,98878,264,99283,100,98741,100,99290,100,98530,100,99325,100,98449,100,99374,100,98350,100,99406,100,98314,100,99534,100,98267,100,99908,100,98140,100,99924,34,98074,100
2019-06-28 10:05:10.000000000,99212,212,99120,212,99221,208,98878,208,99283,208,98741,208,99290,100,98530,100,99325,100,98449,100,99374,100,98350,100,99406,100,98314,100,99534,100,98267,100,99908,100,98140,100,99924,34,98074,100
2019-06-28 10:05:14.628854557,99212,212,99148,100,99221,208,99120,212,99283,208,98878,208,99290,100,98741,208,99325,100,98530,100,99374,100,98449,100,99406,100,98350,100,99534,100,98314,100,99908,100,98267,100,99924,34,98140,100
2019-06-28 10:05:20.000000000,99212,212,99148,212,99221,208,99120,208,99283,208,98878,208,99290,100,98741,100,99325,100,98530,100,99374,100,98449,100,99406,100,98350,100,99534,100,98314,100,99908,100,98267,100,99924,34,98140,100
2019-06-28 10:05:30.000000000,99212,264,99148,264,99221,264,99120,264,99283,100,98878,100,99290,100,98741,100,99325,100,98530,100,99374,100,98449,100,99406,100,98350,100,99534,100,98314,100,99908,100,98267,100,99924,34,98140,100
2019-06-28 10:05:40.000000000,99212,166,99148,166,99221,166,99120,166,99283,166,98878,166,99290,166,98741,166,99325,166,98530,166,99374,100,98449,100,99406,100,98350,100,99534,100,98314,100,99908,100,98267,100,99924,34,98140,100
2019-06-28 10:05:50.000000000,99212,212,99148,212,99221,208,99120,208,99283,208,98878,208,99290,100,98741,100,99325,100,98530,100,99374,100,98449,100,99406,100,98350,100,99534,100,98314,100,99908,100,98267,100,99924,34,98140,100
2019-06-28 10:06:00.000000000,99212,182,99148,182,99221,182,99120,182,99283,182,98878,182,99290,182,98741,182,99325,100,98530,100,99374,100,98449,100,99406,100,98350,100,99534,100,98314,100,99908,100,98267,100,99924,34,98140,100
2019-06-28 10:06:01.720050243,99212,182,99148,182,99221,182,99120,82,99283,182,98878,182,99290,182,98741,182,99325,100,98530,100,99374,100,98449,100,99406,100,98350,100,99534,100,98314,100,99706,100,98267,100,99908,100,98140,100
2019-06-28 10:06:10.000000000,99212,182,99148,182,99221,182,98878,182,99283,182,98741,182,99290,182,98530,182,99325,100,98449,100,99374,100,98350,100,99406,100,98314,100,99534,100,98267,100,99706,100,98140,100,99908,100,98074,100
2019-06-28 10:06:14.214596712,99212,82,99148,182,99221,182,98878,182,99283,182,98741,182,99290,182,98530,182,99325,100,98449,100,99374,100,98350,100,99406,100,98314,100,99534,100,98267,100,99706,100,98140,100,99908,100,98074,100
2019-06-28 10:06:20.000000000,99221,182,99148,182,99283,182,98878,182,99290,182,98741,182,99325,182,98530,182,99374,100,98449,100,99406,100,98350,100,99534,100,98314,100,99706,100,98267,100,99908,100,98140,100,99924,34,98074,100
2019-06-28 10:06:20.144630623,99221,82,99148,182,99283,182,98878,182,99290,182,98741,182,99325,82,98530,182,99374,100,98449,100,99406,100,98350,100,99534,100,98314,100,99706,100,98267,100,99908,100,98140,100,99924,34,98074,100
2019-06-28 10:06:30.000000000,99283,212,99148,212,99290,208,98878,208,99374,208,98741,208,99406,100,98530,100,99534,100,98449,100,99706,100,98350,100,99908,100,98314,100,99924,34,98267,100,99964,200,98140,100,100149,100,98074,100
2019-06-28 10:06:40.000000000,99283,182,99148,182,99290,182,98878,182,99374,182,98741,182,99406,182,98530,182,99534,100,98449,100,99706,100,98350,100,99908,100,98314,100,99924,34,98267,100,99964,200,98140,100,100149,100,98074,100
2019-06-28 10:06:50.000000000,99283,428,99148,428,99290,100,98878,100,99374,100,98741,100,99406,100,98530,100,99534,100,98449,100,99706,100,98350,100,99908,100,98314,100,99924,34,98267,100,99964,200,98140,100,100149,100,98074,100
2019-06-28 10:07:00.000000000,99283,182,99148,182,99290,182,98878,182,99374,182,98741,182,99406,182,98530,182,99534,100,98449,100,99706,100,98350,100,99908,100,98314,100,99924,34,98267,100,99964,200,98140,100,100149,100,98074,100
2019-06-28 10:07:04.600383910,99283,82,99148,182,99290,182,98878,182,99374,182,98741,182,99406,182,98530,182,99534,100,98449,100,99706,100,98350,100,99908,100,98314,100,99924,34,98267,100,99964,200,98074,100,100149,100,,
2019-06-28 10:07:08.037927019,99283,82,99221,100,99290,182,99148,182,99374,182,98878,182,99406,182,98741,182,99534,100,98530,182,99706,100,98449,100,99908,100,98350,100,99924,34,98314,100,99964,200,98267,100,100149,100,98074,100
2019-06-28 10:07:10.000000000,99290,212,99221,212,99374,208,99148,208,99406,208,98878,208,99534,100,98741,100,99706,100,98530,100,99908,100,98449,100,99924,34,98350,100,99964,200,98314,100,100149,100,98267,100,100347,100,98074,100
2019-06-28 10:07:20.000000000,99290,428,99221,428,99374,100,99148,100,99406,100,98878,100,99534,100,98741,100,99706,100,98530,100,99908,100,98449,100,99924,34,98350,100,99964,200,98314,100,100149,100,98267,100,100347,100,98074,100
2019-06-28 10:07:30.000000000,99290,182,99221,182,99374,182,99148,182,99406,182,98878,182,99534,182,98741,182,99706,100,98530,100,99908,100,98449,100,99924,34,98350,100,99964,200,98314,100,100149,100,98267,100,100347,100,98074,100
2019-06-28 10:07:40.000000000,99290,212,99221,212,99374,208,99148,208,99406,208,98878,208,99534,100,98741,100,99706,100,98530,100,99908,100,98449,100,99924,34,98350,100,99964,200,98314,100,100149,100,98267,100,100347,100,98074,100
2019-06-28 10:07:50.000000000,99290,166,99221,166,99374,166,99148,166,99406,166,98878,166,99534,166,98741,166,99706,166,98530,166,99908,100,98449,100,99924,34,98350,100,99964,200,98314,100,100149,100,98267,100,100347,100,98074,100
2019-06-28 10:07:51.162512515,99290,166,99221,266,99374,166,99148,166,99406,166,98878,166,99534,166,98741,166,99706,166,98530,166,99908,100,98449,100,99924,34,98350,100,99964,200,98314,100,100347,100,98267,100,,,98074,100
2019-06-28 10:08:00.000000000,99290,166,99221,266,99374,166,99148,166,99406,166,98878,166,99534,166,98741,166,99706,166,98530,166,99908,100,98449,100,99924,34,98350,100,99964,200,98314,100,100347,100,98267,100,,,98074,100
2019-06-28 10:08:10.000000000,99290,264,99221,364,99374,264,99148,264,99406,100,98878,100,99534,100,98741,100,99706,100,98530,100,99908,100,98449,100,99924,34,98350,100,99964,200,98314,100,100347,100,98267,100,,,98074,100
2019-06-28 10:08:19.327408304,99290,164,99221,364,99374,264,99148,264,99406,100,98878,100,99534,100,98741,100,99706,100,98530,100,99908,100,98449,100,99924,34,98314,100,99964,200,98267,100,100347,100,98074,100,,,,
2019-06-28 10:08:19.948039783,99290,64,99221,364,99374,264,99148,264,99406,100,98878,100,99534,100,98741,100,99706,100,98530,100,99908,100,98449,100,99924,34,98314,100,99964,200,98267,100,100347,100,98074,100,,,,
2019-06-28 10:08:20.000000000,99374,428,99221,528,99406,100,99148,100,99534,100,98878,100,99706,100,98741,100,99908,100,98530,100,99924,34,98449,100,99964,200,98314,100,100347,100,98267,100,,,98074,100,,,,
2019-06-28 10:08:20.651619652,99374,428,99290,100,99406,100,99221,528,99534,100,99148,100,99706,100,98878,100,99908,100,98741,100,99924,34,98530,100,99964,100,98449,100,100347,100,98314,100,,,98267,100,,,98074,100
2019-06-28 10:08:29.496229697,99374,428,99290,200,99406,100,99221,528,99534,100,99148,100,99706,100,98878,100,99908,100,98741,100,99924,34,98530,100,99964,100,98449,100,100347,100,98314,100,,,98267,100,,,98074,100
2019-06-28 10:08:30.000000000,99374,212,99290,312,99406,208,99221,308,99534,208,99148,208,99706,100,98878,100,99908,100,98741,100,99924,34,98530,100,99964,100,98449,100,100347,100,98314,100,,,98267,100,,,98074,100
2019-06-28 10:08:39.689170914,99374,212,99290,312,99406,208,99221,308,99534,208,99148,208,99706,100,98878,100,99823,100,98741,100,99908,100,98530,100,99924,34,98449,100,99964,100,98314,100,100347,100,98267,100,,,98074,100
2019-06-28 10:08:40.000000000,99374,182,99290,282,99406,182,99221,282,99534,182,99148,182,99706,182,98878,182,99823,100,98741,100,99908,100,98530,100,99924,34,98449,100,99964,100,98314,100,100347,100,98267,100,,,98074,100
2019-06-28 10:08:50.000000000,99374,428,99290,528,99406,100,99221,200,99534,100,99148,100,99706,100,98878,100,99823,100,98741,100,99908,100,98530,100,99924,34,98449,100,99964,100,98314,100,100347,100,98267,100,,,98074,100
2019-06-28 10:09:00.000000000,99374,264,99290,364,99406,264,99221,364,99534,100,99148,100,99706,100,98878,100,99823,100,98741,100,99908,100,98530,100,99924,34,98449,100,99964,100,98314,100,100347,100,98267,100,,,98074,100
2019-06-28 10:09:09.980068850,99374,264,99290,364,99406,264,99221,364,99534,100,99148,100,99705,100,98878,100,99706,100,98741,100,99823,100,98530,100,99908,100,98449,100,99924,34,98314,100,99964,100,98267,100,100347,100,98074,100
2019-06-28 10:09:10.000000000,99374,212,99290,312,99406,208,99221,308,99534,208,99148,208,99705,100,98878,100,99706,100,98741,100,99823,100,98530,100,99908,100,98449,100,99924,34,98314,100,99964,100,98267,100,100347,100,98074,100
2019-06-28 10:09:16.058652077,99374,212,99290,312,99406,208,99221,308,99534,208,99148,208,99705,100,98878,100,99706,100,98741,100,99815,100,98530,100,99823,100,98449,100,99908,100,98314,100,99924,34,98267,100,99964,100,98074,100
2019-06-28 10:09:20.000000000,99374,428,99290,528,99406,100,99221,200,99534,100,99148,100,99705,100,98878,100,99706,100,98741,100,99815,100,98530,100,99823,100,98449,100,99908,100,98314,100,99924,34,98267,100,99964,100,98074,100
2019-06-28 10:09:30.000000000,99374,212,99290,312,99406,208,99221,308,99534,208,99148,208,99705,100,98878,100,99706,100,98741,100,99815,100,98530,100,99823,100,98449,100,99908,100,98314,100,99924,34,98267,100,99964,100,98074,100
2019-06-28 10:09:30.528870320,99374,212,99290,412,99406,208,99221,308,99534,208,99148,208,99705,100,98878,100,99706,100,98741,100,99815,100,98530,100,99823,100,98449,100,99908,100,98314,100,99924,34,98267,100,99964,100,98074,100
2019-06-28 10:09:34.367798391,99374,212,99290,412,99406,208,99221,308,99534,208,99148,208,99705,100,98878,100,99706,100,98741,100,99815,100,98530,100,99823,100,98449,100,99833,100,98314,100,99908,100,98267,100,99924,34,98074,100
2019-06-28 10:09:40.000000000,99374,264,99290,464,99406,264,99221,364,99534,100,99148,100,99705,100,98878,100,99706,100,98741,100,99815,100,98530,100,99823,100,98449,100,99833,100,98314,100,99908,100,98267,100,99924,34,98074,100
2019-06-28 10:09:43.481674562,99374,164,99290,464,99406,264,99221,364,99534,100,99148,100,99705,100,98878,100,99706,100,98741,100,99815,100,98530,100,99823,100,98449,100,99833,100,98267,100,99908,100,98074,100,99924,34,,
2019-06-28 10:09:50.000000000,99406,182,99290,382,99534,182,99221,282,99705,182,99148,182,99706,182,98878,182,99815,100,98741,100,99823,100,98530,100,99833,100,98449,100,99908,100,98267,100,99924,34,98074,100,99964,100,,
2019-06-28 10:09:56.301515602,99406,182,99290,382,99534,182,99221,282,99705,182,99148,182,99706,182,98878,182,99812,100,98741,100,99815,100,98530,100,99823,100,98449,100,99833,100,98267,100,99908,100,98074,100,99924,34,,
2019-06-28 10:10:00.000000000,99406,166,99290,366,99534,166,99221,266,99705,166,99148,166,99706,166,98878,166,99812,166,98741,166,99815,100,98530,100,99823,100,98449,100,99833,100,98267,100,99908,100,98074,100,99924,34,,
2019-06-28 10:10:10.000000000,99406,182,99290,382,99534,182,99221,282,99705,182,99148,182,99706,182,98878,182,99812,100,98741,100,99815,100,98530,100,99823,100,98449,100,99833,100,98267,100,99908,100,98074,100,99924,34,,
2019-06-28 10:10:20.000000000,99406,182,99290,382,99534,182,99221,282,99705,182,99148,182,99706,182,98878,182,99812,100,98741,100,99815,100,98530,100,99823,100,98449,100,99833,100,98267,100,99908,100,98074,100,99924,34,,
2019-06-28 10:10:30.000000000,99406,264,99290,464,99534,264,99221,364,99705,100,99148,100,99706,100,98878,100,99812,100,98741,100,99815,100,98530,100,99823,100,98449,100,99833,100,98267,100,99908,100,98074,100,99924,34,,
2019-06-28 10:10:32.320145938,99406,164,99290,464,99534,264,99221,364,99705,100,99148,100,99706,100,98878,100,99812,100,98741,100,99815,100,98530,100,99823,100,98449,100,99833,100,98267,100,99908,100,98074,100,99924,34,,
2019-06-28 10:10:34.290344026,99406,64,99290,464,99534,264,99221,364,99705,100,99148,100,99706,100,98878,100,99812,100,98741,100,99815,100,98530,100,99823,100,98449,100,99833,100,98267,100,99908,100,98074,100,99924,34,,
2019-06-28 10:10:40.000000000,99534,212,99290,412,99705,208,99221,308,99706,208,99148,208,99812,100,98878,100,99815,100,98741,100,99823,100,98530,100,99833,100,98449,100,99908,100,98267,100,99924,34,98074,100,99964,100,,
2019-06-28 10:10:50.000000000,99534,264,99290,464,99705,264,99221,364,99706,100,99148,100,99812,100,98878,100,99815,100,98741,100,99823,100,98530,100,99833,100,98449,100,99908,100,98267,100,99924,34,98074,100,99964,100,,
2019-06-28 10:11:00.000000000,99534,428,99290,628,99705,100,99221,200,99706,100,99148,100,99812,100,98878,100,99815,100,98741,100,99823,100,98530,100,99833,100,98449,100,99908,100,98267,100,99924,34,98074,100,99964,100,,
2019-06-28 10:11:10.000000000,99534,182,99290,382,99705,182,99221,282,99706,182,99148,182,99812,182,98878,182,99815,100,98741,100,99823,100,98530,100,99833,100,98449,100,99908,100,98267,100,99924,34,98074,100,99964,100,,
2019-06-28 10:11:20.000000000,99534,166,99290,366,99705,166,99221,266,99706,166,99148,166,99812,166,98878,166,99815,166,98741,166,99823,100,98530,100,99833,100,98449,100,99908,100,98267,100,99924,34,98074,100,99964,100,,
2019-06-28 10:11:23.630702604,99534,66,99290,366,99705,166,99221,266,99706,166,99148,166,99812,166,98878,166,99815,166,98741,166,99823,100,98530,100,99833,100,98449,100,99908,100,98267,100,99924,34,98074,100,99964,100,,
2019-06-28 10:11:30.000000000,99705,166,99290,366,99706,166,99221,266,99812,166,99148,166,99815,166,98878,166,99823,166,98741,166,99833,100,98530,100,99908,100,98449,100,99924,34,98267,100,99964,100,98074,100,100347,100,,
2019-06-28 10:11:36.949330897,99705,166,99290,266,99706,166,99221,266,99812,166,99148,166,99815,166,98878,166,99823,166,98741,166,99833,100,98530,100,99908,100,98449,100,99924,34,98267,100,99964,100,98074,100,100347,100,,
2019-06-28 10:11:40.000000000,99705,182,99290,282,99706,182,99221,282,99812,182,99148,182,99815,182,98878,182,99823,100,98741,100,99833,100,98530,100,99908,100,98449,100,99924,34,98267,100,99964,100,98074,100,100347,100,,
2019-06-28 10:11:50.000000000,99705,212,99290,312,99706,208,99221,308,99812,208,99148,208,99815,100,98878,100,99823,100,98741,100,99833,100,98530,100,99908,100,98449,100,99924,34,98267,100,99964,100,98074,100,100347,100,,
2019-06-28 10:11:53.329850885,99705,112,99290,312,99706,208,99221,308,99812,208,99148,208,99815,100,98878,100,99823,100,98741,100,99833,100,98530,100,99908,100,98449,100,99924,34,98267,100,99964,100,98074,100,100347,100,,
2019-06-28 10:11:58.001963287,99705,112,99290,312,99706,208,99221,308,99812,208,99148,208,99815,100,98878,100,99823,100,98741,100,99833,100,98530,100,99908,100,98449,100,99924,34,98267,100,99964,100,98074,100,100132,100,,
2019-06-28 10:11:59.213376559,99705,112,99534,100,99706,208,99290,312,99812,208,99221,308,99815,100,99148,208,99823,100,98878,100,99833,100,98741,100,99908,100,98530,100,99924,34,98449,100,99964,100,98267,100,100132,100,98074,100
2019-06-28 10:12:00.000000000,99706,428,99534,428,99812,100,99290,200,99815,100,99221,200,99823,100,99148,100,99833,100,98878,100,99908,100,98741,100,99924,34,98530,100,99964,100,98449,100,100132,100,98267,100,100347,100,98074,100
2019-06-28 10:12:10.000000000,99706,182,99534,182,99812,182,99290,282,99815,182,99221,282,99823,182,99148,182,99833,100,98878,100,99908,100,98741,100,99924,34,98530,100,99964,100,98449,100,100132,100,98267,100,100347,100,98074,100
2019-06-28 10:12:16.674406288,99706,82,99534,182,99812,182,99290,282,99815,182,99221,282,99823,182,99148,182,99833,100,98878,100,99908,100,98741,100,99924,34,98530,100,99964,100,98449,100,100132,100,98267,100,100347,100,98074,100
