,ask_price_1,ask_size_1,bid_price_1,bid_size_1,ask_price_2,ask_size_2,bid_price_2,bid_size_2,ask_price_3,ask_size_3,bid_price_3,bid_size_3,ask_price_4,ask_size_4,bid_price_4,bid_size_4,ask_price_5,ask_size_5,bid_price_5,bid_size_5,ask_price_6,ask_size_6,bid_price_6,bid_size_6,ask_price_7,ask_size_7,bid_price_7,bid_size_7,ask_price_8,ask_size_8,bid_price_8,bid_size_8,ask_price_9,ask_size_9,bid_price_9,bid_size_9,ask_price_10,ask_size_10,bid_price_10,bid_size_10
2019-06-28 09:30:00.000000000,,,99996,100,,,99937,100,,,,,,,,,,,,,,,,,,,,,,,,,,,,,,,,
2019-06-28 09:30:00.000000002,100126,100,99996,100,,,99937,100,,,,,,,,,,,,,,,,,,,,,,,,,,,,,,,,
2019-06-28 09:30:00.000000004,100126,100,99996,100,,,99991,100,,,99937,100,,,,,,,,,,,,,,,,,,,,,,,,,,,,
2019-06-28 09:30:00.000000005,100010,100,99996,100,100126,100,99991,100,,,99937,100,,,,,,,,,,,,,,,,,,,,,,,,,,,,
2019-06-28 09:30:00.000000007,100010,100,99996,100,100126,100,99991,100,,,99937,100,,,99929,100,,,,,,,,,,,,,,,,,,,,,,,,
2019-06-28 09:30:00.000000009,100010,100,99996,100,100078,100,99991,100,100126,100,99937,100,,,99929,100,,,,,,,,,,,,,,,,,,,,,,,,
2019-06-28 09:30:00.000000012,100010,100,99996,100,100078,100,99991,100,100126,100,99937,100,,,99929,100,,,99886,100,,,,,,,,,,,,,,,,,,,,
2019-06-28 09:30:00.000000014,100010,100,99991,100,100078,100,99954,100,100126,100,99937,100,100143,100,99929,100,,,99886,100,,,,,,,,,,,,,,,,,,,,
2019-06-28 09:30:00.000000016,100010,100,99991,100,100078,100,99954,100,100126,100,99948,100,100143,100,99937,100,,,99929,100,,,99886,100,,,,,,,,,,,,,,,,
2019-06-28 09:30:00.000000017,100010,100,99997,100,100078,100,99991,100,100126,100,99954,100,100143,100,99948,100,,,99937,100,,,99929,100,,,99886,100,,,,,,,,,,,,
2019-06-28 09:30:00.000000018,100010,100,99997,100,100078,100,99991,100,100126,100,99954,100,100143,100,99948,100,,,99937,100,,,99929,100,,,99925,100,,,99886,100,,,,,,,,
2019-06-28 09:30:00.000000020,100010,100,99997,100,100078,100,99991,100,100126,100,99954,100,100143,100,99948,200,,,99937,100,,,99929,100,,,99925,100,,,99886,100,,,,,,,,
2019-06-28 09:30:00.000000021,100010,100,99997,100,100026,100,99991,100,100078,100,99954,100,100126,100,99948,200,100143,100,99937,100,,,99929,100,,,99925,100,,,99902,100,,,99886,100,,,,
2019-06-28 09:30:00.000000022,100010,100,99997,100,100026,100,99991,100,100077,100,99954,100,100078,100,99948,200,100126,100,99937,100,100143,100,99929,100,,,99925,100,,,99906,100,,,99902,100,,,99886,100
2019-06-28 09:30:00.000000024,100010,100,99997,100,100026,100,99991,100,100077,100,99988,100,100078,200,99954,100,100126,100,99948,200,100143,100,99937,100,,,99929,100,,,99925,100,,,99906,100,,,99902,100
2019-06-28 09:30:00.000000026,100010,100,99991,100,100026,100,99988,100,100077,100,99954,100,100078,200,99948,200,100126,100,99937,100,100143,100,99929,100,,,99925,100,,,99906,100,,,99902,100,,,99886,100
2019-06-28 09:30:00.000000027,100010,100,99991,100,100026,100,99988,100,100060,100,99954,100,100077,100,99948,200,100078,200,99937,100,100126,100,99929,100,100143,100,99925,100,,,99906,100,,,99902,100,,,99886,100
2019-06-28 09:30:00.000000030,100010,100,99991,100,100026,100,99988,100,100060,100,99954,100,100071,100,99948,200,100077,100,99937,100,100078,200,99929,100,100126,100,99925,100,100143,100,99906,100,,,99902,100,,,99886,100
2019-06-28 09:30:00.000000035,100010,100,99996,100,100026,100,99991,100,100060,100,99988,100,100071,100,99954,100,100077,100,99948,200,100078,200,99937,100,100126,100,99929,100,100143,100,99925,100,,,99906,100,,,99902,100
2019-06-28 09:30:00.000000036,100010,100,99996,100,100026,100,99991,100,100060,100,99988,100,100071,100,99954,100,100077,100,99948,200,100078,200,99937,100,100126,100,99932,100,100143,100,99929,100,,,99925,100,,,99906,100
2019-06-28 09:30:00.000000038,100010,100,99991,100,100026,100,99988,100,100060,100,99954,100,100071,100,99948,200,100077,100,99937,100,100078,200,99932,100,100126,100,99929,100,100143,100,99925,100,,,99906,100,,,99902,100
2019-06-28 09:30:00.000000041,100010,100,99991,100,100026,100,99988,100,100060,100,99954,100,100071,100,99948,200,100077,100,99937,100,100078,200,99932,100,100126,100,99929,100,100143,100,99925,100,100148,100,99906,100,,,99902,100
2019-06-28 09:30:00.000000042,100010,100,99991,100,100026,100,99988,100,100060,100,99954,100,100071,100,99953,100,100077,100,99948,200,100078,300,99937,100,100126,100,99932,100,100143,100,99929,100,100148,100,99925,100,,,99906,100
2019-06-28 09:30:00.000000043,100003,100,99991,100,100010,100,99988,100,100026,100,99954,100,100060,100,99953,100,100071,100,99948,200,100077,100,99937,100,100078,300,99932,100,100126,100,99929,100,100143,100,99925,100,100148,100,99912,100
2019-06-28 09:30:00.000000044,100003,100,99991,100,100010,100,99988,100,100026,100,99957,100,100060,100,99954,100,100071,100,99953,100,100077,100,99948,200,100078,300,99937,100,100122,100,99932,100,100126,100,99929,100,100143,100,99925,100
2019-06-28 09:30:00.000000046,100003,100,99991,100,100010,100,99988,100,100026,100,99957,100,100060,100,99954,100,100071,100,99953,100,100077,100,99948,200,100078,300,99937,100,100091,100,99932,100,100122,100,99929,100,100126,100,99925,100
2019-06-28 09:30:00.000000047,99997,100,99991,100,100003,100,99988,100,100010,100,99957,100,100026,100,99954,100,100060,100,99953,100,100071,100,99948,200,100077,100,99937,100,100078,300,99932,100,100091,100,99929,100,100122,100,99925,100
2019-06-28 09:30:00.000000048,99997,100,99991,100,100003,100,99988,100,100010,100,99957,100,100026,100,99954,100,100060,100,99953,100,100071,100,99948,200,100077,100,99937,100,100078,300,99932,100,100089,100,99929,100,100091,100,99925,100
2019-06-28 09:30:00.000000050,99997,100,99991,100,100003,100,99988,100,100010,100,99957,100,100026,100,99954,100,100060,100,99953,100,100071,100,99948,200,100077,100,99937,100,100078,300,99932,100,100089,100,99929,100,100091,100,99925,100
2019-06-28 09:30:00.000000051,99997,100,99991,100,100003,100,99988,100,100010,100,99957,100,100026,100,99954,100,100052,100,99953,100,100060,100,99948,200,100071,100,99937,100,100077,100,99932,100,100078,300,99929,100,100089,100,99925,100
2019-06-28 09:30:00.000000053,99997,100,99996,100,100003,100,99991,100,100010,100,99988,100,100026,100,99957,100,100052,100,99954,100,100060,100,99953,100,100071,100,99948,200,100077,100,99937,100,100078,300,99932,100,100089,100,99929,100
2019-06-28 09:30:00.000000057,99997,100,99996,200,100003,100,99991,100,100010,100,99988,100,100026,100,99957,100,100052,100,99954,100,100060,100,99953,100,100071,100,99948,200,100077,100,99937,100,100078,300,99932,100,100089,100,99929,100
2019-06-28 09:30:00.000000058,99997,200,99996,200,100003,100,99991,100,100010,100,99988,100,100026,100,99957,100,100052,100,99954,100,100060,100,99953,100,100071,100,99948,200,100077,100,99937,100,100078,300,99932,100,100089,100,99929,100
2019-06-28 09:30:00.000000059,99997,200,99996,200,100003,100,99991,100,100010,100,99988,200,100026,100,99957,100,100052,100,99954,100,100060,100,99953,100,100071,100,99948,200,100077,100,99937,100,100078,300,99932,100,100089,100,99929,100
2019-06-28 09:30:00.000000061,99997,100,99996,200,100003,100,99991,100,100010,100,99988,200,100026,100,99957,100,100052,100,99954,100,100056,100,99953,100,100060,100,99948,200,100071,100,99937,100,100077,100,99932,100,100078,300,99929,100
2019-06-28 09:30:00.000000062,99997,100,99996,200,100003,100,99991,100,100010,100,99988,200,100026,100,99957,100,100052,100,99954,100,100056,100,99953,100,100060,100,99948,200,100071,100,99937,100,100077,100,99932,100,100078,300,99929,100
2019-06-28 09:30:00.000000064,99997,100,99996,200,100003,100,99991,100,100010,100,99988,200,100026,100,99960,100,100052,100,99957,100,100056,100,99954,100,100060,100,99953,100,100071,100,99948,200,100077,100,99937,100,100078,300,99932,100
2019-06-28 09:30:00.000000067,100003,100,99996,200,100010,100,99991,100,100026,100,99988,200,100052,100,99960,100,100056,100,99957,100,100060,100,99954,100,100071,100,99953,100,100077,100,99948,200,100078,300,99937,100,100089,100,99932,100
2019-06-28 09:30:00.000000068,100003,100,99996,200,100010,100,99995,100,100026,100,99991,100,100052,100,99988,200,100056,100,99960,100,100060,100,99957,100,100071,100,99954,100,100077,100,99953,100,100078,300,99948,200,100089,100,99937,100
2019-06-28 09:30:00.000000069,100003,100,99996,200,100010,100,99995,100,100026,100,99991,100,100052,100,99988,200,100056,100,99960,100,100060,100,99957,100,100071,100,99954,100,100077,100,99953,100,100078,300,99948,200,100089,100,99937,100
2019-06-28 09:30:00.000000071,100000,100,99996,200,100003,100,99995,100,100010,100,99991,100,100026,100,99988,200,100052,100,99960,100,100056,100,99957,100,100060,100,99954,100,100071,100,99953,100,100077,100,99948,200,100078,300,99937,100
2019-06-28 09:30:00.000000072,100000,100,99996,200,100003,100,99995,100,100010,100,99991,100,100026,100,99988,200,100044,100,99960,100,100052,100,99957,100,100056,100,99954,100,100060,100,99953,100,100071,100,99948,200,100077,100,99937,100
2019-06-28 09:30:00.000000073,100000,100,99996,200,100003,100,99995,100,100010,100,99991,100,100026,100,99988,200,100044,100,99960,100,100052,100,99957,100,100056,100,99954,100,100060,100,99953,100,100071,100,99948,200,100073,100,99937,100
2019-06-28 09:30:00.000000074,100000,100,99997,100,100003,100,99996,200,100010,100,99995,100,100026,100,99991,100,100044,100,99988,200,100052,100,99960,100,100056,100,99957,100,100060,100,99954,100,100071,100,99953,100,100073,100,99948,200
2019-06-28 09:30:00.000000075,100000,100,99997,200,100003,100,99996,200,100010,100,99995,100,100026,100,99991,100,100044,100,99988,200,100052,100,99960,100,100056,100,99957,100,100060,100,99954,100,100071,100,99953,100,100073,100,99948,200
2019-06-28 09:30:00.000000079,100000,100,99997,200,100003,100,99996,200,100010,100,99995,100,100026,100,99991,100,100044,100,99988,200,100052,100,99960,100,100056,100,99957,100,100060,100,99954,100,100071,100,99953,100,100073,100,99948,200
2019-06-28 09:30:00.000000081,100000,100,99997,200,100003,100,99996,200,100010,100,99995,100,100026,100,99991,100,100044,100,99988,200,100052,100,99965,100,100056,100,99960,100,100060,100,99957,100,100071,100,99954,100,100073,100,99953,100
2019-06-28 09:30:00.000000082,100000,100,99997,100,100003,100,99996,200,100010,100,99995,100,100026,100,99991,100,100044,100,99988,200,100052,100,99965,100,100056,100,99960,100,100060,100,99957,100,100071,100,99954,100,100073,100,99953,100
2019-06-28 09:30:00.000000088,100000,100,99997,100,100003,100,99996,200,100010,100,99995,100,100026,100,99991,100,100044,100,99988,200,100052,100,99965,100,100056,100,99960,100,100060,100,99957,100,100071,100,99954,100,100073,100,99953,100
2019-06-28 09:30:00.000000091,100000,100,99998,100,100003,100,99997,100,100010,100,99996,200,100026,100,99995,100,100044,100,99991,100,100052,100,99988,200,100056,100,99965,100,100060,100,99960,100,100071,100,99957,100,100073,100,99954,100
2019-06-28 09:30:00.000000095,100000,100,99998,200,100003,100,99997,100,100010,100,99996,200,100026,100,99995,100,100044,100,99991,100,100052,100,99988,200,100056,100,99965,100,100060,100,99960,100,100071,100,99957,100,100073,100,99954,100
2019-06-28 09:30:00.000000096,100000,100,99998,200,100003,100,99997,100,100010,100,99996,200,100026,100,99995,100,100044,100,99991,100,100052,100,99988,200,100056,100,99965,100,100060,100,99960,100,100071,100,99957,100,100073,100,99954,100
2019-06-28 09:30:00.000000099,100000,100,99998,100,100003,100,99997,100,100010,100,99996,200,100026,100,99995,100,100044,100,99991,100,100052,100,99988,200,100056,100,99965,100,100060,100,99960,100,100071,100,99957,100,100073,100,99954,100
2019-06-28 09:30:08.906260415,100000,100,99998,100,100003,100,99997,100,100010,100,99996,200,100026,100,99995,100,100044,100,99991,100,100052,100,99988,200,100056,100,99965,100,100060,100,99957,100,100071,100,99954,100,100073,100,99953,100
2019-06-28 09:30:10.000000000,100000,347,99998,347,100003,347,99997,347,100010,100,99996,200,100026,100,99995,100,100044,100,99991,100,100052,100,99988,200,100056,100,99965,100,100060,100,99957,100,100071,100,99954,100,100073,100,99953,100
2019-06-28 09:30:20.000000000,100000,594,99998,594,100003,100,99997,100,100010,100,99996,200,100026,100,99995,100,100044,100,99991,100,100052,100,99988,200,100056,100,99965,100,100060,100,99957,100,100071,100,99954,100,100073,100,99953,100
2019-06-28 09:30:30.000000000,100000,347,99998,347,100003,347,99997,347,100010,100,99996,200,100026,100,99995,100,100044,100,99991,100,100052,100,99988,200,100056,100,99965,100,100060,100,99957,100,100071,100,99954,100,100073,100,99953,100
2019-06-28 09:30:36.014053220,100000,347,99998,247,100003,347,99997,347,100010,100,99996,200,100026,100,99995,100,100044,100,99991,100,100052,100,99988,200,100056,100,99965,100,100060,100,99957,100,100071,100,99954,100,100073,100,99953,100
2019-06-28 09:30:40.000000000,100000,268,99997,268,100003,263,99996,363,100010,263,99995,263,100026,100,99991,100,100044,100,99988,200,100052,100,99965,100,100056,100,99957,100,100060,100,99954,100,100071,100,99953,100,100073,100,99948,200
2019-06-28 09:30:48.238794961,100000,268,99997,168,100003,263,99996,363,100010,263,99995,263,100026,100,99988,200,100044,100,99965,100,100052,100,99957,100,100056,100,99954,100,100060,100,99953,100,100071,100,99948,200,100073,100,99937,100
2019-06-28 09:30:50.000000000,100000,347,99996,447,100003,347,99995,347,100010,100,99988,200,100026,100,99965,100,100044,100,99957,100,100052,100,99954,100,100056,100,99953,100,100060,100,99948,200,100071,100,99937,100,100073,100,99932,200
2019-06-28 09:31:00.000000000,100000,347,99996,447,100003,347,99995,347,100010,100,99988,200,100026,100,99965,100,100044,100,99957,100,100052,100,99954,100,100056,100,99953,100,100060,100,99948,200,100071,100,99937,100,100073,100,99932,200
2019-06-28 09:31:10.000000000,100000,224,99996,324,100003,224,99995,224,100010,224,99988,324,100026,224,99965,224,100044,100,99957,100,100052,100,99954,100,100056,100,99953,100,100060,100,99948,200,100071,100,99937,100,100073,100,99932,200
2019-06-28 09:31:13.941317736,100000,224,99996,224,100003,224,99995,224,100010,224,99988,324,100026,224,99965,224,100044,100,99957,100,100052,100,99954,100,100056,100,99953,100,100060,100,99948,200,100071,100,99937,100,100073,100,99932,200
2019-06-28 09:31:20.000000000,100000,199,99996,199,100003,199,99995,199,100010,199,99988,299,100026,199,99965,199,100044,199,99957,199,100052,100,99954,100,100056,100,99953,100,100060,100,99948,200,100071,100,99937,100,100073,100,99932,200
2019-06-28 09:31:30.000000000,100000,199,99996,199,100003,199,99995,199,100010,199,99988,299,100026,199,99965,199,100044,199,99957,199,100052,100,99954,100,100056,100,99953,100,100060,100,99948,200,100071,100,99937,100,100073,100,99932,200
2019-06-28 09:31:40.000000000,100000,594,99996,594,100003,100,99995,100,100010,100,99988,200,100026,100,99965,100,100044,100,99957,100,100052,100,99954,100,100056,100,99953,100,100060,100,99948,200,100071,100,99937,100,100073,100,99932,200
2019-06-28 09:31:50.000000000,100000,199,99996,199,100003,199,99995,199,100010,199,99988,299,100026,199,99965,199,100044,199,99957,199,100052,100,99954,100,100056,100,99953,100,100060,100,99948,200,100071,100,99937,100,100073,100,99932,200
2019-06-28 09:31:55.144771208,100000,99,99996,199,100003,199,99995,199,100010,199,99988,299,100026,199,99965,99,100044,199,99957,199,100052,100,99954,100,100056,100,99953,100,100060,100,99948,200,100071,100,99937,100,100073,100,99932,200
2019-06-28 09:32:00.000000000,100003,199,99996,199,100010,199,99995,199,100026,199,99988,299,100044,199,99957,199,100052,199,99954,199,100056,100,99953,100,100060,100,99948,200,100071,100,99937,100,100073,100,99932,200,100077,100,99929,100
2019-06-28 09:32:09.191810706,100003,199,99996,199,100010,199,99995,199,100026,199,99988,299,100044,199,99957,199,100052,199,99954,199,100056,100,99953,100,100060,100,99948,100,100071,100,99937,100,100073,100,99932,200,100077,100,99929,100
2019-06-28 09:32:10.000000000,100003,268,99996,268,100010,263,99995,263,100026,263,99988,363,100044,100,99957,100,100052,100,99954,100,100056,100,99953,100,100060,100,99948,100,100071,100,99937,100,100073,100,99932,200,100077,100,99929,100
2019-06-28 09:32:10.985408740,100003,268,99997,100,100010,263,99996,268,100026,263,99995,263,100044,100,99988,363,100052,100,99957,100,100056,100,99954,100,100060,100,99953,100,100071,100,99948,100,100073,100,99937,100,100077,100,99932,200
2019-06-28 09:32:20.000000000,100003,347,99997,347,100010,347,99996,347,100026,100,99995,100,100044,100,99988,200,100052,100,99957,100,100056,100,99954,100,100060,100,99953,100,100071,100,99948,100,100073,100,99937,100,100077,100,99932,200
2019-06-28 09:32:20.082026165,100003,247,99997,347,100010,347,99996,347,100026,100,99995,100,100044,100,99988,200,100052,100,99957,100,100056,100,99954,100,100060,100,99953,100,100071,100,99948,100,100073,100,99937,100,100077,100,99932,100
2019-06-28 09:32:27.809583889,100003,147,99997,347,100010,347,99996,347,100026,100,99995,100,100044,100,99988,200,100052,100,99957,100,100056,100,99954,100,100060,100,99953,100,100071,100,99948,100,100073,100,99937,100,100077,100,99932,100
2019-06-28 09:32:30.000000000,100010,224,99997,224,100026,224,99996,224,100044,224,99995,224,100052,224,99988,324,100056,100,99957,100,100060,100,99954,100,100071,100,99953,100,100073,100,99948,100,100077,100,99937,100,100078,300,99932,100
2019-06-28 09:32:32.637911247,100010,124,99997,224,100026,224,99996,224,100044,224,99995,224,100052,224,99988,324,100056,100,99957,100,100060,100,99954,100,100071,100,99953,100,100073,100,99948,100,100077,100,99937,100,100078,300,99932,100
2019-06-28 09:32:38.286965095,100010,124,99997,224,100026,224,99996,224,100044,224,99995,224,100052,224,99988,324,100056,100,99957,100,100060,100,99954,100,100071,100,99953,100,100073,100,99948,100,100077,100,99937,100,100078,300,99932,100
2019-06-28 09:32:40.000000000,100026,594,99997,594,100044,100,99996,100,100052,100,99995,100,100056,100,99988,200,100060,100,99957,100,100071,100,99954,100,100073,100,99953,100,100077,100,99948,100,100078,300,99937,100,100089,100,99932,100
2019-06-28 09:32:50.000000000,100026,594,99997,594,100044,100,99996,100,100052,100,99995,100,100056,100,99988,200,100060,100,99957,100,100071,100,99954,100,100073,100,99953,100,100077,100,99948,100,100078,300,99937,100,100089,100,99932,100
2019-06-28 09:32:52.228601907,100026,594,100003,100,100044,100,99997,594,100052,100,99996,100,100056,100,99995,100,100060,100,99988,200,100071,100,99957,100,100073,100,99954,100,100077,100,99953,100,100078,300,99948,100,100089,100,99937,100
2019-06-28 09:33:00.000000000,100026,224,100003,224,100044,224,99997,224,100052,224,99996,224,100056,224,99995,224,100060,100,99988,200,100071,100,99957,100,100073,100,99954,100,100077,100,99953,100,100078,300,99948,100,100089,100,99937,100
2019-06-28 09:33:03.545329781,100026,224,100003,224,100044,224,99997,224,100052,224,99996,224,100056,224,99995,224,100060,100,99988,200,100071,100,99957,100,100073,100,99954,100,100077,100,99953,100,100078,300,99948,100,100089,100,99937,100
2019-06-28 09:33:10.000000000,100026,224,100003,224,100044,224,99997,224,100052,224,99996,224,100056,224,99995,224,100060,100,99988,200,100071,100,99957,100,100073,100,99954,100,100077,100,99953,100,100078,300,99948,100,100089,100,99937,100
2019-06-28 09:33:10.014388414,100026,224,100003,124,100044,224,99997,224,100052,224,99996,224,100056,224,99995,224,100060,100,99988,200,100071,100,99957,100,100073,100,99954,100,100077,100,99953,100,100078,200,99948,100,100089,100,99937,100
2019-06-28 09:33:20.000000000,100026,594,99997,594,100044,100,99996,100,100052,100,99995,100,100056,100,99988,200,100060,100,99957,100,100071,100,99954,100,100073,100,99953,100,100077,100,99948,100,100078,200,99937,100,100089,100,99932,100
2019-06-28 09:33:30.000000000,100026,268,99997,268,100044,263,99996,263,100052,263,99995,263,100056,100,99988,200,100060,100,99957,100,100071,100,99954,100,100073,100,99953,100,100077,100,99948,100,100078,200,99937,100,100089,100,99932,100
2019-06-28 09:33:32.715370634,100026,268,100004,100,100044,263,99997,268,100052,263,99996,263,100056,100,99995,263,100060,100,99988,200,100071,100,99957,100,100073,100,99954,100,100077,100,99953,100,100078,200,99948,100,100089,100,99937,100
2019-06-28 09:33:40.000000000,100026,224,100004,224,100044,224,99997,224,100052,224,99996,224,100056,224,99995,224,100060,100,99988,200,100071,100,99957,100,100073,100,99954,100,100077,100,99953,100,100078,200,99948,100,100089,100,99937,100
2019-06-28 09:33:50.000000000,100026,594,100004,594,100044,100,99997,100,100052,100,99996,100,100056,100,99995,100,100060,100,99988,200,100071,100,99957,100,100073,100,99954,100,100077,100,99953,100,100078,200,99948,100,100089,100,99937,100
2019-06-28 09:33:59.481612909,100026,494,100004,594,100044,100,99997,100,100052,100,99996,100,100056,100,99995,100,100060,100,99988,200,100071,100,99957,100,100073,100,99954,100,100077,100,99953,100,100078,200,99948,100,100089,100,99937,100
2019-06-28 09:33:59.693793386,100026,394,100004,594,100044,100,99997,100,100052,100,99996,100,100056,100,99995,100,100060,100,99988,200,100071,100,99957,100,100073,100,99954,100,100077,100,99953,100,100078,200,99948,100,100089,100,99937,100
2019-06-28 09:34:00.000000000,100044,199,100004,199,100052,199,99997,199,100056,199,99996,199,100060,199,99995,199,100071,199,99988,299,100073,100,99957,100,100077,100,99954,100,100078,200,99953,100,100089,100,99948,100,100091,100,99937,100
2019-06-28 09:34:10.000000000,100044,268,100004,268,100052,263,99997,263,100056,263,99996,263,100060,100,99995,100,100071,100,99988,200,100073,100,99957,100,100077,100,99954,100,100078,200,99953,100,100089,100,99948,100,100091,100,99937,100
2019-06-28 09:34:20.000000000,100044,224,100004,224,100052,224,99997,224,100056,224,99996,224,100060,224,99995,224,100071,100,99988,200,100073,100,99957,100,100077,100,99954,100,100078,200,99953,100,100089,100,99948,100,100091,100,99937,100
2019-06-28 09:34:21.203864977,100044,224,100026,100,100052,224,100004,224,100056,224,99997,224,100060,224,99996,224,100071,100,99995,224,100073,100,99988,200,100077,100,99957,100,100078,200,99954,100,100089,100,99953,100,100091,100,99948,100
2019-06-28 09:34:30.000000000,100044,224,100026,224,100052,224,100004,224,100056,224,99997,224,100060,224,99996,224,100071,100,99995,100,100073,100,99988,200,100077,100,99957,100,100078,200,99954,100,100089,100,99953,100,100091,100,99948,100
2019-06-28 09:34:32.070803985,100044,224,100026,224,100052,224,100004,224,100056,224,99997,224,100060,224,99996,224,100071,100,99995,100,100073,100,99988,200,100077,100,99957,100,100078,200,99954,100,100089,100,99953,100,100091,100,99948,100
2019-06-28 09:34:34.182063633,100044,224,100026,124,100052,224,100004,224,100056,224,99997,224,100060,224,99996,224,100071,100,99995,100,100077,100,99988,200,100078,200,99957,100,100089,100,99954,100,100091,100,99953,100,100096,100,99948,100
2019-06-28 09:34:35.394489610,100044,224,100026,24,100052,224,100004,224,100056,224,99997,224,100060,224,99996,224,100071,100,99995,100,100077,100,99988,200,100078,200,99957,100,100089,100,99954,100,100091,100,99953,100,100096,100,99948,100
2019-06-28 09:34:40.000000000,100044,199,100004,199,100052,199,99997,199,100056,199,99996,199,100060,199,99995,199,100071,199,99988,299,100077,100,99957,100,100078,200,99954,100,100089,100,99953,100,100091,100,99948,100,100096,100,99937,100
2019-06-28 09:34:50.000000000,100044,268,100004,268,100052,263,99997,263,100056,263,99996,263,100060,100,99995,100,100071,100,99988,200,100077,100,99957,100,100078,200,99954,100,100089,100,99953,100,100091,100,99948,100,100096,100,99937,100
2019-06-28 09:35:00.000000000,100044,224,100004,224,100052,224,99997,224,100056,224,99996,224,100060,224,99995,224,100071,100,99988,200,100077,100,99957,100,100078,200,99954,100,100089,100,99953,100,100091,100,99948,100,100096,100,99937,100
2019-06-28 09:35:10.000000000,100044,199,100004,199,100052,199,99997,199,100056,199,99996,199,100060,199,99995,199,100071,199,99988,299,100077,100,99957,100,100078,200,99954,100,100089,100,99953,100,100091,100,99948,100,100096,100,99937,100
2019-06-28 09:35:12.077001937,100013,100,100004,199,100044,199,99997,199,100052,199,99996,199,100056,199,99995,199,100060,99,99988,299,100071,199,99957,100,100077,100,99954,100,100078,200,99953,100,100089,100,99948,100,100091,100,99937,100
2019-06-28 09:35:20.000000000,100013,268,100004,268,100044,263,99997,263,100052,263,99996,263,100056,100,99995,100,100071,100,99988,200,100077,100,99957,100,100078,200,99954,100,100089,100,99953,100,100091,100,99948,100,100096,100,99937,100
2019-06-28 09:35:24.949825252,100013,168,100004,268,100044,263,99997,263,100052,263,99996,263,100056,100,99995,100,100071,100,99988,200,100077,100,99957,100,100078,200,99954,100,100089,100,99953,100,100091,100,99948,100,100096,100,99937,100
2019-06-28 09:35:26.836301037,100013,168,100004,268,100044,263,99997,263,100052,263,99996,263,100056,100,99995,100,100071,100,99988,200,100077,100,99957,100,100078,200,99954,100,100089,100,99953,100,100091,100,99948,100,100096,100,99940,100
2019-06-28 09:35:30.000000000,100044,594,100004,594,100052,100,99997,100,100056,100,99996,100,100071,100,99995,100,100077,100,99988,200,100078,200,99957,100,100089,100,99954,100,100091,100,99953,100,100096,100,99948,100,100105,100,99940,100
2019-06-28 09:35:40.000000000,100044,594,100004,594,100052,100,99997,100,100056,100,99996,100,100071,100,99995,100,100077,100,99988,200,100078,200,99957,100,100089,100,99954,100,100091,100,99953,100,100096,100,99948,100,100105,100,99940,100
2019-06-28 09:35:45.350115693,100044,594,100004,494,100052,100,99997,100,100056,100,99996,100,100071,100,99995,100,100077,100,99988,200,100078,200,99957,100,100089,100,99954,100,100091,100,99953,100,100096,100,99948,100,100105,100,99940,100
2019-06-28 09:35:50.000000000,100044,347,99997,347,100052,347,99996,347,100056,100,99995,100,100071,100,99988,200,100077,100,99957,100,100078,200,99954,100,100089,100,99953,100,100091,100,99948,100,100096,100,99940,100,100105,100,99932,100
2019-06-28 09:35:58.774616077,100043,100,99997,347,100044,347,99996,347,100052,347,99995,100,100056,100,99988,200,100071,100,99957,100,100077,100,99954,100,100078,200,99953,100,100089,100,99948,100,100091,100,99940,100,100096,100,99932,100
2019-06-28 09:36:00.000000000,100043,224,99997,224,100044,224,99996,224,100052,224,99995,224,100056,224,99988,324,100071,100,99957,100,100077,100,99954,100,100078,200,99953,100,100089,100,99948,100,100091,100,99940,100,100096,100,99932,100
2019-06-28 09:36:10.000000000,100043,347,99997,347,100044,347,99996,347,100052,100,99995,100,100056,100,99988,200,100071,100,99957,100,100077,100,99954,100,100078,200,99953,100,100089,100,99948,100,100091,100,99940,100,100096,100,99932,100
2019-06-28 09:36:20.000000000,100043,199,99997,199,100044,199,99996,199,100052,199,99995,199,100056,199,99988,299,100071,199,99957,199,100077,100,99954,100,100078,200,99953,100,100089,100,99948,100,100091,100,99940,100,100096,100,99932,100
2019-06-28 09:36:21.766350547,100043,199,99997,199,100044,199,99996,199,100052,199,99995,199,100056,199,99988,299,100071,199,99957,199,100077,100,99954,100,100078,200,99953,100,100089,100,99948,100,100091,100,99940,100,100096,100,99932,100
2019-06-28 09:36:30.000000000,100043,347,99997,347,100044,347,99996,347,100052,100,99995,100,100056,100,99988,200,100071,100,99957,100,100077,100,99954,100,100078,200,99953,100,100089,100,99948,100,100091,100,99940,100,100096,100,99932,100
2019-06-28 09:36:40.000000000,100043,199,99997,199,100044,199,99996,199,100052,199,99995,199,100056,199,99988,299,100071,199,99957,199,100077,100,99954,100,100078,200,99953,100,100089,100,99948,100,100091,100,99940,100,100096,100,99932,100
2019-06-28 09:36:50.000000000,100043,347,99997,347,100044,347,99996,347,100052,100,99995,100,100056,100,99988,200,100071,100,99957,100,100077,100,99954,100,100078,200,99953,100,100089,100,99948,100,100091,100,99940,100,100096,100,99932,100
2019-06-28 09:37:00.000000000,100043,224,99997,224,100044,224,99996,224,100052,224,99995,224,100056,224,99988,324,100071,100,99957,100,100077,100,99954,100,100078,200,99953,100,100089,100,99948,100,100091,100,99940,100,100096,100,99932,100
2019-06-28 09:37:04.905201218,100043,224,99997,124,100044,224,99996,224,100052,224,99995,224,100056,224,99988,324,100071,100,99957,100,100077,100,99954,100,100078,200,99953,100,100089,100,99948,100,100091,100,99940,100,100096,100,99932,100
2019-06-28 09:37:10.000000000,100043,594,99996,594,100044,100,99995,100,100052,100,99988,200,100056,100,99957,100,100071,100,99954,100,100077,100,99953,100,100078,200,99948,100,100089,100,99940,100,100091,100,99932,100,100096,100,99929,100
2019-06-28 09:37:20.000000000,100043,268,99996,268,100044,263,99995,263,100052,263,99988,363,100056,100,99957,100,100071,100,99954,100,100077,100,99953,100,100078,200,99948,100,100089,100,99940,100,100091,100,99932,100,100096,100,99929,100
2019-06-28 09:37:30.000000000,100043,224,99996,224,100044,224,99995,224,100052,224,99988,324,100056,224,99957,224,100071,100,99954,100,100077,100,99953,100,100078,200,99948,100,100089,100,99940,100,100091,100,99932,100,100096,100,99929,100
2019-06-28 09:37:30.072028468,100043,224,100005,100,100044,224,99996,224,100052,224,99995,224,100056,224,99988,324,100071,100,99957,224,100077,100,99954,100,100078,200,99953,100,100089,100,99948,100,100091,100,99940,100,100096,100,99932,100
2019-06-28 09:37:31.897122646,100043,224,100005,100,100044,224,99996,224,100052,224,99995,224,100056,224,99988,324,100071,100,99957,224,100077,100,99954,100,100078,200,99953,100,100083,100,99948,100,100089,100,99940,100,100091,100,99932,100
2019-06-28 09:37:34.616634956,100043,224,99996,224,100044,224,99995,224,100052,224,99988,324,100056,224,99957,224,100071,100,99954,100,100077,100,99953,100,100078,200,99948,100,100083,100,99940,100,100089,100,99932,100,100091,100,99929,100
2019-06-28 09:37:40.000000000,100043,347,99996,347,100044,347,99995,347,100052,100,99988,200,100056,100,99957,100,100071,100,99954,100,100077,100,99953,100,100078,200,99948,100,100083,100,99940,100,100089,100,99932,100,100091,100,99929,100
2019-06-28 09:37:50.000000000,100043,347,99996,347,100044,347,99995,347,100052,100,99988,200,100056,100,99957,100,100071,100,99954,100,100077,100,99953,100,100078,200,99948,100,100083,100,99940,100,100089,100,99932,100,100091,100,99929,100
2019-06-28 09:38:00.000000000,100043,224,99996,224,100044,224,99995,224,100052,224,99988,324,100056,224,99957,224,100071,100,99954,100,100077,100,99953,100,100078,200,99948,100,100083,100,99940,100,100089,100,99932,100,100091,100,99929,100
2019-06-28 09:38:01.401980556,100043,224,99996,224,100044,224,99995,224,100052,224,99988,324,100056,224,99957,124,100071,100,99954,100,100077,100,99953,100,100078,200,99948,100,100083,100,99940,100,100089,100,99932,100,100091,100,99929,100
2019-06-28 09:38:04.409538640,100043,224,99998,100,100044,224,99996,224,100052,224,99995,224,100056,224,99988,324,100071,100,99957,124,100077,100,99954,100,100078,200,99953,100,100083,100,99948,100,100089,100,99940,100,100091,100,99932,100
2019-06-28 09:38:08.836522314,100043,224,99998,200,100044,224,99996,224,100052,224,99995,224,100056,224,99988,324,100071,100,99957,124,100077,100,99954,100,100078,200,99953,100,100083,100,99948,100,100089,100,99940,100,100091,100,99932,100
2019-06-28 09:38:10.000000000,100043,347,99998,447,100044,347,99996,347,100052,100,99995,100,100056,100,99988,200,100071,100,99954,100,100077,100,99953,100,100078,200,99948,100,100083,100,99940,100,100089,100,99932,100,100091,100,99929,100
2019-06-28 09:38:20.000000000,100043,268,99998,368,100044,263,99996,263,100052,263,99995,263,100056,100,99988,200,100071,100,99954,100,100077,100,99953,100,100078,200,99948,100,100083,100,99940,100,100089,100,99932,100,100091,100,99929,100
2019-06-28 09:38:29.883150914,100043,268,99998,368,100044,263,99996,263,100052,263,99995,263,100056,100,99988,200,100071,100,99954,100,100077,100,99953,100,100078,200,99948,100,100083,100,99940,100,100089,100,99932,100,100091,100,99929,100
2019-06-28 09:38:30.000000000,100043,594,99998,694,100044,100,99996,100,100052,100,99995,100,100056,100,99988,200,100071,100,99954,100,100077,100,99953,100,100078,200,99948,100,100083,100,99940,100,100089,100,99932,100,100091,100,99929,100
2019-06-28 09:38:40.000000000,100043,347,99998,447,100044,347,99996,347,100052,100,99995,100,100056,100,99988,200,100071,100,99954,100,100077,100,99953,100,100078,200,99948,100,100083,100,99940,100,100089,100,99932,100,100091,100,99929,100
2019-06-28 09:38:48.507676428,100043,347,99998,447,100044,347,99996,347,100052,100,99995,100,100056,100,99988,200,100071,100,99954,100,100077,100,99953,100,100078,200,99948,100,100083,100,99940,100,100089,100,99932,100,100091,100,99929,100
2019-06-28 09:38:50.000000000,100043,199,99998,299,100044,199,99996,199,100052,199,99995,199,100056,199,99988,299,100071,199,99954,199,100077,100,99953,100,100078,200,99948,100,100083,100,99940,100,100089,100,99932,100,100091,100,99929,100
2019-06-28 09:38:59.360774361,100043,199,99998,299,100044,199,99996,199,100052,199,99995,99,100056,199,99988,299,100071,199,99954,199,100077,100,99953,100,100078,200,99948,100,100083,100,99940,100,100089,100,99932,100,100091,100,99929,100
2019-06-28 09:39:00.000000000,100043,347,99998,447,100044,347,99996,347,100052,100,99988,200,100056,100,99954,100,100071,100,99953,100,100077,100,99948,100,100078,200,99940,100,100083,100,99932,100,100089,100,99929,100,100091,100,99912,200
2019-06-28 09:39:03.076203793,100043,347,99998,347,100044,347,99996,347,100052,100,99988,200,100056,100,99954,100,100071,100,99953,100,100077,100,99948,100,100078,200,99940,100,100083,100,99932,100,100089,100,99929,100,100091,100,99912,200
2019-06-28 09:39:09.350536458,100043,347,100040,100,100044,347,99998,347,100052,100,99996,347,100056,100,99988,200,100071,100,99954,100,100077,100,99953,100,100078,200,99948,100,100083,100,99940,100,100089,100,99932,100,100091,100,99929,100
2019-06-28 09:39:10.000000000,100043,594,100040,594,100044,100,99998,100,100052,100,99996,100,100056,100,99988,200,100071,100,99954,100,100077,100,99953,100,100078,200,99948,100,100083,100,99940,100,100089,100,99932,100,100091,100,99929,100
2019-06-28 09:39:20.000000000,100043,268,100040,268,100044,263,99998,263,100052,263,99996,263,100056,100,99988,200,100071,100,99954,100,100077,100,99953,100,100078,200,99948,100,100083,100,99940,100,100089,100,99932,100,100091,100,99929,100
2019-06-28 09:39:23.174013835,100043,268,100040,168,100044,263,99998,263,100052,263,99996,263,100056,100,99988,200,100071,100,99954,100,100077,100,99953,100,100078,200,99948,100,100083,100,99940,100,100089,100,99932,100,100091,100,99929,100
2019-06-28 09:39:26.021786275,100043,268,100040,168,100044,263,99998,263,100052,263,99996,263,100056,100,99988,200,100071,100,99954,100,100077,100,99953,100,100078,200,99948,100,100083,100,99940,100,100089,100,99932,100,100091,100,99929,100
2019-06-28 09:39:28.378713132,100043,268,100040,68,100044,263,99998,263,100052,263,99996,263,100056,100,99988,200,100071,100,99954,100,100077,100,99953,100,100078,200,99948,100,100083,100,99940,100,100089,100,99932,100,100091,100,99929,100
2019-06-28 09:39:30.000000000,100043,199,99998,199,100044,199,99996,199,100052,199,99988,299,100056,199,99954,199,100071,199,99953,199,100077,100,99948,100,100078,200,99940,100,100083,100,99932,100,100089,100,99929,100,100091,100,99912,200
2019-06-28 09:39:40.000000000,100043,347,99998,347,100044,347,99996,347,100052,100,99988,200,100056,100,99954,100,100071,100,99953,100,100077,100,99948,100,100078,200,99940,100,100083,100,99932,100,100089,100,99929,100,100091,100,99912,200
2019-06-28 09:39:40.619950668,100040,100,99998,347,100043,347,99996,347,100044,347,99988,200,100052,100,99954,100,100056,100,99953,100,100071,100,99948,100,100077,100,99940,100,100078,200,99932,100,100083,100,99929,100,100089,100,99912,200
2019-06-28 09:39:50.000000000,100040,199,99998,199,100043,199,99996,199,100044,199,99988,299,100052,199,99954,199,100056,199,99953,199,100071,100,99948,100,100077,100,99940,100,100078,200,99932,100,100083,100,99929,100,100089,100,99912,200
2019-06-28 09:40:00.000000000,100040,224,99998,224,100043,224,99996,224,100044,224,99988,324,100052,224,99954,224,100056,100,99953,100,100071,100,99948,100,100077,100,99940,100,100078,200,99932,100,100083,100,99929,100,100089,100,99912,200
2019-06-28 09:40:10.000000000,100040,224,99998,224,100043,224,99996,224,100044,224,99988,324,100052,224,99954,224,100056,100,99953,100,100071,100,99948,100,100077,100,99940,100,100078,200,99932,100,100083,100,99929,100,100089,100,99912,200
2019-06-28 09:40:20.000000000,100040,347,99998,347,100043,347,99996,347,100044,100,99988,200,100052,100,99954,100,100056,100,99953,100,100071,100,99948,100,100077,100,99940,100,100078,200,99932,100,100083,100,99929,100,100089,100,99912,200
2019-06-28 09:40:30.000000000,100040,199,99998,199,100043,199,99996,199,100044,199,99988,299,100052,199,99954,199,100056,199,99953,199,100071,100,99948,100,100077,100,99940,100,100078,200,99932,100,100083,100,99929,100,100089,100,99912,200
2019-06-28 09:40:32.400025291,100040,299,99998,199,100043,199,99996,199,100044,199,99988,299,100052,199,99954,199,100056,199,99953,199,100071,100,99948,100,100077,100,99940,100,100078,200,99932,100,100083,100,99929,100,100089,100,99912,200
2019-06-28 09:40:38.124056895,100040,299,99998,199,100043,199,99996,199,100044,199,99988,199,100052,199,99954,199,100056,199,99953,199,100071,100,99948,100,100077,100,99940,100,100078,200,99932,100,100083,100,99929,100,100089,100,99912,200
2019-06-28 09:40:40.000000000,100040,694,99998,594,100043,100,99996,100,100044,100,99988,100,100052,100,99954,100,100056,100,99953,100,100071,100,99948,100,100077,100,99940,100,100078,200,99932,100,100083,100,99929,100,100089,100,99912,200
2019-06-28 09:40:50.000000000,100040,299,99998,199,100043,199,99996,199,100044,199,99988,199,100052,199,99954,199,100056,199,99953,199,100071,100,99948,100,100077,100,99940,100,100078,200,99932,100,100083,100,99929,100,100089,100,99912,200
2019-06-28 09:40:50.365451091,100040,299,99998,99,100043,199,99996,199,100044,199,99988,199,100052,99,99954,199,100056,199,99953,199,100071,100,99948,100,100077,100,99940,100,100078,200,99932,100,100083,100,99929,100,100089,100,99912,200
2019-06-28 09:40:52.769575112,100040,299,99998,99,100043,199,99996,199,100044,199,99988,199,100052,99,99954,199,100056,199,99953,199,100071,100,99948,100,100077,100,99940,100,100078,200,99932,100,100089,100,99929,100,100091,100,99912,200
2019-06-28 09:41:00.000000000,100040,694,99996,594,100043,100,99988,100,100044,100,99954,100,100056,100,99953,100,100071,100,99948,100,100077,100,99940,100,100078,200,99932,100,100089,100,99929,100,100091,100,99912,200,100096,100,99869,100
2019-06-28 09:41:09.792073647,100039,100,99996,594,100040,694,99988,100,100043,100,99954,100,100044,100,99953,100,100056,100,99948,100,100071,100,99940,100,100077,100,99932,100,100078,200,99929,100,100089,100,99912,200,100091,100,99869,100
2019-06-28 09:41:10.000000000,100039,268,99996,268,100040,363,99988,263,100043,263,99954,263,100044,100,99953,100,100056,100,99948,100,100071,100,99940,100,100077,100,99932,100,100078,200,99929,100,100089,100,99912,200,100091,100,99869,100
2019-06-28 09:41:20.000000000,100039,199,99996,199,100040,299,99988,199,100043,199,99954,199,100044,199,99953,199,100056,199,99948,199,100071,100,99940,100,100077,100,99932,100,100078,200,99929,100,100089,100,99912,200,100091,100,99869,100
2019-06-28 09:41:28.385974643,100039,299,99996,199,100040,299,99988,199,100043,199,99954,199,100044,199,99953,199,100056,199,99948,199,100071,100,99940,100,100077,100,99932,100,100078,200,99929,100,100089,100,99912,200,100091,100,99869,100
2019-06-28 09:41:30.000000000,100039,324,99996,224,100040,324,99988,224,100043,224,99954,224,100044,224,99953,224,100056,100,99948,100,100071,100,99940,100,100077,100,99932,100,100078,200,99929,100,100089,100,99912,200,100091,100,99869,100
2019-06-28 09:41:40.000000000,100039,447,99996,347,100040,447,99988,347,100043,100,99954,100,100044,100,99953,100,100056,100,99948,100,100071,100,99940,100,100077,100,99932,100,100078,200,99929,100,100089,100,99912,200,100091,100,99869,100
2019-06-28 09:41:50.000000000,100039,694,99996,594,100040,200,99988,100,100043,100,99954,100,100044,100,99953,100,100056,100,99948,100,100071,100,99940,100,100077,100,99932,100,100078,200,99929,100,100089,100,99912,200,100091,100,99869,100
2019-06-28 09:42:00.000000000,100039,299,99996,199,100040,299,99988,199,100043,199,99954,199,100044,199,99953,199,100056,199,99948,199,100071,100,99940,100,100077,100,99932,100,100078,200,99929,100,100089,100,99912,200,100091,100,99869,100
2019-06-28 09:42:10.000000000,100039,694,99996,594,100040,200,99988,100,100043,100,99954,100,100044,100,99953,100,100056,100,99948,100,100071,100,99940,100,100077,100,99932,100,100078,200,99929,100,100089,100,99912,200,100091,100,99869,100
2019-06-28 09:42:20.000000000,100039,299,99996,199,100040,299,99988,199,100043,199,99954,199,100044,199,99953,199,100056,199,99948,199,100071,100,99940,100,100077,100,99932,100,100078,200,99929,100,100089,100,99912,200,100091,100,99869,100
2019-06-28 09:42:30.000000000,100039,368,99996,268,100040,363,99988,263,100043,263,99954,263,100044,100,99953,100,100056,100,99948,100,100071,100,99940,100,100077,100,99932,100,100078,200,99929,100,100089,100,99912,200,100091,100,99869,100
2019-06-28 09:42:40.000000000,100039,447,99996,347,100040,447,99988,347,100043,100,99954,100,100044,100,99953,100,100056,100,99948,100,100071,100,99940,100,100077,100,99932,100,100078,200,99929,100,100089,100,99912,200,100091,100,99869,100
2019-06-28 09:42:42.742726442,100039,447,99996,247,100040,447,99988,347,100043,100,99954,100,100044,100,99953,100,100056,100,99948,100,100077,100,99940,100,100078,200,99932,100,100089,100,99929,100,100091,100,99912,200,100096,100,99869,100
2019-06-28 09:42:46.816641185,99998,100,99996,247,100039,447,99988,347,100040,447,99954,100,100043,100,99953,100,100044,100,99948,100,100056,100,99940,100,100077,100,99932,100,100078,200,99912,200,100089,100,99869,100,100091,100,99855,100
2019-06-28 09:42:50.000000000,99998,268,99988,268,100039,363,99954,263,100040,363,99953,263,100043,100,99948,100,100044,100,99940,100,100056,100,99932,100,100077,100,99912,200,100078,200,99869,100,100089,100,99855,100,100091,100,99850,100
2019-06-28 09:43:00.000000000,99998,199,99988,199,100039,299,99954,199,100040,299,99953,199,100043,199,99948,199,100044,199,99940,199,100056,100,99932,100,100077,100,99912,200,100078,200,99869,100,100089,100,99855,100,100091,100,99850,100
2019-06-28 09:43:02.538504503,99998,199,99988,99,100039,299,99954,199,100040,299,99953,199,100043,199,99948,199,100044,199,99940,199,100056,100,99932,100,100077,100,99912,200,100078,200,99869,100,100089,100,99855,100,100091,100,99850,100
2019-06-28 09:43:04.558987521,99998,199,99988,99,100039,299,99954,199,100040,199,99953,199,100043,199,99948,199,100044,199,99940,199,100056,100,99932,100,100077,100,99912,200,100078,200,99869,100,100089,100,99855,100,100091,100,99850,100
2019-06-28 09:43:10.000000000,99998,594,99954,594,100039,200,99953,100,100040,100,99948,100,100043,100,99940,100,100044,100,99932,100,100056,100,99912,200,100077,100,99869,100,100078,200,99855,100,100089,100,99850,100,100091,100,99847,100
2019-06-28 09:43:20.000000000,99998,224,99954,224,100039,324,99953,224,100040,224,99948,224,100043,224,99940,224,100044,100,99932,100,100056,100,99912,200,100077,100,99869,100,100078,200,99855,100,100089,100,99850,100,100091,100,99847,100
2019-06-28 09:43:30.000000000,99998,347,99954,347,100039,447,99953,347,100040,100,99948,100,100043,100,99940,100,100044,100,99932,100,100056,100,99912,200,100077,100,99869,100,100078,200,99855,100,100089,100,99850,100,100091,100,99847,100
2019-06-28 09:43:40.000000000,99998,347,99954,347,100039,447,99953,347,100040,100,99948,100,100043,100,99940,100,100044,100,99932,100,100056,100,99912,200,100077,100,99869,100,100078,200,99855,100,100089,100,99850,100,100091,100,99847,100
2019-06-28 09:43:50.000000000,99998,224,99954,224,100039,324,99953,224,100040,224,99948,224,100043,224,99940,224,100044,100,99932,100,100056,100,99912,200,100077,100,99869,100,100078,200,99855,100,100089,100,99850,100,100091,100,99847,100
2019-06-28 09:43:50.084721576,99998,224,99954,124,100039,324,99953,224,100040,224,99948,224,100043,224,99940,224,100044,100,99932,100,100056,100,99912,200,100077,100,99869,100,100078,200,99855,100,100089,100,99850,100,100091,100,99847,100
2019-06-28 09:44:00.000000000,99998,199,99953,199,100039,299,99948,199,100040,199,99940,199,100043,199,99932,199,100044,199,99912,299,100056,100,99869,100,100077,100,99855,100,100078,200,99850,100,100089,100,99847,100,100091,100,99838,100
2019-06-28 09:44:10.000000000,99998,347,99953,347,100039,447,99948,347,100040,100,99940,100,100043,100,99932,100,100044,100,99912,200,100056,100,99869,100,100077,100,99855,100,100078,200,99850,100,100089,100,99847,100,100091,100,99838,100
2019-06-28 09:44:20.000000000,99998,268,99953,268,100039,363,99948,263,100040,263,99940,263,100043,100,99932,100,100044,100,99912,200,100056,100,99869,100,100077,100,99855,100,100078,200,99850,100,100089,100,99847,100,100091,100,99838,100
2019-06-28 09:44:24.779563605,99998,268,99953,168,100039,363,99948,263,100040,263,99940,263,100043,100,99932,100,100044,100,99912,200,100056,100,99869,100,100077,100,99855,100,100078,200,99850,100,100089,100,99847,100,100091,100,99838,100
2019-06-28 09:44:30.000000000,99998,347,99948,347,100039,447,99940,347,100040,100,99932,100,100043,100,99912,200,100044,100,99869,100,100056,100,99855,100,100077,100,99850,100,100078,200,99847,100,100089,100,99838,100,100091,100,99833,100
2019-06-28 09:44:40.000000000,99998,224,99948,224,100039,324,99940,224,100040,224,99932,224,100043,224,99912,324,100044,100,99869,100,100056,100,99855,100,100077,100,99850,100,100078,200,99847,100,100089,100,99838,100,100091,100,99833,100
2019-06-28 09:44:50.000000000,99998,347,99948,347,100039,447,99940,347,100040,100,99932,100,100043,100,99912,200,100044,100,99869,100,100056,100,99855,100,100077,100,99850,100,100078,200,99847,100,100089,100,99838,100,100091,100,99833,100
2019-06-28 09:44:57.877743819,99998,347,99948,347,100039,447,99940,347,100040,100,99932,100,100043,100,99912,100,100044,100,99869,100,100056,100,99855,100,100077,100,99850,100,100078,200,99847,100,100089,100,99838,100,100091,100,99833,100
2019-06-28 09:45:00.000000000,99998,347,99948,347,100039,447,99940,347,100040,100,99932,100,100043,100,99912,100,100044,100,99869,100,100056,100,99855,100,100077,100,99850,100,100078,200,99847,100,100089,100,99838,100,100091,100,99833,100
2019-06-28 09:45:07.409426648,99998,347,99948,347,100039,447,99940,347,100040,100,99932,100,100043,100,99912,100,100044,100,99869,100,100056,100,99855,100,100077,100,99850,100,100078,200,99847,100,100089,100,99838,100,100091,100,99822,100
2019-06-28 09:45:10.000000000,99998,594,99948,594,100039,200,99940,100,100040,100,99932,100,100043,100,99912,100,100044,100,99869,100,100056,100,99855,100,100077,100,99850,100,100078,200,99847,100,100089,100,99838,100,100091,100,99822,100
2019-06-28 09:45:16.505482233,99998,594,99948,494,100039,200,99940,100,100040,100,99912,100,100043,100,99869,100,100044,100,99855,100,100056,100,99850,100,100077,100,99847,100,100078,200,99838,100,100089,100,99822,100,100091,100,99814,100
2019-06-28 09:45:20.000000000,99998,594,99940,594,100039,200,99912,100,100040,100,99869,100,100043,100,99855,100,100044,100,99850,100,100056,100,99847,100,100077,100,99838,100,100078,200,99822,100,100089,100,99814,100,100091,100,99738,100
2019-06-28 09:45:30.000000000,99998,224,99940,224,100039,324,99912,224,100040,224,99869,224,100043,224,99855,224,100044,100,99850,100,100056,100,99847,100,100077,100,99838,100,100078,200,99822,100,100089,100,99814,100,100091,100,99738,100
2019-06-28 09:45:40.000000000,99998,268,99940,268,100039,363,99912,263,100040,263,99869,263,100043,100,99855,100,100044,100,99850,100,100056,100,99847,100,100077,100,99838,100,100078,200,99822,100,100089,100,99814,100,100091,100,99738,100
2019-06-28 09:45:40.658704844,99998,268,99940,168,100039,363,99912,263,100040,263,99869,263,100043,100,99855,100,100044,100,99850,100,100056,100,99847,100,100077,100,99838,100,100078,200,99822,100,100089,100,99814,100,100091,100,99738,100
2019-06-28 09:45:47.615928936,99998,268,99940,168,100039,363,99912,263,100040,263,99869,263,100043,100,99855,100,100044,100,99850,100,100056,100,99847,100,100077,100,99838,100,100078,200,99822,100,100089,100,99814,100,100091,100,99738,100
2019-06-28 09:45:50.000000000,99998,224,99912,224,100039,324,99869,224,100040,224,99855,224,100043,224,99850,224,100044,100,99847,100,100056,100,99838,100,100077,100,99822,100,100078,200,99814,100,100089,100,99738,100,100091,100,99719,100
2019-06-28 09:45:56.688486764,99998,224,99912,124,100039,324,99869,224,100040,224,99855,224,100043,224,99850,224,100044,100,99847,100,100056,100,99838,100,100077,100,99822,100,100078,200,99814,100,100089,100,99738,100,100091,100,99719,100
2019-06-28 09:46:00.000000000,99998,199,99869,199,100039,299,99855,199,100040,199,99850,199,100043,199,99847,199,100044,199,99838,199,100056,100,99822,100,100077,100,99814,100,100078,200,99738,100,100089,100,99719,100,100091,100,99245,100
2019-06-28 09:46:10.000000000,99998,347,99869,347,100039,447,99855,347,100040,100,99850,100,100043,100,99847,100,100044,100,99838,100,100056,100,99822,100,100077,100,99814,100,100078,200,99738,100,100089,100,99719,100,100091,100,99245,100
2019-06-28 09:46:20.000000000,99998,594,99869,594,100039,200,99855,100,100040,100,99850,100,100043,100,99847,100,100044,100,99838,100,100056,100,99822,100,100077,100,99814,100,100078,200,99738,100,100089,100,99719,100,100091,100,99245,100
2019-06-28 09:46:30.000000000,99998,594,99869,594,100039,200,99855,100,100040,100,99850,100,100043,100,99847,100,100044,100,99838,100,100056,100,99822,100,100077,100,99814,100,100078,200,99738,100,100089,100,99719,100,100091,100,99245,100
2019-06-28 09:46:30.053568529,99940,100,99869,594,99998,594,99855,100,100039,200,99850,100,100040,100,99847,100,100043,100,99838,100,100044,100,99822,100,100056,100,99814,100,100077,100,99738,100,100078,200,99719,100,100089,100,99245,100
2019-06-28 09:46:40.000000000,99940,347,99869,347,99998,347,99855,347,100039,200,99850,100,100040,100,99847,100,100043,100,99838,100,100044,100,99822,100,100056,100,99814,100,100077,100,99738,100,100078,200,99719,100,100089,100,99245,100
2019-06-28 09:46:48.346031081,99940,347,99869,347,99998,347,99855,347,100039,200,99850,100,100040,100,99847,100,100043,100,99838,100,100044,100,99822,100,100056,100,99814,100,100077,100,99738,100,100078,200,99719,100,100089,100,99245,100
2019-06-28 09:46:50.000000000,99940,268,99869,268,99998,263,99855,263,100039,363,99850,263,100040,100,99847,100,100043,100,99838,100,100044,100,99822,100,100056,100,99814,100,100077,100,99738,100,100078,200,99719,100,100089,100,99245,100
2019-06-28 09:47:00.000000000,99940,594,99869,594,99998,100,99855,100,100039,200,99850,100,100040,100,99847,100,100043,100,99838,100,100044,100,99822,100,100056,100,99814,100,100077,100,99738,100,100078,200,99719,100,100089,100,99245,100
2019-06-28 09:47:10.000000000,99940,347,99869,347,99998,347,99855,347,100039,200,99850,100,100040,100,99847,100,100043,100,99838,100,100044,100,99822,100,100056,100,99814,100,100077,100,99738,100,100078,200,99719,100,100089,100,99245,100
2019-06-28 09:47:19.184851668,99940,347,99869,347,99998,347,99855,347,100039,200,99850,100,100040,100,99847,100,100043,100,99838,100,100044,100,99822,100,100056,100,99814,100,100077,100,99738,100,100078,200,99719,100,100089,100,99245,100
2019-06-28 09:47:20.000000000,99940,268,99869,268,99998,263,99855,263,100039,363,99850,263,100040,100,99847,100,100043,100,99838,100,100044,100,99822,100,100056,100,99814,100,100077,100,99738,100,100078,200,99719,100,100089,100,99245,100
2019-06-28 09:47:30.000000000,99940,199,99869,199,99998,199,99855,199,100039,299,99850,199,100040,199,99847,199,100043,199,99838,199,100044,100,99822,100,100056,100,99814,100,100077,100,99738,100,100078,200,99719,100,100089,100,99245,100
2019-06-28 09:47:31.240228412,99940,199,99869,199,99998,199,99855,199,100039,299,99850,199,100040,199,99847,199,100043,199,99838,199,100044,100,99822,100,100056,100,99814,100,100077,100,99738,100,100078,200,99719,100,100089,100,99245,100
2019-06-28 09:47:40.000000000,99940,224,99869,224,99998,224,99855,224,100039,324,99850,224,100040,224,99847,224,100043,100,99838,100,100044,100,99822,100,100056,100,99814,100,100077,100,99738,100,100078,200,99719,100,100089,100,99245,100
2019-06-28 09:47:49.395238353,99940,224,99869,124,99998,224,99855,224,100039,324,99850,224,100040,224,99847,224,100043,100,99838,100,100044,100,99822,100,100056,100,99814,100,100077,100,99738,100,100078,200,99719,100,100089,100,99245,100
2019-06-28 09:47:50.000000000,99940,224,99855,224,99998,224,99850,224,100039,324,99847,224,100040,224,99838,224,100043,100,99822,100,100044,100,99814,100,100056,100,99738,100,100077,100,99719,100,100078,200,99245,100,100089,100,99162,100
2019-06-28 09:48:00.000000000,99940,594,99855,594,99998,100,99850,100,100039,200,99847,100,100040,100,99838,100,100043,100,99822,100,100044,100,99814,100,100056,100,99738,100,100077,100,99719,100,100078,200,99245,100,100089,100,99162,100
2019-06-28 09:48:04.550028400,99940,594,99855,594,99998,100,99850,100,100039,200,99847,100,100040,100,99838,100,100043,100,99822,100,100044,100,99814,100,100056,100,99738,100,100077,100,99719,100,100078,200,99374,100,100089,100,99245,100
2019-06-28 09:48:09.794927190,99940,594,99855,494,99998,100,99850,100,100039,200,99847,100,100040,100,99838,100,100043,100,99822,100,100044,100,99814,100,100056,100,99738,100,100077,100,99719,100,100078,200,99374,100,100089,100,99245,100
2019-06-28 09:48:10.000000000,99940,199,99850,199,99998,199,99847,199,100039,299,99838,199,100040,199,99822,199,100043,199,99814,199,100044,100,99738,100,100056,100,99719,100,100077,100,99374,100,100078,200,99245,100,100089,100,99162,100
2019-06-28 09:48:16.359482046,99869,100,99850,199,99940,199,99847,199,99998,199,99838,199,100039,299,99822,199,100040,199,99814,199,100043,199,99738,100,100044,100,99719,100,100056,100,99374,100,100077,100,99245,100,100078,200,99162,100
2019-06-28 09:48:20.000000000,99869,594,99850,594,99940,100,99847,100,99998,100,99838,100,100039,200,99822,100,100040,100,99814,100,100043,100,99738,100,100044,100,99719,100,100056,100,99374,100,100077,100,99245,100,100078,200,99162,100
2019-06-28 09:48:25.721394684,99869,694,99850,594,99940,100,99847,100,99998,100,99838,100,100039,100,99822,100,100040,100,99814,100,100043,100,99738,100,100044,100,99719,100,100056,100,99374,100,100077,100,99245,100,100078,200,99162,100
2019-06-28 09:48:30.000000000,99869,694,99850,594,99940,100,99847,100,99998,100,99838,100,100039,100,99822,100,100040,100,99814,100,100043,100,99738,100,100044,100,99719,100,100056,100,99374,100,100077,100,99245,100,100078,200,99162,100
2019-06-28 09:48:40.000000000,99869,694,99850,594,99940,100,99847,100,99998,100,99838,100,100039,100,99822,100,100040,100,99814,100,100043,100,99738,100,100044,100,99719,100,100056,100,99374,100,100077,100,99245,100,100078,200,99162,100
2019-06-28 09:48:42.687794053,99869,694,99850,494,99940,100,99847,100,99998,100,99838,100,100039,100,99822,100,100040,100,99814,100,100043,100,99738,100,100044,100,99719,100,100077,100,99374,100,100078,200,99245,100,100089,100,99162,100
2019-06-28 09:48:43.612873661,99869,694,99850,394,99940,100,99847,100,99998,100,99838,100,100039,100,99822,100,100040,100,99814,100,100043,100,99738,100,100044,100,99719,100,100077,100,99374,100,100078,200,99245,100,100089,100,99162,100
2019-06-28 09:48:50.000000000,99869,447,99847,347,99940,347,99838,347,99998,100,99822,100,100039,100,99814,100,100040,100,99738,100,100043,100,99719,100,100044,100,99374,100,100077,100,99245,100,100078,200,99162,100,100089,100,99098,100
2019-06-28 09:49:00.000000000,99869,368,99847,268,99940,263,99838,263,99998,263,99822,263,100039,100,99814,100,100040,100,99738,100,100043,100,99719,100,100044,100,99374,100,100077,100,99245,100,100078,200,99162,100,100089,100,99098,100
2019-06-28 09:49:10.000000000,99869,694,99847,594,99940,100,99838,100,99998,100,99822,100,100039,100,99814,100,100040,100,99738,100,100043,100,99719,100,100044,100,99374,100,100077,100,99245,100,100078,200,99162,100,100089,100,99098,100
2019-06-28 09:49:13.400068533,99869,594,99847,594,99940,100,99838,100,99998,100,99822,100,100039,100,99814,100,100040,100,99738,100,100043,100,99719,100,100044,100,99374,100,100077,100,99245,100,100078,200,99162,100,100089,100,99098,100
2019-06-28 09:49:20.000000000,99869,268,99847,268,99940,263,99838,263,99998,263,99822,263,100039,100,99814,100,100040,100,99738,100,100043,100,99719,100,100044,100,99374,100,100077,100,99245,100,100078,200,99162,100,100089,100,99098,100
2019-06-28 09:49:30.000000000,99869,594,99847,594,99940,100,99838,100,99998,100,99822,100,100039,100,99814,100,100040,100,99738,100,100043,100,99719,100,100044,100,99374,100,100077,100,99245,100,100078,200,99162,100,100089,100,99098,100
2019-06-28 09:49:30.719925565,99869,594,99847,594,99940,100,99838,100,99998,100,99822,100,100039,100,99814,100,100040,100,99738,100,100043,100,99719,100,100044,100,99374,100,100056,100,99245,100,100077,100,99162,100,100078,200,99098,100
2019-06-28 09:49:40.000000000,99869,268,99847,268,99940,263,99838,263,99998,263,99822,263,100039,100,99814,100,100040,100,99738,100,100043,100,99719,100,100044,100,99374,100,100056,100,99245,100,100077,100,99162,100,100078,200,99098,100
2019-06-28 09:49:50.000000000,99869,268,99847,268,99940,263,99838,263,99998,263,99822,263,100039,100,99814,100,100040,100,99738,100,100043,100,99719,100,100044,100,99374,100,100056,100,99245,100,100077,100,99162,100,100078,200,99098,100
2019-06-28 09:50:00.000000000,99869,224,99847,224,99940,224,99838,224,99998,224,99822,224,100039,224,99814,224,100040,100,99738,100,100043,100,99719,100,100044,100,99374,100,100056,100,99245,100,100077,100,99162,100,100078,200,99098,100
2019-06-28 09:50:07.801719612,99869,124,99847,224,99940,224,99838,224,99998,224,99822,224,100039,224,99814,224,100040,100,99738,100,100043,100,99374,100,100044,100,99245,100,100056,100,99162,100,100077,100,99098,100,100078,200,99075,100
2019-06-28 09:50:10.000000000,99940,347,99847,347,99998,347,99838,347,100039,100,99822,100,100040,100,99814,100,100043,100,99738,100,100044,100,99374,100,100056,100,99245,100,100077,100,99162,100,100078,200,99098,100,100089,100,99075,100
2019-06-28 09:50:20.000000000,99940,347,99847,347,99998,347,99838,347,100039,100,99822,100,100040,100,99814,100,100043,100,99738,100,100044,100,99374,100,100056,100,99245,100,100077,100,99162,100,100078,200,99098,100,100089,100,99075,100
2019-06-28 09:50:30.000000000,99940,268,99847,268,99998,263,99838,263,100039,263,99822,263,100040,100,99814,100,100043,100,99738,100,100044,100,99374,100,100056,100,99245,100,100077,100,99162,100,100078,200,99098,100,100089,100,99075,100
2019-06-28 09:50:40.000000000,99940,594,99847,594,99998,100,99838,100,100039,100,99822,100,100040,100,99814,100,100043,100,99738,100,100044,100,99374,100,100056,100,99245,100,100077,100,99162,100,100078,200,99098,100,100089,100,99075,100
2019-06-28 09:50:42.330627476,99940,594,99847,594,99998,100,99838,100,100039,100,99822,100,100040,100,99814,100,100043,100,99766,100,100044,100,99738,100,100056,100,99374,100,100077,100,99245,100,100078,200,99162,100,100089,100,99098,100
2019-06-28 09:50:44.718934554,99940,594,99847,594,99998,100,99838,100,100039,100,99822,100,100040,100,99814,100,100043,100,99800,100,100044,100,99766,100,100056,100,99738,100,100077,100,99374,100,100078,200,99245,100,100089,100,99162,100
2019-06-28 09:50:44.949135271,99940,594,99847,594,99998,100,99838,100,100039,100,99822,100,100040,100,99814,100,100043,100,99800,100,100044,100,99766,100,100056,100,99765,100,100077,100,99738,100,100078,200,99374,100,100089,100,99245,100
2019-06-28 09:50:50.000000000,99940,224,99847,224,99998,224,99838,224,100039,224,99822,224,100040,224,99814,224,100043,100,99800,100,100044,100,99766,100,100056,100,99765,100,100077,100,99738,100,100078,200,99374,100,100089,100,99245,100
2019-06-28 09:50:55.273202398,99940,224,99847,224,99998,224,99838,224,100039,224,99822,224,100040,224,99814,224,100044,100,99800,100,100056,100,99766,100,100077,100,99765,100,100078,200,99738,100,100089,100,99573,100,100122,100,99374,100
2019-06-28 09:51:00.000000000,99940,268,99847,268,99998,263,99838,263,100039,263,99822,263,100040,100,99814,100,100044,100,99800,100,100056,100,99766,100,100077,100,99765,100,100078,200,99738,100,100089,100,99573,100,100122,100,99374,100
2019-06-28 09:51:06.370769880,99940,268,99847,268,99998,263,99838,263,100039,263,99823,100,100040,100,99822,263,100044,100,99814,100,100056,100,99800,100,100077,100,99766,100,100078,200,99765,100,100089,100,99738,100,100122,100,99573,100
2019-06-28 09:51:10.000000000,99940,594,99847,594,99998,100,99838,100,100039,100,99823,100,100040,100,99822,100,100044,100,99814,100,100056,100,99800,100,100077,100,99766,100,100078,200,99765,100,100089,100,99738,100,100122,100,99573,100
2019-06-28 09:51:11.420007800,99940,594,99847,594,99998,100,99838,100,100039,100,99823,100,100040,100,99822,100,100044,100,99814,100,100056,100,99800,100,100078,200,99766,100,100089,100,99765,100,100122,100,99738,100,100130,100,99694,100
2019-06-28 09:51:20.000000000,99940,594,99847,594,99998,100,99838,100,100039,100,99823,100,100040,100,99822,100,100044,100,99814,100,100056,100,99800,100,100078,200,99766,100,100089,100,99765,100,100122,100,99738,100,100130,100,99694,100
2019-06-28 09:51:22.482374165,99940,594,99847,594,99998,100,99838,100,100039,100,99823,100,100040,100,99819,100,100044,100,99814,100,100056,100,99800,100,100078,200,99766,100,100089,100,99765,100,100122,100,99738,100,100130,100,99694,100
2019-06-28 09:51:29.368731102,99940,594,99847,594,99998,100,99838,100,100039,100,99823,100,100040,100,99819,100,100044,100,99814,100,100056,100,99800,100,100078,100,99766,100,100089,100,99765,100,100122,100,99738,100,100130,100,99694,100
2019-06-28 09:51:30.000000000,99940,347,99847,347,99998,347,99838,347,100039,100,99823,100,100040,100,99819,100,100044,100,99814,100,100056,100,99800,100,100078,100,99766,100,100089,100,99765,100,100122,100,99738,100,100130,100,99694,100
2019-06-28 09:51:37.188872100,99940,247,99847,347,99998,347,99838,347,100039,100,99823,100,100040,100,99819,100,100044,100,99814,100,100056,100,99800,100,100078,100,99766,100,100089,100,99765,100,100122,100,99738,100,100130,100,99694,100
2019-06-28 09:51:39.925698062,99940,147,99847,347,99998,347,99838,347,100039,100,99823,100,100040,100,99819,100,100044,100,99814,100,100056,100,99800,100,100078,100,99766,100,100089,100,99765,100,100122,100,99738,100,100130,100,99694,100
2019-06-28 09:51:40.000000000,99998,347,99847,347,100039,347,99838,347,100040,100,99823,100,100044,100,99819,100,100056,100,99814,100,100078,100,99800,100,100089,100,99766,100,100122,100,99765,100,100130,100,99738,100,100148,100,99694,100
2019-06-28 09:51:42.561876011,99998,247,99847,347,100039,347,99838,347,100040,100,99823,100,100044,100,99819,100,100056,100,99814,100,100078,100,99800,100,100089,100,99766,100,100130,100,99765,100,100148,100,99738,100,100175,100,99694,100
2019-06-28 09:51:42.861482596,99997,100,99847,347,99998,247,99838,347,100039,347,99823,100,100040,100,99819,100,100044,100,99814,100,100056,100,99800,100,100078,100,99766,100,100089,100,99765,100,100130,100,99738,100,100148,100,99694,100
2019-06-28 09:51:50.000000000,99997,199,99847,199,100039,199,99838,199,100040,199,99823,199,100044,199,99819,199,100056,199,99814,199,100078,100,99800,100,100089,100,99766,100,100130,100,99765,100,100148,100,99738,100,100175,100,99694,100
2019-06-28 09:52:00.000000000,99997,199,99847,199,100039,199,99838,199,100040,199,99823,199,100044,199,99819,199,100056,199,99814,199,100078,100,99800,100,100089,100,99766,100,100130,100,99765,100,100148,100,99738,100,100175,100,99694,100
2019-06-28 09:52:09.375632517,99997,199,99940,100,100039,199,99847,199,100040,99,99838,199,100044,199,99823,199,100056,199,99819,199,100078,100,99814,199,100089,100,99800,100,100130,100,99766,100,100148,100,99765,100,100175,100,99738,100
2019-06-28 09:52:10.000000000,99997,199,99940,199,100039,199,99847,199,100044,199,99838,199,100056,199,99823,199,100078,199,99819,199,100089,100,99814,100,100130,100,99800,100,100148,100,99766,100,100175,100,99765,100,,,99738,100
2019-06-28 09:52:15.753325722,99997,99,99940,199,100039,199,99847,199,100044,199,99838,199,100056,199,99823,199,100078,199,99819,199,100089,100,99814,100,100130,100,99800,100,100148,100,99766,100,100175,100,99765,100,,,99738,100
2019-06-28 09:52:18.292268539,99997,99,99940,199,100039,199,99847,199,100044,199,99838,199,100056,199,99823,199,100078,199,99819,199,100089,100,99814,100,100130,100,99800,100,100144,100,99766,100,100148,100,99765,100,100175,100,99738,100
2019-06-28 09:52:19.954719661,99997,99,99940,199,100039,199,99847,199,100044,199,99838,199,100056,199,99823,199,100078,199,99819,199,100089,100,99814,100,100130,100,99800,100,100144,100,99766,100,100148,100,99765,100,100175,100,99738,100
2019-06-28 09:52:20.000000000,100039,594,99940,594,100044,100,99847,100,100056,100,99838,100,100078,100,99823,100,100089,100,99819,100,100130,100,99814,100,100144,100,99800,100,100148,100,99766,100,100175,100,99765,100,100447,100,99738,100
2019-06-28 09:52:30.000000000,100039,594,99940,594,100044,100,99847,100,100056,100,99838,100,100078,100,99823,100,100089,100,99819,100,100130,100,99814,100,100144,100,99800,100,100148,100,99766,100,100175,100,99765,100,100447,100,99738,100
2019-06-28 09:52:36.879421097,100039,594,99940,594,100044,100,99847,100,100056,100,99838,100,100078,100,99823,100,100089,100,99819,100,100130,100,99814,100,100144,100,99800,100,100148,100,99766,100,100175,100,99765,100,100447,100,99738,100
2019-06-28 09:52:40.000000000,100039,224,99940,224,100044,224,99847,224,100056,224,99838,224,100078,224,99823,224,100089,100,99819,100,100130,100,99814,100,100144,100,99800,100,100148,100,99766,100,100175,100,99765,100,100447,100,99738,100
2019-06-28 09:52:45.089678697,100039,224,99940,224,100044,224,99847,224,100056,224,99838,224,100078,224,99823,224,100089,100,99819,100,100130,100,99814,100,100144,100,99800,100,100148,100,99766,100,100175,100,99765,100,100447,100,99738,100
2019-06-28 09:52:50.000000000,100039,594,99940,594,100044,100,99847,100,100056,100,99838,100,100078,100,99823,100,100089,100,99819,100,100130,100,99814,100,100144,100,99800,100,100148,100,99766,100,100175,100,99765,100,100447,100,99738,100
2019-06-28 09:52:52.812291908,100039,494,99940,594,100044,100,99847,100,100056,100,99838,100,100078,100,99823,100,100089,100,99819,100,100130,100,99814,100,100144,100,99800,100,100148,100,99766,100,100175,100,99765,100,100447,100,99738,100
2019-06-28 09:53:00.000000000,100044,347,99940,347,100056,347,99847,347,100078,100,99838,100,100089,100,99823,100,100130,100,99819,100,100144,100,99814,100,100148,100,99800,100,100175,100,99766,100,100447,100,99765,100,101231,100,99738,100
2019-06-28 09:53:06.368362102,100044,247,99940,347,100056,347,99847,347,100078,100,99838,100,100089,100,99823,100,100130,100,99819,100,100144,100,99814,100,100148,100,99800,100,100175,100,99766,100,100447,100,99765,100,101231,100,99738,100
2019-06-28 09:53:10.000000000,100056,347,99940,347,100078,347,99847,347,100089,100,99838,100,100130,100,99823,100,100144,100,99819,100,100148,100,99814,100,100175,100,99800,100,100447,100,99766,100,101231,100,99765,100,101445,100,99738,100
2019-06-28 09:53:20.000000000,100056,199,99940,199,100078,199,99847,199,100089,199,99838,199,100130,199,99823,199,100144,199,99819,199,100148,100,99814,100,100175,100,99800,100,100447,100,99766,100,101231,100,99765,100,101445,100,99738,100
2019-06-28 09:53:24.578032438,100056,199,100039,100,100078,199,99940,199,100089,199,99847,199,100130,199,99838,199,100144,199,99823,199,100148,100,99819,199,100175,100,99814,100,100447,100,99800,100,101231,100,99766,100,101445,100,99765,100
2019-06-28 09:53:30.000000000,100056,268,100039,268,100078,263,99940,263,100089,263,99847,263,100130,100,99838,100,100144,100,99823,100,100148,100,99819,100,100175,100,99814,100,100447,100,99800,100,101231,100,99766,100,101445,100,99765,100
2019-06-28 09:53:40.000000000,100056,347,100039,347,100078,347,99940,347,100089,100,99847,100,100130,100,99838,100,100144,100,99823,100,100148,100,99819,100,100175,100,99814,100,100447,100,99800,100,101231,100,99766,100,101445,100,99765,100
2019-06-28 09:53:50.000000000,100056,224,100039,224,100078,224,99940,224,100089,224,99847,224,100130,224,99838,224,100144,100,99823,100,100148,100,99819,100,100175,100,99814,100,100447,100,99800,100,101231,100,99766,100,101445,100,99765,100
2019-06-28 09:54:00.000000000,100056,199,100039,199,100078,199,99940,199,100089,199,99847,199,100130,199,99838,199,100144,199,99823,199,100148,100,99819,100,100175,100,99814,100,100447,100,99800,100,101231,100,99766,100,101445,100,99765,100
2019-06-28 09:54:08.764493156,100056,199,100039,199,100078,199,99940,199,100089,199,99847,199,100130,199,99838,199,100144,199,99823,199,100148,100,99819,100,100175,100,99814,100,100447,100,99800,100,101087,100,99766,100,101231,100,99765,100
2019-06-28 09:54:10.000000000,100056,594,100039,594,100078,100,99940,100,100089,100,99847,100,100130,100,99838,100,100144,100,99823,100,100148,100,99819,100,100175,100,99814,100,100447,100,99800,100,101087,100,99766,100,101231,100,99765,100
2019-06-28 09:54:20.000000000,100056,224,100039,224,100078,224,99940,224,100089,224,99847,224,100130,224,99838,224,100144,100,99823,100,100148,100,99819,100,100175,100,99814,100,100447,100,99800,100,101087,100,99766,100,101231,100,99765,100
2019-06-28 09:54:30.000000000,100056,268,100039,268,100078,263,99940,263,100089,263,99847,263,100130,100,99838,100,100144,100,99823,100,100148,100,99819,100,100175,100,99814,100,100447,100,99800,100,101087,100,99766,100,101231,100,99765,100
2019-06-28 09:54:40.000000000,100056,347,100039,347,100078,347,99940,347,100089,100,99847,100,100130,100,99838,100,100144,100,99823,100,100148,100,99819,100,100175,100,99814,100,100447,100,99800,100,101087,100,99766,100,101231,100,99765,100
2019-06-28 09:54:50.000000000,100056,347,100039,347,100078,347,99940,347,100089,100,99847,100,100130,100,99838,100,100144,100,99823,100,100148,100,99819,100,100175,100,99814,100,100447,100,99800,100,101087,100,99766,100,101231,100,99765,100
2019-06-28 09:54:57.265367835,100056,347,100039,347,100078,347,99940,347,100089,100,99847,100,100130,100,99838,100,100144,100,99823,100,100148,100,99819,100,100175,100,99814,100,100447,100,99800,100,100619,100,99766,100,101087,100,99765,100
2019-06-28 09:55:00.000000000,100056,199,100039,199,100078,199,99940,199,100089,199,99847,199,100130,199,99838,199,100144,199,99823,199,100148,100,99819,100,100175,100,99814,100,100447,100,99800,100,100619,100,99766,100,101087,100,99765,100
2019-06-28 09:55:00.115951024,100056,199,100039,199,100078,199,99940,199,100089,199,99847,199,100130,199,99838,199,100144,199,99823,199,100148,100,99819,100,100175,100,99814,100,100447,100,99800,100,100458,100,99766,100,100619,100,99765,100
2019-06-28 09:55:10.000000000,100056,268,100039,268,100078,263,99940,263,100089,263,99847,263,100130,100,99838,100,100144,100,99823,100,100148,100,99819,100,100175,100,99814,100,100447,100,99800,100,100458,100,99766,100,100619,100,99765,100
2019-06-28 09:55:20.000000000,100056,594,100039,594,100078,100,99940,100,100089,100,99847,100,100130,100,99838,100,100144,100,99823,100,100148,100,99819,100,100175,100,99814,100,100447,100,99800,100,100458,100,99766,100,100619,100,99765,100
2019-06-28 09:55:28.158805829,100056,494,100039,594,100078,100,99940,100,100089,100,99847,100,100130,100,99838,100,100144,100,99823,100,100148,100,99819,100,100175,100,99814,100,100447,100,99800,100,100458,100,99766,100,100619,100,99765,100
2019-06-28 09:55:30.000000000,100078,594,100039,594,100089,100,99940,100,100130,100,99847,100,100144,100,99838,100,100148,100,99823,100,100175,100,99819,100,100447,100,99814,100,100458,100,99800,100,100619,100,99766,100,101087,100,99765,100
2019-06-28 09:55:40.000000000,100078,594,100039,594,100089,100,99940,100,100130,100,99847,100,100144,100,99838,100,100148,100,99823,100,100175,100,99819,100,100447,100,99814,100,100458,100,99800,100,100619,100,99766,100,101087,100,99765,100
2019-06-28 09:55:45.148514492,100078,594,100039,594,100089,100,99940,100,100130,100,99847,100,100144,100,99838,100,100148,100,99823,100,100175,100,99819,100,100447,100,99814,100,100458,100,99800,100,100619,100,99766,100,100906,100,99765,100
2019-06-28 09:55:50.000000000,100078,268,100039,268,100089,263,99940,263,100130,263,99847,263,100144,100,99838,100,100148,100,99823,100,100175,100,99819,100,100447,100,99814,100,100458,100,99800,100,100619,100,99766,100,100906,100,99765,100
2019-06-28 09:56:00.000000000,100078,199,100039,199,100089,199,99940,199,100130,199,99847,199,100144,199,99838,199,100148,199,99823,199,100175,100,99819,100,100447,100,99814,100,100458,100,99800,100,100619,100,99766,100,100906,100,99765,100
2019-06-28 09:56:07.569398744,100078,199,100039,199,100089,199,99940,199,100130,99,99847,199,100144,199,99838,199,100148,199,99823,199,100175,100,99819,100,100447,100,99814,100,100458,100,99800,100,100619,100,99766,100,100893,100,99765,100
2019-06-28 09:56:10.000000000,100078,224,100039,224,100089,224,99940,224,100144,224,99847,224,100148,224,99838,224,100175,100,99823,100,100447,100,99819,100,100458,100,99814,100,100619,100,99800,100,100893,100,99766,100,100906,100,99765,100
2019-06-28 09:56:14.240215372,100078,124,100039,224,100089,224,99940,224,100144,224,99847,224,100148,224,99838,224,100175,100,99823,100,100447,100,99819,100,100458,100,99814,100,100619,100,99800,100,100893,100,99766,100,100906,100,99765,100
2019-06-28 09:56:20.000000000,100089,347,100039,347,100144,347,99940,347,100148,100,99847,100,100175,100,99838,100,100447,100,99823,100,100458,100,99819,100,100619,100,99814,100,100893,100,99800,100,100906,100,99766,100,101231,100,99765,100
2019-06-28 09:56:30.000000000,100089,268,100039,268,100144,263,99940,263,100148,263,99847,263,100175,100,99838,100,100447,100,99823,100,100458,100,99819,100,100619,100,99814,100,100893,100,99800,100,100906,100,99766,100,101231,100,99765,100
2019-06-28 09:56:33.225394298,100089,168,100039,268,100144,263,99940,263,100148,263,99847,263,100175,100,99838,100,100447,100,99823,100,100458,100,99819,100,100619,100,99814,100,100893,100,99800,100,100906,100,99766,100,101231,100,99765,100
2019-06-28 09:56:40.000000000,100144,347,100039,347,100148,347,99940,347,100175,100,99847,100,100447,100,99838,100,100458,100,99823,100,100619,100,99819,100,100893,100,99814,100,100906,100,99800,100,101231,100,99766,100,101445,100,99765,100
2019-06-28 09:56:47.989019145,100144,347,100039,347,100148,347,99940,347,100175,100,99847,100,100447,100,99838,100,100458,100,99823,100,100619,100,99819,100,100746,100,99814,100,100893,100,99800,100,100906,100,99766,100,101445,100,99765,100
2019-06-28 09:56:50.000000000,100144,224,100039,224,100148,224,99940,224,100175,224,99847,224,100447,224,99838,224,100458,100,99823,100,100619,100,99819,100,100746,100,99814,100,100893,100,99800,100,100906,100,99766,100,101445,100,99765,100
2019-06-28 09:56:53.169346452,100144,224,100039,224,100148,224,99940,224,100175,224,99847,224,100447,224,99838,224,100458,100,99823,100,100619,100,99819,100,100746,100,99814,100,100893,100,99800,100,101080,100,99766,100,101445,100,99765,100
2019-06-28 09:57:00.000000000,100144,594,100039,594,100148,100,99940,100,100175,100,99847,100,100447,100,99838,100,100458,100,99823,100,100619,100,99819,100,100746,100,99814,100,100893,100,99800,100,101080,100,99766,100,101445,100,99765,100
2019-06-28 09:57:00.315347646,100144,594,100039,594,100148,100,99940,100,100175,100,99847,100,100447,100,99838,100,100458,100,99823,100,100627,100,99819,100,100746,100,99814,100,100893,100,99800,100,101080,100,99766,100,101445,100,99765,100
2019-06-28 09:57:10.000000000,100144,594,100039,594,100148,100,99940,100,100175,100,99847,100,100447,100,99838,100,100458,100,99823,100,100627,100,99819,100,100746,100,99814,100,100893,100,99800,100,101080,100,99766,100,101445,100,99765,100
2019-06-28 09:57:20.000000000,100144,268,100039,268,100148,263,99940,263,100175,263,99847,263,100447,100,99838,100,100458,100,99823,100,100627,100,99819,100,100746,100,99814,100,100893,100,99800,100,101080,100,99766,100,101445,100,99765,100
2019-06-28 09:57:28.647358905,100144,168,100039,268,100148,263,99940,263,100175,263,99847,263,100447,100,99838,100,100458,100,99823,100,100627,100,99819,100,100746,100,99814,100,101080,100,99800,100,101445,100,99766,100,,,99765,100
2019-06-28 09:57:30.000000000,100148,347,100039,347,100175,347,99940,347,100447,100,99847,100,100458,100,99838,100,100627,100,99823,100,100746,100,99819,100,101080,100,99814,100,101445,100,99800,100,,,99766,100,,,99765,100
2019-06-28 09:57:40.000000000,100148,347,100039,347,100175,347,99940,347,100447,100,99847,100,100458,100,99838,100,100627,100,99823,100,100746,100,99819,100,101080,100,99814,100,101445,100,99800,100,,,99766,100,,,99765,100
2019-06-28 09:57:50.000000000,100148,268,100039,268,100175,263,99940,263,100447,263,99847,263,100458,100,99838,100,100627,100,99823,100,100746,100,99819,100,101080,100,99814,100,101445,100,99800,100,,,99766,100,,,99765,100
2019-06-28 09:58:00.000000000,100148,347,100039,347,100175,347,99940,347,100447,100,99847,100,100458,100,99838,100,100627,100,99823,100,100746,100,99819,100,101080,100,99814,100,101445,100,99800,100,,,99766,100,,,99765,100
2019-06-28 09:58:10.000000000,100148,224,100039,224,100175,224,99940,224,100447,224,99847,224,100458,224,99838,224,100627,100,99823,100,100746,100,99819,100,101080,100,99814,100,101445,100,99800,100,,,99766,100,,,99765,100
2019-06-28 09:58:13.838455068,100148,124,100039,224,100175,224,99940,224,100447,224,99847,224,100458,224,99838,224,100627,100,99823,100,100746,100,99819,100,101080,100,99814,100,101445,100,99800,100,,,99766,100,,,99765,100
2019-06-28 09:58:20.000000000,100175,594,100039,594,100447,100,99940,100,100458,100,99847,100,100627,100,99838,100,100746,100,99823,100,101080,100,99819,100,101445,100,99814,100,,,99800,100,,,99766,100,,,99765,100
2019-06-28 09:58:29.001061743,100175,494,100039,594,100447,100,99940,100,100458,100,99847,100,100627,100,99838,100,100746,100,99823,100,101080,100,99819,100,101445,100,99814,100,,,99800,100,,,99766,100,,,99765,100
2019-06-28 09:58:30.000000000,100447,594,100039,594,100458,100,99940,100,100627,100,99847,100,100746,100,99838,100,101080,100,99823,100,101445,100,99819,100,,,99814,100,,,99800,100,,,99766,100,,,99765,100
2019-06-28 09:58:40.000000000,100447,347,100039,347,100458,347,99940,347,100627,100,99847,100,100746,100,99838,100,101080,100,99823,100,101445,100,99819,100,,,99814,100,,,99800,100,,,99766,100,,,99765,100
2019-06-28 09:58:50.000000000,100447,199,100039,199,100458,199,99940,199,100627,199,99847,199,100746,199,99838,199,101080,199,99823,199,101445,100,99819,100,,,99814,100,,,99800,100,,,99766,100,,,99765,100
2019-06-28 09:59:00.000000000,100447,347,100039,347,100458,347,99940,347,100627,100,99847,100,100746,100,99838,100,101080,100,99823,100,101445,100,99819,100,,,99814,100,,,99800,100,,,99766,100,,,99765,100
2019-06-28 09:59:10.000000000,100447,268,100039,268,100458,263,99940,263,100627,263,99847,263,100746,100,99838,100,101080,100,99823,100,101445,100,99819,100,,,99814,100,,,99800,100,,,99766,100,,,99765,100
2019-06-28 09:59:20.000000000,100447,594,100039,594,100458,100,99940,100,100627,100,99847,100,100746,100,99838,100,101080,100,99823,100,101445,100,99819,100,,,99814,100,,,99800,100,,,99766,100,,,99765,100
2019-06-28 09:59:30.000000000,100447,199,100039,199,100458,199,99940,199,100627,199,99847,199,100746,199,99838,199,101080,199,99823,199,101445,100,99819,100,,,99814,100,,,99800,100,,,99766,100,,,99765,100
2019-06-28 09:59:40.000000000,100447,268,100039,268,100458,263,99940,263,100627,263,99847,263,100746,100,99838,100,101080,100,99823,100,101445,100,99819,100,,,99814,100,,,99800,100,,,99766,100,,,99765,100
2019-06-28 09:59:45.487312368,100447,268,100148,100,100458,263,100039,268,100627,263,99940,263,100746,100,99847,263,101080,100,99838,100,101445,100,99823,100,,,99819,100,,,99814,100,,,99800,100,,,99766,100
2019-06-28 09:59:50.000000000,100447,224,100148,224,100458,224,100039,224,100627,224,99940,224,100746,224,99847,224,101080,100,99838,100,101445,100,99823,100,,,99819,100,,,99814,100,,,99800,100,,,99766,100
2019-06-28 10:00:00.000000000,100447,224,100148,224,100458,224,100039,224,100627,224,99940,224,100746,224,99847,224,101080,100,99838,100,101445,100,99823,100,,,99819,100,,,99814,100,,,99800,100,,,99766,100
2019-06-28 10:00:00.798527482,100447,224,100148,324,100458,224,100039,224,100627,224,99940,224,100746,224,99847,224,101080,100,99838,100,101445,100,99823,100,,,99819,100,,,99814,100,,,99800,100,,,99766,100
2019-06-28 10:00:09.499104409,100447,224,100148,324,100458,224,100039,224,100627,224,99940,224,100746,224,99847,224,101080,100,99838,100,101282,100,99823,100,101445,100,99819,100,,,99814,100,,,99800,100,,,99766,100
2019-06-28 10:00:10.000000000,100447,199,100148,299,100458,199,100039,199,100627,199,99940,199,100746,199,99847,199,101080,199,99838,199,101282,100,99823,100,101445,100,99819,100,,,99814,100,,,99800,100,,,99766,100
2019-06-28 10:00:20.000000000,100447,594,100148,694,100458,100,100039,100,100627,100,99940,100,100746,100,99847,100,101080,100,99838,100,101282,100,99823,100,101445,100,99819,100,,,99814,100,,,99800,100,,,99766,100
2019-06-28 10:00:25.543601806,100447,594,100148,694,100458,100,100039,100,100627,100,99940,100,100746,100,99847,100,101080,100,99838,100,101154,100,99823,100,101282,100,99819,100,101445,100,99814,100,,,99800,100,,,99766,100
2019-06-28 10:00:30.000000000,100447,268,100148,368,100458,263,100039,263,100627,263,99940,263,100746,100,99847,100,101080,100,99838,100,101154,100,99823,100,101282,100,99819,100,101445,100,99814,100,,,99800,100,,,99766,100
2019-06-28 10:00:33.742517511,100447,268,100148,368,100458,263,100039,263,100627,263,99940,263,100746,100,99847,100,101080,100,99838,100,101102,100,99823,100,101154,100,99819,100,101282,100,99814,100,101445,100,99800,100,,,99766,100
2019-06-28 10:00:40.000000000,100447,224,100148,324,100458,224,100039,224,100627,224,99940,224,100746,224,99847,224,101080,100,99838,100,101102,100,99823,100,101154,100,99819,100,101282,100,99814,100,101445,100,99800,100,,,99766,100
2019-06-28 10:00:44.863027517,100447,224,100148,324,100458,224,100039,224,100627,224,99940,224,100746,224,99847,224,101080,100,99838,100,101102,100,99823,100,101154,100,99819,100,101223,100,99814,100,101282,100,99800,100,101445,100,99766,100
2019-06-28 10:00:50.000000000,100447,268,100148,368,100458,263,100039,263,100627,263,99940,263,100746,100,99847,100,101080,100,99838,100,101102,100,99823,100,101154,100,99819,100,101223,100,99814,100,101282,100,99800,100,101445,100,99766,100
2019-06-28 10:00:50.693052022,100447,168,100148,368,100458,263,100039,263,100627,263,99940,263,100746,100,99847,100,101080,100,99838,100,101102,100,99823,100,101154,100,99819,100,101223,100,99814,100,101282,100,99800,100,,,99766,100
2019-06-28 10:01:00.000000000,100458,224,100148,324,100627,224,100039,224,100746,224,99940,224,101080,224,99847,224,101102,100,99838,100,101154,100,99823,100,101223,100,99819,100,101282,100,99814,100,,,99800,100,,,99766,100
2019-06-28 10:01:05.039617208,100458,124,100148,324,100627,224,100039,224,100746,224,99940,224,101080,224,99847,224,101102,100,99838,100,101154,100,99823,100,101223,100,99814,100,101282,100,99800,100,,,99766,100,,,99765,100
2019-06-28 10:01:10.000000000,100627,347,100148,447,100746,347,100039,347,101080,100,99940,100,101102,100,99847,100,101154,100,99838,100,101223,100,99823,100,101282,100,99814,100,,,99800,100,,,99766,100,,,99765,100
2019-06-28 10:01:12.535851404,100627,247,100148,447,100746,347,100039,347,101080,100,99940,100,101102,100,99847,100,101223,100,99838,100,101282,100,99823,100,,,99814,100,,,99800,100,,,99766,100,,,99765,100
2019-06-28 10:01:20.000000000,100746,594,100148,694,101080,100,100039,100,101102,100,99940,100,101223,100,99847,100,101282,100,99838,100,,,99823,100,,,99814,100,,,99800,100,,,99766,100,,,99765,100
2019-06-28 10:01:30.000000000,100746,347,100148,447,101080,347,100039,347,101102,100,99940,100,101223,100,99847,100,101282,100,99838,100,,,99823,100,,,99814,100,,,99800,100,,,99766,100,,,99765,100
2019-06-28 10:01:40.000000000,100746,347,100148,447,101080,347,100039,347,101102,100,99940,100,101223,100,99847,100,101282,100,99838,100,,,99823,100,,,99814,100,,,99800,100,,,99766,100,,,99765,100
2019-06-28 10:01:45.878454542,100746,347,100148,447,101080,347,100039,347,101102,100,99940,100,101107,100,99847,100,101223,100,99838,100,101282,100,99823,100,,,99814,100,,,99800,100,,,99766,100,,,99765,100
2019-06-28 10:01:50.000000000,100746,224,100148,324,101080,224,100039,224,101102,224,99940,224,101107,224,99847,224,101223,100,99838,100,101282,100,99823,100,,,99814,100,,,99800,100,,,99766,100,,,99765,100
2019-06-28 10:01:55.038732274,100746,224,100458,100,101080,224,100148,324,101102,224,100039,124,101107,224,99940,224,101223,100,99847,224,101282,100,99838,100,,,99823,100,,,99814,100,,,99800,100,,,99766,100
2019-06-28 10:02:00.000000000,100746,268,100458,268,101080,263,100148,363,101102,263,99940,263,101107,100,99847,100,101223,100,99838,100,101282,100,99823,100,,,99814,100,,,99800,100,,,99766,100,,,99765,100
2019-06-28 10:02:03.499976281,100746,268,100458,168,101080,263,100148,363,101102,263,99940,263,101107,100,99847,100,101223,100,99838,100,101282,100,99823,100,,,99814,100,,,99800,100,,,99766,100,,,99765,100
2019-06-28 10:02:10.000000000,100746,594,100148,694,101080,100,99940,100,101102,100,99847,100,101107,100,99838,100,101223,100,99823,100,101282,100,99814,100,,,99800,100,,,99766,100,,,99765,100,,,99738,100
2019-06-28 10:02:20.000000000,100746,224,100148,324,101080,224,99940,224,101102,224,99847,224,101107,224,99838,224,101223,100,99823,100,101282,100,99814,100,,,99800,100,,,99766,100,,,99765,100,,,99738,100
2019-06-28 10:02:22.617385474,100746,124,100148,324,101080,224,99940,224,101102,224,99847,224,101107,124,99838,224,101223,100,99823,100,101282,100,99814,100,,,99800,100,,,99766,100,,,99765,100,,,99738,100
2019-06-28 10:02:30.000000000,101080,224,100148,324,101102,224,99940,224,101223,224,99847,224,101282,224,99838,224,,,99823,100,,,99814,100,,,99800,100,,,99766,100,,,99765,100,,,99738,100
2019-06-28 10:02:38.544559452,101080,224,100986,100,101102,224,100148,324,101223,224,99940,224,101282,224,99847,124,,,99838,224,,,99823,100,,,99814,100,,,99800,100,,,99766,100,,,99765,100
2019-06-28 10:02:40.000000000,101080,199,100986,199,101102,199,100148,299,101223,199,99940,199,101282,199,99838,199,101283,99,99823,199,,,99814,100,,,99800,100,,,99766,100,,,99765,100,,,99738,100
2019-06-28 10:02:50.000000000,101080,594,100986,594,101102,100,100148,200,101223,100,99940,100,101282,100,99838,100,,,99823,100,,,99814,100,,,99800,100,,,99766,100,,,99765,100,,,99738,100
2019-06-28 10:02:57.198800657,101080,594,100986,594,101102,100,100148,200,101223,100,99940,100,101272,100,99838,100,101282,100,99823,100,,,99814,100,,,99800,100,,,99766,100,,,99765,100,,,99738,100
2019-06-28 10:03:00.000000000,101080,268,100986,268,101102,263,100148,363,101223,263,99940,263,101272,100,99838,100,101282,100,99823,100,,,99814,100,,,99800,100,,,99766,100,,,99765,100,,,99738,100
2019-06-28 10:03:07.772207198,101080,268,101017,100,101102,263,100986,268,101223,263,100148,363,101272,100,99940,263,101282,100,99838,100,,,99823,100,,,99814,100,,,99800,100,,,99765,100,,,99738,100
2019-06-28 10:03:10.000000000,101080,594,101017,594,101102,100,100986,100,101223,100,100148,200,101272,100,99940,100,101282,100,99838,100,,,99823,100,,,99814,100,,,99800,100,,,99765,100,,,99738,100
2019-06-28 10:03:11.432945817,101080,594,101017,594,101102,100,100986,100,101223,100,100627,100,101272,100,100148,200,101282,100,99940,100,,,99838,100,,,99823,100,,,99814,100,,,99800,100,,,99765,100
2019-06-28 10:03:20.000000000,101080,268,101017,268,101102,263,100986,263,101223,263,100627,263,101272,100,100148,200,101282,100,99940,100,,,99838,100,,,99823,100,,,99814,100,,,99800,100,,,99765,100
2019-06-28 10:03:30.000000000,101080,347,101017,347,101102,347,100986,347,101223,100,100627,100,101272,100,100148,200,101282,100,99940,100,,,99838,100,,,99823,100,,,99814,100,,,99800,100,,,99765,100
2019-06-28 10:03:40.000000000,101080,199,101017,199,101102,199,100986,199,101223,199,100627,199,101272,199,100148,299,101282,199,99940,199,,,99838,100,,,99823,100,,,99814,100,,,99800,100,,,99765,100
2019-06-28 10:03:46.788345179,101080,199,101017,199,101102,199,100986,199,101223,199,100666,100,101272,199,100627,199,101282,199,100148,299,,,99940,199,,,99838,100,,,99823,100,,,99814,100,,,99800,100
2019-06-28 10:03:50.000000000,101080,594,101017,594,101102,100,100986,100,101223,100,100666,100,101272,100,100627,100,101282,100,100148,200,,,99940,100,,,99838,100,,,99823,100,,,99814,100,,,99800,100
2019-06-28 10:04:00.000000000,101080,594,101017,594,101102,100,100986,100,101223,100,100666,100,101272,100,100627,100,101282,100,100148,200,,,99940,100,,,99838,100,,,99823,100,,,99814,100,,,99800,100
2019-06-28 10:04:10.000000000,101080,268,101017,268,101102,263,100986,263,101223,263,100666,263,101272,100,100627,100,101282,100,100148,200,,,99940,100,,,99838,100,,,99823,100,,,99814,100,,,99800,100
2019-06-28 10:04:16.236562944,101080,268,101017,168,101102,263,100986,263,101223,263,100666,263,101272,100,100627,100,101282,100,100148,200,,,99940,100,,,99838,100,,,99823,100,,,99814,100,,,99800,100
2019-06-28 10:04:19.181203709,101080,268,101017,168,101102,263,100986,263,101223,263,100698,100,101272,100,100666,263,101282,100,100627,100,,,100148,200,,,99940,100,,,99838,100,,,99823,100,,,99814,100
2019-06-28 10:04:20.000000000,101080,199,100986,199,101102,199,100698,199,101223,199,100666,199,101272,199,100627,199,101282,199,100148,299,,,99940,100,,,99838,100,,,99823,100,,,99814,100,,,99800,100
2019-06-28 10:04:28.502048240,101080,99,100986,199,101102,199,100698,199,101223,199,100666,199,101272,199,100627,199,101282,199,100148,299,,,99940,100,,,99838,100,,,99823,100,,,99814,100,,,99800,100
2019-06-28 10:04:30.000000000,101102,224,100986,224,101223,224,100698,224,101272,224,100666,224,101282,224,100627,224,,,100148,200,,,99940,100,,,99838,100,,,99823,100,,,99814,100,,,99800,100
2019-06-28 10:04:34.828647410,101102,124,100986,224,101223,224,100862,100,101272,224,100698,224,101282,224,100666,224,,,100627,224,,,100148,200,,,99940,100,,,99838,100,,,99823,100,,,99814,100
2019-06-28 10:04:40.000000000,101223,268,100986,268,101272,263,100862,263,101282,263,100698,263,,,100666,100,,,100627,100,,,100148,200,,,99940,100,,,99838,100,,,99823,100,,,99814,100
2019-06-28 10:04:50.000000000,101223,199,100986,199,101272,199,100862,199,101282,199,100698,199,101283,99,100666,199,,,100627,199,,,100148,200,,,99940,100,,,99838,100,,,99823,100,,,99814,100
2019-06-28 10:05:00.000000000,101223,594,100986,594,101272,100,100862,100,101282,100,100698,100,,,100666,100,,,100627,100,,,100148,200,,,99940,100,,,99838,100,,,99823,100,,,99814,100
2019-06-28 10:05:00.857953955,101223,594,100986,494,101272,100,100862,100,101282,100,100698,100,,,100627,100,,,100148,200,,,99940,100,,,99838,100,,,99823,100,,,99814,100,,,99800,100
2019-06-28 10:05:05.844240473,101079,100,100986,494,101223,594,100862,100,101272,100,100698,100,101282,100,100627,100,,,100148,200,,,99940,100,,,99838,100,,,99823,100,,,99814,100,,,99800,100
2019-06-28 10:05:10.000000000,101079,199,100862,199,101223,199,100698,199,101272,199,100627,199,101282,199,100148,299,101283,99,99940,199,,,99838,100,,,99823,100,,,99814,100,,,99800,100,,,99765,100
2019-06-28 10:05:12.505557246,101079,199,101063,100,101223,199,100862,199,101272,199,100698,199,101282,199,100627,199,101283,99,100148,299,,,99940,199,,,99838,100,,,99823,100,,,99814,100,,,99800,100
2019-06-28 10:05:20.000000000,101079,347,101063,347,101223,347,100862,347,101272,100,100698,100,101282,100,100627,100,,,100148,200,,,99940,100,,,99838,100,,,99823,100,,,99814,100,,,99800,100
2019-06-28 10:05:21.126433006,101079,347,101063,147,101223,347,100862,347,101272,100,100698,100,101282,100,100627,100,,,100148,200,,,99940,100,,,99838,100,,,99823,100,,,99814,100,,,99800,100
2019-06-28 10:05:27.165153884,101079,347,101063,47,101223,347,100862,347,101272,100,100698,100,101282,100,100627,100,,,100148,200,,,99940,100,,,99838,100,,,99823,100,,,99814,100,,,99800,100
2019-06-28 10:05:30.000000000,101079,347,100862,347,101223,347,100698,347,101272,100,100627,100,101282,100,100148,200,,,99940,100,,,99838,100,,,99823,100,,,99814,100,,,99800,100,,,99765,100
2019-06-28 10:05:40.000000000,101079,224,100862,224,101223,224,100698,224,101272,224,100627,224,101282,224,100148,324,,,99940,100,,,99838,100,,,99823,100,,,99814,100,,,99800,100,,,99765,100
2019-06-28 10:05:50.000000000,101079,199,100862,199,101223,199,100698,199,101272,199,100627,199,101282,199,100148,299,101283,99,99940,199,,,99838,100,,,99823,100,,,99814,100,,,99800,100,,,99765,100
2019-06-28 10:06:00.000000000,101079,199,100862,199,101223,199,100698,199,101272,199,100627,199,101282,199,100148,299,101283,99,99940,199,,,99838,100,,,99823,100,,,99814,100,,,99800,100,,,99765,100
2019-06-28 10:06:10.000000000,101079,224,100862,224,101223,224,100698,224,101272,224,100627,224,101282,224,100148,324,,,99940,100,,,99838,100,,,99823,100,,,99814,100,,,99800,100,,,99765,100
2019-06-28 10:06:12.177536530,101079,224,100862,124,101223,224,100698,224,101272,224,100627,224,101282,224,100148,324,,,99940,100,,,99838,100,,,99823,100,,,99814,100,,,99800,100,,,99765,100
2019-06-28 10:06:20.000000000,101079,594,100698,594,101223,100,100627,100,101272,100,100148,200,101282,100,99940,100,,,99838,100,,,99823,100,,,99814,100,,,99800,100,,,99765,100,,,99738,100
2019-06-28 10:06:30.000000000,101079,347,100698,347,101223,347,100627,347,101272,100,100148,200,101282,100,99940,100,,,99838,100,,,99823,100,,,99814,100,,,99800,100,,,99765,100,,,99738,100
2019-06-28 10:06:40.000000000,101079,199,100698,199,101223,199,100627,199,101272,199,100148,299,101282,199,99940,199,101283,99,99838,199,,,99823,100,,,99814,100,,,99800,100,,,99765,100,,,99738,100
2019-06-28 10:06:47.971997983,101079,199,100698,199,101223,199,100627,199,101272,199,100148,299,101282,199,100033,100,101283,99,99940,199,,,99838,199,,,99823,100,,,99814,100,,,99800,100,,,99765,100
2019-06-28 10:06:50.000000000,101079,268,100698,268,101223,263,100627,263,101272,263,100148,363,101282,100,100033,100,,,99940,100,,,99838,100,,,99823,100,,,99814,100,,,99800,100,,,99765,100
2019-06-28 10:07:00.000000000,101079,224,100698,224,101223,224,100627,224,101272,224,100148,324,101282,224,100033,224,,,99940,100,,,99838,100,,,99823,100,,,99814,100,,,99800,100,,,99765,100
2019-06-28 10:07:10.000000000,101079,347,100698,347,101223,347,100627,347,101272,100,100148,200,101282,100,100033,100,,,99940,100,,,99838,100,,,99823,100,,,99814,100,,,99800,100,,,99765,100
2019-06-28 10:07:20.000000000,101079,268,100698,268,101223,263,100627,263,101272,263,100148,363,101282,100,100033,100,,,99940,100,,,99838,100,,,99823,100,,,99814,100,,,99800,100,,,99765,100
2019-06-28 10:07:26.600589450,101079,268,100698,268,101223,263,100627,263,101272,263,100486,100,101282,100,100148,363,,,100033,100,,,99940,100,,,99838,100,,,99823,100,,,99814,100,,,99800,100
2019-06-28 10:07:30.000000000,101079,224,100698,224,101223,224,100627,224,101272,224,100486,224,101282,224,100148,324,,,100033,100,,,99940,100,,,99838,100,,,99823,100,,,99814,100,,,99800,100
2019-06-28 10:07:39.115223801,101079,224,100698,224,101223,224,100627,224,101272,224,100519,100,101282,224,100486,224,,,100148,324,,,100033,100,,,99940,100,,,99823,100,,,99814,100,,,99800,100
2019-06-28 10:07:40.000000000,101079,224,100698,224,101223,224,100627,224,101272,224,100519,224,101282,224,100486,224,,,100148,200,,,100033,100,,,99940,100,,,99823,100,,,99814,100,,,99800,100
2019-06-28 10:07:46.066170565,101063,100,100698,224,101079,224,100627,224,101223,224,100519,224,101272,224,100486,224,101282,224,100148,200,,,100033,100,,,99940,100,,,99823,100,,,99814,100,,,99800,100
2019-06-28 10:07:50.000000000,101063,268,100698,268,101079,263,100627,263,101223,263,100519,263,101272,100,100486,100,101282,100,100148,200,,,100033,100,,,99940,100,,,99823,100,,,99814,100,,,99800,100
2019-06-28 10:08:00.000000000,101063,199,100698,199,101079,199,100627,199,101223,199,100519,199,101272,199,100486,199,101282,199,100148,299,,,100033,100,,,99940,100,,,99823,100,,,99814,100,,,99800,100
2019-06-28 10:08:10.000000000,101063,268,100698,268,101079,263,100627,263,101223,263,100519,263,101272,100,100486,100,101282,100,100148,200,,,100033,100,,,99940,100,,,99823,100,,,99814,100,,,99800,100
2019-06-28 10:08:20.000000000,101063,268,100698,268,101079,263,100627,263,101223,263,100519,263,101272,100,100486,100,101282,100,100148,200,,,100033,100,,,99940,100,,,99823,100,,,99814,100,,,99800,100
2019-06-28 10:08:30.000000000,101063,224,100698,224,101079,224,100627,224,101223,224,100519,224,101272,224,100486,224,101282,100,100148,200,,,100033,100,,,99940,100,,,99823,100,,,99814,100,,,99800,100
2019-06-28 10:08:40.000000000,101063,268,100698,268,101079,263,100627,263,101223,263,100519,263,101272,100,100486,100,101282,100,100148,200,,,100033,100,,,99940,100,,,99823,100,,,99814,100,,,99800,100
2019-06-28 10:08:50.000000000,101063,594,100698,594,101079,100,100627,100,101223,100,100519,100,101272,100,100486,100,101282,100,100148,200,,,100033,100,,,99940,100,,,99823,100,,,99814,100,,,99800,100
2019-06-28 10:09:00.000000000,101063,199,100698,199,101079,199,100627,199,101223,199,100519,199,101272,199,100486,199,101282,199,100148,299,,,100033,100,,,99940,100,,,99823,100,,,99814,100,,,99800,100
2019-06-28 10:09:05.737893257,101063,199,100698,99,101079,199,100627,199,101223,199,100519,199,101272,199,100486,199,101282,199,100148,299,,,100033,100,,,99940,100,,,99823,100,,,99814,100,,,99800,100
2019-06-28 10:09:10.000000000,101063,594,100627,594,101079,100,100519,100,101223,100,100486,100,101272,100,100148,200,101282,100,100033,100,,,99940,100,,,99823,100,,,99814,100,,,99800,100,,,99765,100
2019-06-28 10:09:14.872037488,101063,594,100627,494,101079,100,100519,100,101223,100,100486,100,101272,100,100148,200,101282,100,100033,100,,,99940,100,,,99823,100,,,99814,100,,,99800,100,,,99765,100
2019-06-28 10:09:20.000000000,101063,199,100519,199,101079,199,100486,199,101223,199,100148,299,101272,199,100033,199,101282,199,99940,199,,,99823,100,,,99814,100,,,99800,100,,,99765,100,,,99738,100
2019-06-28 10:09:30.000000000,101063,224,100519,224,101079,224,100486,224,101223,224,100148,324,101272,224,100033,224,101282,100,99940,100,,,99823,100,,,99814,100,,,99800,100,,,99765,100,,,99738,100
2019-06-28 10:09:40.000000000,101063,268,100519,268,101079,263,100486,263,101223,263,100148,363,101272,100,100033,100,101282,100,99940,100,,,99823,100,,,99814,100,,,99800,100,,,99765,100,,,99738,100
2019-06-28 10:09:50.000000000,101063,347,100519,347,101079,347,100486,347,101223,100,100148,200,101272,100,100033,100,101282,100,99940,100,,,99823,100,,,99814,100,,,99800,100,,,99765,100,,,99738,100
2019-06-28 10:10:00.000000000,101063,347,100519,347,101079,347,100486,347,101223,100,100148,200,101272,100,100033,100,101282,100,99940,100,,,99823,100,,,99814,100,,,99800,100,,,99765,100,,,99738,100
2019-06-28 10:10:10.000000000,101063,268,100519,268,101079,263,100486,263,101223,263,100148,363,101272,100,100033,100,101282,100,99940,100,,,99823,100,,,99814,100,,,99800,100,,,99765,100,,,99738,100
2019-06-28 10:10:20.000000000,101063,224,100519,224,101079,224,100486,224,101223,224,100148,324,101272,224,100033,224,101282,100,99940,100,,,99823,100,,,99814,100,,,99800,100,,,99765,100,,,99738,100
