,ask_price_1,ask_size_1,bid_price_1,bid_size_1,ask_price_2,ask_size_2,bid_price_2,bid_size_2,ask_price_3,ask_size_3,bid_price_3,bid_size_3,ask_price_4,ask_size_4,bid_price_4,bid_size_4,ask_price_5,ask_size_5,bid_price_5,bid_size_5,ask_price_6,ask_size_6,bid_price_6,bid_size_6,ask_price_7,ask_size_7,bid_price_7,bid_size_7,ask_price_8,ask_size_8,bid_price_8,bid_size_8,ask_price_9,ask_size_9,bid_price_9,bid_size_9,ask_price_10,ask_size_10,bid_price_10,bid_size_10
2019-06-28 09:30:00.000000000,100026,100,,,,,,,,,,,,,,,,,,,,,,,,,,,,,,,,,,,,,,
2019-06-28 09:30:00.000000001,100026,100,99958,100,100038,100,,,100085,100,,,100090,100,,,,,,,,,,,,,,,,,,,,,,,,,,
2019-06-28 09:30:00.000000002,100026,100,99958,100,100032,100,,,100038,100,,,100085,100,,,100090,100,,,,,,,,,,,,,,,,,,,,,,
2019-06-28 09:30:00.000000003,100026,100,99958,100,100032,100,,,100038,100,,,100053,100,,,100085,100,,,100090,100,,,,,,,,,,,,,,,,,,
2019-06-28 09:30:00.000000005,100032,100,99958,100,100038,100,,,100053,100,,,100085,100,,,100090,100,,,,,,,,,,,,,,,,,,,,,,
2019-06-28 09:30:00.000000008,100032,100,99958,100,100038,100,99939,100,100053,100,99803,100,100085,100,,,100090,100,,,,,,,,,,,,,,,,,,,,,,
2019-06-28 09:30:00.000000009,100032,100,99958,100,100038,100,99939,100,100053,100,99803,100,100085,100,,,100090,100,,,100108,100,,,100117,100,,,,,,,,,,,,,,
2019-06-28 09:30:00.000000014,100032,100,99939,100,100038,100,99803,100,100053,100,,,100085,100,,,100090,100,,,100108,100,,,100117,100,,,,,,,,,,,,,,
2019-06-28 09:30:00.000000019,100031,100,99939,100,100032,100,99803,100,100038,100,,,100053,100,,,100085,100,,,100090,100,,,100108,100,,,100117,100,,,,,,,,,,
2019-06-28 09:30:00.000000020,100031,100,100003,100,100032,100,99939,100,100038,100,99803,100,100053,100,,,100085,100,,,100090,100,,,100108,100,,,100117,100,,,,,,,,,,
2019-06-28 09:30:00.000000021,100031,100,100003,100,100032,100,99939,100,100038,100,99803,100,100053,100,,,100085,100,,,100090,100,,,100108,100,,,100117,100,,,100136,100,,,,,,
2019-06-28 09:30:00.000000022,100024,100,100003,100,100031,100,99948,100,100032,100,99939,100,100038,100,99803,100,100053,100,,,100085,100,,,100090,100,,,100108,100,,,100117,100,,,100136,100,,
2019-06-28 09:30:00.000000023,100024,100,100003,100,100031,100,99948,100,100032,100,99939,100,100038,100,99904,100,100053,100,99803,100,100069,100,,,100085,100,,,100090,100,,,100108,100,,,100117,100,,
2019-06-28 09:30:00.000000025,100024,100,100021,100,100031,100,100003,100,100032,100,99948,100,100038,100,99939,100,100053,100,99904,100,100069,100,99803,100,100085,100,,,100090,100,,,100108,100,,,100117,100,,
2019-06-28 09:30:00.000000027,100024,100,100021,100,100031,100,100003,100,100032,100,99948,100,100038,100,99939,100,100053,100,99904,100,100069,100,99849,100,100085,100,99803,100,100090,100,,,100101,100,,,100108,100,,
2019-06-28 09:30:00.000000028,100024,100,100021,100,100031,100,100003,100,100032,100,99948,100,100038,100,99939,100,100053,100,99904,100,100069,100,99874,100,100085,100,99849,100,100090,100,99803,100,100101,100,,,100108,100,,
2019-06-28 09:30:00.000000031,100024,100,100021,100,100031,100,100003,100,100032,100,99958,100,100038,100,99948,100,100053,100,99939,100,100069,100,99904,100,100085,100,99874,100,100090,100,99849,100,100101,100,99803,100,100108,100,,
2019-06-28 09:30:00.000000037,100024,100,100021,100,100031,100,100003,100,100032,100,99958,100,100038,100,99948,100,100053,100,99939,100,100069,100,99936,100,100085,100,99904,100,100090,100,99874,100,100101,100,99849,100,100108,100,99803,100
2019-06-28 09:30:00.000000039,100024,100,100021,100,100031,100,100003,100,100032,100,99958,100,100038,100,99948,100,100053,100,99939,100,100069,100,99936,100,100085,100,99904,100,100090,100,99874,100,100101,100,99849,100,100108,100,99803,100
2019-06-28 09:30:00.000000040,100024,100,100003,100,100031,100,99984,100,100032,100,99958,100,100038,100,99948,100,100053,100,99939,100,100069,100,99936,100,100085,100,99904,100,100090,100,99874,100,100101,100,99849,100,100108,100,99803,100
2019-06-28 09:30:00.000000041,100024,100,100003,100,100031,100,99984,100,100032,100,99958,100,100038,100,99948,100,100053,100,99939,100,100069,100,99936,100,100085,100,99904,100,100090,100,99878,100,100101,100,99874,100,100108,100,99849,100
2019-06-28 09:30:00.000000045,100024,100,100003,100,100031,100,99984,100,100032,100,99958,100,100038,100,99948,100,100053,100,99939,100,100069,100,99936,100,100085,100,99904,100,100090,100,99878,100,100101,100,99874,100,100108,100,99849,100
2019-06-28 09:30:00.000000046,100024,100,100003,100,100031,100,99984,100,100032,100,99958,100,100038,100,99948,100,100053,100,99947,100,100069,100,99939,100,100085,100,99936,100,100090,100,99904,100,100101,100,99878,100,100108,100,99874,100
2019-06-28 09:30:00.000000048,100010,100,100003,100,100024,100,99984,100,100031,100,99958,100,100032,100,99948,100,100038,100,99947,100,100053,100,99939,100,100069,100,99936,100,100085,100,99904,100,100090,100,99878,100,100101,100,99874,100
2019-06-28 09:30:00.000000049,100010,100,100003,100,100024,100,99984,100,100031,100,99958,100,100032,100,99948,100,100038,100,99947,100,100053,100,99944,100,100069,100,99939,100,100085,100,99936,100,100090,100,99904,100,100101,100,99878,100
2019-06-28 09:30:00.000000053,100010,100,99984,100,100024,100,99958,100,100031,100,99948,100,100032,100,99947,100,100038,100,99944,100,100053,100,99939,100,100069,100,99936,100,100085,100,99904,100,100090,100,99878,100,100101,100,99874,100
2019-06-28 09:30:00.000000056,100010,100,99984,100,100024,100,99958,100,100031,100,99948,100,100032,100,99947,100,100038,100,99944,100,100053,100,99939,100,100069,100,99936,100,100085,100,99904,100,100090,100,99878,100,100091,100,99874,100
2019-06-28 09:30:00.000000057,100010,100,99984,100,100021,100,99958,100,100024,100,99948,100,100031,100,99947,100,100032,100,99944,100,100038,100,99939,100,100053,100,99936,100,100069,100,99904,100,100085,100,99878,100,100090,100,99874,100
2019-06-28 09:30:00.000000059,100010,100,99984,100,100021,100,99958,100,100024,100,99948,100,100031,100,99947,100,100032,100,99944,100,100038,100,99939,100,100053,100,99936,100,100069,100,99904,100,100085,100,99880,100,100090,100,99878,100
2019-06-28 09:30:00.000000060,100010,100,99984,100,100021,100,99958,100,100024,100,99948,100,100031,100,99947,100,100032,100,99944,100,100038,100,99939,100,100053,100,99936,100,100069,100,99904,100,100085,100,99890,100,100090,100,99880,100
2019-06-28 09:30:00.000000061,100010,100,99984,100,100021,100,99958,100,100024,100,99948,100,100031,100,99947,100,100032,100,99944,100,100038,100,99939,100,100053,100,99936,100,100069,100,99904,100,100085,100,99890,100,100090,100,99880,100
2019-06-28 09:30:00.000000062,100010,100,99984,100,100021,100,99958,100,100024,100,99948,100,100031,100,99947,100,100032,100,99944,100,100038,100,99939,100,100053,100,99936,100,100054,100,99904,100,100069,100,99890,100,100085,100,99880,100
2019-06-28 09:30:00.000000069,100021,100,99984,100,100024,100,99958,100,100031,100,99948,100,100032,100,99947,100,100038,100,99944,100,100053,100,99939,100,100054,100,99936,100,100069,100,99904,100,100085,100,99890,100,100090,100,99880,100
2019-06-28 09:30:00.000000071,100021,100,99984,100,100024,100,99958,100,100031,100,99948,100,100032,100,99947,100,100038,100,99944,100,100053,100,99939,100,100054,100,99936,100,100069,100,99930,100,100085,100,99904,100,100090,100,99890,100
2019-06-28 09:30:00.000000080,100021,100,99984,100,100024,100,99958,100,100031,100,99948,100,100032,100,99947,100,100038,100,99944,100,100053,100,99939,100,100054,100,99936,100,100069,100,99930,100,100085,100,99904,100,100090,100,99890,100
2019-06-28 09:30:00.000000082,100021,100,100004,100,100024,100,99984,100,100031,100,99958,100,100032,100,99948,100,100037,100,99947,100,100038,100,99944,100,100053,100,99939,100,100054,100,99936,100,100069,100,99930,100,100082,100,99904,100
2019-06-28 09:30:00.000000083,100024,100,100010,100,100031,100,100004,100,100032,100,99984,100,100037,100,99958,100,100038,100,99948,100,100053,100,99947,100,100054,100,99944,100,100069,100,99939,100,100082,100,99936,100,100085,100,99930,100
2019-06-28 09:30:00.000000084,100024,100,100010,100,100031,100,100004,100,100032,100,99984,100,100037,100,99958,100,100038,100,99948,100,100053,100,99947,100,100054,100,99944,100,100069,100,99939,100,100082,100,99936,100,100085,100,99930,100
2019-06-28 09:30:00.000000085,100024,100,100010,100,100031,100,100004,100,100032,100,99984,100,100033,100,99958,100,100037,100,99948,100,100038,100,99947,100,100053,100,99944,100,100054,100,99939,100,100069,100,99936,100,100082,100,99930,100
2019-06-28 09:30:00.000000087,100031,100,100010,100,100032,100,100004,100,100033,100,99984,100,100037,100,99958,100,100038,100,99948,100,100053,100,99947,100,100054,100,99944,100,100069,100,99939,100,100082,100,99936,100,100085,100,99930,100
2019-06-28 09:30:00.000000088,100031,100,100010,100,100032,100,100004,100,100033,100,99984,100,100037,100,99958,100,100038,100,99948,100,100053,100,99947,100,100054,100,99944,100,100069,100,99939,100,100082,100,99936,100,100085,100,99930,100
2019-06-28 09:30:00.000000090,100031,100,100010,100,100032,100,100004,100,100033,100,99984,100,100037,100,99958,200,100038,100,99948,100,100053,100,99947,100,100054,100,99944,100,100069,100,99939,100,100082,100,99936,100,100085,100,99930,100
2019-06-28 09:30:00.000000092,100031,100,100010,100,100032,100,100004,100,100033,100,99984,100,100037,100,99958,200,100038,100,99948,100,100053,100,99947,100,100054,100,99944,100,100069,100,99939,100,100082,100,99936,100,100085,100,99930,100
2019-06-28 09:30:00.000000094,100024,100,100010,100,100031,100,100004,100,100032,100,99984,100,100033,100,99958,200,100037,100,99948,100,100038,100,99947,100,100053,100,99944,100,100054,100,99939,100,100069,100,99936,100,100082,100,99930,100
2019-06-28 09:30:00.000000095,100024,100,100010,100,100031,100,100004,100,100032,100,99984,100,100033,100,99958,200,100037,100,99948,100,100038,100,99947,100,100053,100,99944,100,100054,100,99939,100,100069,100,99936,100,100082,100,99930,100
2019-06-28 09:30:00.000000096,100024,100,100010,100,100031,100,100004,100,100032,100,99984,100,100033,100,99958,200,100037,100,99948,100,100038,100,99947,100,100053,100,99944,100,100054,100,99939,100,100069,100,99936,100,100082,100,99930,100
2019-06-28 09:30:00.000000098,100024,200,100010,100,100031,100,100004,100,100032,100,99984,100,100033,100,99958,200,100037,100,99948,100,100038,100,99947,200,100053,100,99944,100,100054,100,99939,100,100069,100,99936,100,100082,100,99930,100
2019-06-28 09:30:10.000000000,100024,330,100010,230,100031,226,100004,226,100032,226,99984,226,100033,100,99958,200,100037,100,99948,100,100038,100,99947,200,100053,100,99944,100,100054,100,99939,100,100069,100,99936,100,100082,100,99930,100
2019-06-28 09:30:20.000000000,100024,276,100010,176,100031,176,100004,176,100032,176,99984,176,100033,176,99958,276,100037,176,99948,176,100038,100,99947,200,100053,100,99944,100,100054,100,99939,100,100069,100,99936,100,100082,100,99930,100
2019-06-28 09:30:30.000000000,100024,330,100010,230,100031,226,100004,226,100032,226,99984,226,100033,100,99958,200,100037,100,99948,100,100038,100,99947,200,100053,100,99944,100,100054,100,99939,100,100069,100,99936,100,100082,100,99930,100
2019-06-28 09:30:40.000000000,100024,296,100010,196,100031,196,100004,196,100032,196,99984,196,100033,196,99958,296,100037,100,99948,100,100038,100,99947,200,100053,100,99944,100,100054,100,99939,100,100069,100,99936,100,100082,100,99930,100
2019-06-28 09:30:50.000000000,100024,391,100010,291,100031,291,100004,291,100032,100,99984,100,100033,100,99958,200,100037,100,99948,100,100038,100,99947,200,100053,100,99944,100,100054,100,99939,100,100069,100,99936,100,100082,100,99930,100
2019-06-28 09:31:00.000000000,100024,330,100010,230,100031,226,100004,226,100032,226,99984,226,100033,100,99958,200,100037,100,99948,100,100038,100,99947,200,100053,100,99944,100,100054,100,99939,100,100069,100,99936,100,100082,100,99930,100
2019-06-28 09:31:06.036577965,100024,330,100010,230,100031,226,100004,226,100032,226,99984,226,100033,100,99958,200,100037,100,99948,100,100038,100,99947,200,100053,100,99944,100,100054,100,99939,100,100069,100,99936,100,100082,100,99930,100
2019-06-28 09:31:07.254936381,100024,230,100010,230,100031,226,100004,226,100032,226,99984,226,100033,100,99958,200,100037,100,99948,100,100038,100,99947,200,100053,100,99944,100,100054,100,99939,100,100069,100,99936,100,100082,100,99930,100
2019-06-28 09:31:10.000000000,100024,230,100010,230,100031,226,100004,226,100032,226,99984,226,100033,100,99958,200,100037,100,99948,100,100038,100,99947,200,100053,100,99944,100,100054,100,99939,100,100069,100,99936,100,100082,100,99930,100
2019-06-28 09:31:20.000000000,100024,291,100010,291,100031,291,100004,291,100032,100,99984,100,100033,100,99958,200,100037,100,99948,100,100038,100,99947,200,100053,100,99944,100,100054,100,99939,100,100069,100,99936,100,100082,100,99930,100
2019-06-28 09:31:30.000000000,100024,230,100010,230,100031,226,100004,226,100032,226,99984,226,100033,100,99958,200,100037,100,99948,100,100038,100,99947,200,100053,100,99944,100,100054,100,99939,100,100069,100,99936,100,100082,100,99930,100
2019-06-28 09:31:40.000000000,100024,196,100010,196,100031,196,100004,196,100032,196,99984,196,100033,196,99958,296,100037,100,99948,100,100038,100,99947,200,100053,100,99944,100,100054,100,99939,100,100069,100,99936,100,100082,100,99930,100
2019-06-28 09:31:50.000000000,100024,230,100010,230,100031,226,100004,226,100032,226,99984,226,100033,100,99958,200,100037,100,99948,100,100038,100,99947,200,100053,100,99944,100,100054,100,99939,100,100069,100,99936,100,100082,100,99930,100
2019-06-28 09:32:00.000000000,100024,482,100010,482,100031,100,100004,100,100032,100,99984,100,100033,100,99958,200,100037,100,99948,100,100038,100,99947,200,100053,100,99944,100,100054,100,99939,100,100069,100,99936,100,100082,100,99930,100
2019-06-28 09:32:10.000000000,100024,230,100010,230,100031,226,100004,226,100032,226,99984,226,100033,100,99958,200,100037,100,99948,100,100038,100,99947,200,100053,100,99944,100,100054,100,99939,100,100069,100,99936,100,100082,100,99930,100
2019-06-28 09:32:20.000000000,100024,482,100010,482,100031,100,100004,100,100032,100,99984,100,100033,100,99958,200,100037,100,99948,100,100038,100,99947,200,100053,100,99944,100,100054,100,99939,100,100069,100,99936,100,100082,100,99930,100
2019-06-28 09:32:25.789764021,100024,382,100010,482,100031,100,100004,100,100032,100,99984,100,100033,100,99958,200,100037,100,99948,100,100038,100,99947,100,100053,100,99944,100,100054,100,99939,100,100069,100,99936,100,100082,100,99930,100
2019-06-28 09:32:30.000000000,100031,196,100010,196,100032,196,100004,196,100033,196,99984,196,100037,196,99958,296,100038,100,99948,100,100053,100,99947,100,100054,100,99944,100,100069,100,99939,100,100082,100,99936,100,100085,100,99930,100
2019-06-28 09:32:37.827735413,100031,196,100010,196,100032,196,100004,196,100033,196,99984,196,100037,196,99958,296,100038,100,99948,100,100053,100,99947,100,100054,100,99944,100,100069,100,99939,100,100082,100,99936,100,100085,100,99930,100
2019-06-28 09:32:40.000000000,100031,176,100010,176,100032,176,100004,176,100033,176,99984,176,100037,176,99958,276,100038,176,99948,176,100053,100,99947,100,100054,100,99944,100,100069,100,99939,100,100082,100,99936,100,100085,100,99930,100
2019-06-28 09:32:50.000000000,100031,196,100010,196,100032,196,100004,196,100033,196,99984,196,100037,196,99958,296,100038,100,99948,100,100053,100,99947,100,100054,100,99944,100,100069,100,99939,100,100082,100,99936,100,100085,100,99930,100
2019-06-28 09:32:54.836138792,100031,196,100010,196,100032,196,100004,196,100033,196,99984,196,100037,196,99958,296,100038,100,99948,100,100053,100,99947,100,100069,100,99944,100,100082,100,99939,100,100085,100,99936,100,100090,100,99930,100
2019-06-28 09:33:00.000000000,100031,291,100010,291,100032,291,100004,291,100033,100,99984,100,100037,100,99958,200,100038,100,99948,100,100053,100,99947,100,100069,100,99944,100,100082,100,99939,100,100085,100,99936,100,100090,100,99930,100
2019-06-28 09:33:10.000000000,100031,482,100010,482,100032,100,100004,100,100033,100,99984,100,100037,100,99958,200,100038,100,99948,100,100053,100,99947,100,100069,100,99944,100,100082,100,99939,100,100085,100,99936,100,100090,100,99930,100
2019-06-28 09:33:13.840114867,100031,482,100010,482,100032,100,100004,100,100033,100,99984,100,100037,100,99958,200,100038,100,99948,100,100053,100,99947,100,100069,100,99944,100,100082,100,99939,100,100085,100,99930,100,100090,100,99921,100
2019-06-28 09:33:20.000000000,100031,291,100010,291,100032,291,100004,291,100033,100,99984,100,100037,100,99958,200,100038,100,99948,100,100053,100,99947,100,100069,100,99944,100,100082,100,99939,100,100085,100,99930,100,100090,100,99921,100
2019-06-28 09:33:30.000000000,100031,196,100010,196,100032,196,100004,196,100033,196,99984,196,100037,196,99958,296,100038,100,99948,100,100053,100,99947,100,100069,100,99944,100,100082,100,99939,100,100085,100,99930,100,100090,100,99921,100
2019-06-28 09:33:32.406030110,100031,196,100010,196,100032,196,100004,196,100033,196,99984,196,100037,196,99958,296,100038,100,99948,100,100053,100,99947,100,100069,100,99939,100,100082,100,99930,100,100085,100,99921,100,100090,100,99904,100
2019-06-28 09:33:32.754776038,100031,196,100010,196,100032,196,100004,196,100033,196,99984,196,100037,196,99958,296,100038,100,99948,100,100053,100,99947,100,100069,100,99939,100,100082,100,99930,100,100085,100,99921,100,100090,100,99904,100
2019-06-28 09:33:34.242015998,100031,196,100010,196,100032,196,100004,196,100033,196,99984,196,100037,196,99958,296,100038,100,99948,100,100053,100,99947,100,100069,100,99939,100,100082,100,99930,100,100085,100,99921,100,100090,100,99904,100
2019-06-28 09:33:37.907720541,100031,196,100011,100,100032,196,100010,196,100033,196,100004,196,100037,196,99984,196,100038,100,99958,296,100053,100,99948,100,100069,100,99947,100,100082,100,99939,100,100085,100,99930,100,100090,100,99921,100
2019-06-28 09:33:40.000000000,100031,176,100011,176,100032,176,100010,176,100033,176,100004,176,100037,176,99984,176,100038,176,99958,276,100053,100,99948,100,100069,100,99947,100,100082,100,99939,100,100085,100,99930,100,100090,100,99921,100
2019-06-28 09:33:50.000000000,100031,230,100011,230,100032,226,100010,226,100033,226,100004,226,100037,100,99984,100,100038,100,99958,200,100053,100,99948,100,100069,100,99947,100,100082,100,99939,100,100085,100,99930,100,100090,100,99921,100
2019-06-28 09:34:00.000000000,100031,176,100011,176,100032,176,100010,176,100033,176,100004,176,100037,176,99984,176,100038,176,99958,276,100053,100,99948,100,100069,100,99947,100,100082,100,99939,100,100085,100,99930,100,100090,100,99921,100
2019-06-28 09:34:00.595277341,100031,176,100011,176,100032,176,100010,176,100033,176,100004,176,100037,176,99984,176,100038,176,99958,276,100053,100,99948,100,100069,100,99947,100,100082,100,99939,100,100085,100,99930,100,100090,100,99921,100
2019-06-28 09:34:10.000000000,100031,291,100011,291,100032,291,100010,291,100033,100,100004,100,100037,100,99984,100,100038,100,99958,200,100053,100,99948,100,100069,100,99947,100,100082,100,99939,100,100085,100,99930,100,100090,100,99921,100
2019-06-28 09:34:10.016878182,100031,291,100011,291,100032,191,100010,291,100033,100,100004,100,100037,100,99984,100,100038,100,99958,200,100053,100,99948,100,100069,100,99947,100,100082,100,99939,100,100085,100,99930,100,100090,100,99921,100
2019-06-28 09:34:20.000000000,100031,196,100011,196,100033,196,100010,196,100037,196,100004,196,100038,196,99984,196,100053,100,99958,200,100069,100,99948,100,100082,100,99947,100,100085,100,99939,100,100090,100,99930,100,100091,100,99921,100
2019-06-28 09:34:22.032430369,100031,96,100011,196,100033,196,100010,196,100037,196,100004,196,100038,196,99984,196,100053,100,99958,200,100069,100,99948,100,100082,100,99947,100,100085,100,99939,100,100090,100,99921,100,100091,100,99904,100
2019-06-28 09:34:30.000000000,100033,196,100011,196,100037,196,100010,196,100038,196,100004,196,100053,196,99984,196,100069,100,99958,200,100082,100,99948,100,100085,100,99947,100,100090,100,99939,100,100091,100,99921,100,100101,100,99904,100
2019-06-28 09:34:40.000000000,100033,482,100011,482,100037,100,100010,100,100038,100,100004,100,100053,100,99984,100,100069,100,99958,200,100082,100,99948,100,100085,100,99947,100,100090,100,99939,100,100091,100,99921,100,100101,100,99904,100
2019-06-28 09:34:50.000000000,100033,482,100011,482,100037,100,100010,100,100038,100,100004,100,100053,100,99984,100,100069,100,99958,200,100082,100,99948,100,100085,100,99947,100,100090,100,99939,100,100091,100,99921,100,100101,100,99904,100
2019-06-28 09:34:56.529693895,100033,482,100024,100,100037,100,100011,482,100038,100,100010,100,100053,100,100004,100,100069,100,99984,100,100082,100,99958,200,100085,100,99948,100,100090,100,99947,100,100091,100,99939,100,100101,100,99921,100
2019-06-28 09:35:00.000000000,100033,176,100024,176,100037,176,100011,176,100038,176,100010,176,100053,176,100004,176,100069,176,99984,176,100082,100,99958,200,100085,100,99948,100,100090,100,99947,100,100091,100,99939,100,100101,100,99921,100
2019-06-28 09:35:01.259626724,100033,76,100024,176,100037,176,100011,176,100038,176,100010,176,100053,176,100004,176,100069,176,99984,176,100082,100,99958,200,100085,100,99948,100,100090,100,99947,100,100091,100,99939,100,100101,100,99921,100
2019-06-28 09:35:10.000000000,100037,176,100024,176,100038,176,100011,176,100053,176,100010,176,100069,176,100004,176,100082,176,99984,176,100085,100,99958,200,100090,100,99948,100,100091,100,99947,100,100101,100,99939,100,100108,100,99921,100
2019-06-28 09:35:20.000000000,100037,291,100024,291,100038,291,100011,291,100053,100,100010,100,100069,100,100004,100,100082,100,99984,100,100085,100,99958,200,100090,100,99948,100,100091,100,99947,100,100101,100,99939,100,100108,100,99921,100
2019-06-28 09:35:28.675498360,100037,191,100024,291,100038,291,100011,291,100053,100,100010,100,100069,100,100004,100,100082,100,99984,100,100085,100,99958,200,100090,100,99948,100,100091,100,99947,100,100101,100,99939,100,100108,100,99921,100
2019-06-28 09:35:30.000000000,100038,196,100024,196,100053,196,100011,196,100069,196,100010,196,100082,196,100004,196,100085,100,99984,100,100090,100,99958,200,100091,100,99948,100,100101,100,99947,100,100108,100,99939,100,100116,200,99921,100
2019-06-28 09:35:32.857732214,100038,196,100024,196,100053,196,100011,196,100069,196,100010,196,100082,196,100004,196,100085,100,99984,100,100090,100,99958,100,100091,100,99948,100,100101,100,99947,100,100108,100,99939,100,100116,200,99921,100
2019-06-28 09:35:40.000000000,100038,196,100024,196,100053,196,100011,196,100069,196,100010,196,100082,196,100004,196,100085,100,99984,100,100090,100,99958,100,100091,100,99948,100,100101,100,99947,100,100108,100,99939,100,100116,200,99921,100
2019-06-28 09:35:50.000000000,100038,482,100024,482,100053,100,100011,100,100069,100,100010,100,100082,100,100004,100,100085,100,99984,100,100090,100,99958,100,100091,100,99948,100,100101,100,99947,100,100108,100,99939,100,100116,200,99921,100
2019-06-28 09:36:00.000000000,100038,176,100024,176,100053,176,100011,176,100069,176,100010,176,100082,176,100004,176,100085,176,99984,176,100090,100,99958,100,100091,100,99948,100,100101,100,99947,100,100108,100,99939,100,100116,200,99921,100
2019-06-28 09:36:10.000000000,100038,482,100024,482,100053,100,100011,100,100069,100,100010,100,100082,100,100004,100,100085,100,99984,100,100090,100,99958,100,100091,100,99948,100,100101,100,99947,100,100108,100,99939,100,100116,200,99921,100
2019-06-28 09:36:20.000000000,100038,196,100024,196,100053,196,100011,196,100069,196,100010,196,100082,196,100004,196,100085,100,99984,100,100090,100,99958,100,100091,100,99948,100,100101,100,99947,100,100108,100,99939,100,100116,200,99921,100
2019-06-28 09:36:30.000000000,100038,482,100024,482,100053,100,100011,100,100069,100,100010,100,100082,100,100004,100,100085,100,99984,100,100090,100,99958,100,100091,100,99948,100,100101,100,99947,100,100108,100,99939,100,100116,200,99921,100
2019-06-28 09:36:40.000000000,100038,176,100024,176,100053,176,100011,176,100069,176,100010,176,100082,176,100004,176,100085,176,99984,176,100090,100,99958,100,100091,100,99948,100,100101,100,99947,100,100108,100,99939,100,100116,200,99921,100
2019-06-28 09:36:45.716372678,100038,176,100024,76,100053,176,100011,176,100069,176,100010,176,100082,176,100004,176,100085,176,99984,176,100090,100,99958,100,100091,100,99948,100,100101,100,99947,100,100108,100,99939,100,100116,200,99921,100
2019-06-28 09:36:48.225649049,100024,24,100011,176,100038,176,100010,176,100053,176,100004,176,100069,176,99984,176,100082,176,99958,100,100085,176,99948,100,100090,100,99947,100,100091,100,99939,100,100101,100,99921,100,100108,100,99904,100
2019-06-28 09:36:50.000000000,100024,406,100011,482,100038,100,100010,100,100053,100,100004,100,100069,100,99984,100,100082,100,99958,100,100085,100,99948,100,100090,100,99947,100,100091,100,99939,100,100101,100,99921,100,100108,100,99904,100
2019-06-28 09:37:00.000000000,100024,154,100011,230,100038,226,100010,226,100053,226,100004,226,100069,100,99984,100,100082,100,99958,100,100085,100,99948,100,100090,100,99947,100,100091,100,99939,100,100101,100,99921,100,100108,100,99904,100
2019-06-28 09:37:10.000000000,100024,215,100011,291,100038,291,100010,291,100053,100,100004,100,100069,100,99984,100,100082,100,99958,100,100085,100,99948,100,100090,100,99947,100,100091,100,99939,100,100101,100,99921,100,100108,100,99904,100
2019-06-28 09:37:20.000000000,100024,100,100011,176,100038,176,100010,176,100053,176,100004,176,100069,176,99984,176,100082,176,99958,176,100085,100,99948,100,100090,100,99947,100,100091,100,99939,100,100101,100,99921,100,100108,100,99904,100
2019-06-28 09:37:30.000000000,100024,100,100011,176,100038,176,100010,176,100053,176,100004,176,100069,176,99984,176,100082,176,99958,176,100085,100,99948,100,100090,100,99947,100,100091,100,99939,100,100101,100,99921,100,100108,100,99904,100
2019-06-28 09:37:40.000000000,100024,100,100011,176,100038,176,100010,176,100053,176,100004,176,100069,176,99984,176,100082,176,99958,176,100085,100,99948,100,100090,100,99947,100,100091,100,99939,100,100101,100,99921,100,100108,100,99904,100
2019-06-28 09:37:45.765165108,100024,100,100011,176,100038,176,100010,176,100053,176,100004,176,100069,176,99984,176,100082,176,99958,176,100090,100,99948,100,100091,100,99947,100,100101,100,99939,100,100108,100,99921,100,100116,200,99904,100
2019-06-28 09:37:50.000000000,100024,100,100011,176,100038,176,100010,176,100053,176,100004,176,100069,176,99984,176,100082,176,99958,176,100090,100,99948,100,100091,100,99947,100,100101,100,99939,100,100108,100,99921,100,100116,200,99904,100
2019-06-28 09:37:55.297498738,100024,100,100011,176,100038,176,100010,176,100053,176,100004,176,100069,176,99984,176,100082,176,99958,176,100090,100,99948,100,100091,100,99947,100,100101,100,99939,100,100108,100,99921,100,100116,200,99904,100
2019-06-28 09:37:57.517794095,100024,100,100011,76,100038,176,100010,176,100053,176,100004,176,100069,176,99984,76,100082,176,99958,176,100090,100,99948,100,100091,100,99947,100,100101,100,99939,100,100108,100,99921,100,100116,200,99904,100
2019-06-28 09:38:00.000000000,100024,215,100010,291,100038,291,100004,291,100053,100,99958,100,100069,100,99948,100,100082,100,99947,100,100090,100,99939,100,100091,100,99921,100,100101,100,99904,100,100108,100,99890,100,100116,200,99888,100
2019-06-28 09:38:04.693290500,100024,215,100010,291,100038,291,100004,291,100053,100,99958,100,100069,100,99948,100,100082,100,99947,100,100090,100,99939,100,100091,100,99921,100,100108,100,99904,100,100116,200,99890,100,100117,100,99888,100
2019-06-28 09:38:10.000000000,100024,120,100010,196,100038,196,100004,196,100053,196,99958,196,100069,196,99948,196,100082,100,99947,100,100090,100,99939,100,100091,100,99921,100,100108,100,99904,100,100116,200,99890,100,100117,100,99888,100
2019-06-28 09:38:13.461191100,100024,120,100010,96,100038,196,100004,196,100053,196,99958,196,100069,196,99948,196,100082,100,99947,100,100090,100,99939,100,100091,100,99921,100,100108,100,99904,100,100116,200,99890,100,100117,100,99888,100
2019-06-28 09:38:20.000000000,100024,215,100004,291,100038,291,99958,291,100053,100,99948,100,100069,100,99947,100,100082,100,99939,100,100090,100,99921,100,100091,100,99904,100,100108,100,99890,100,100116,200,99888,100,100117,100,99880,100
2019-06-28 09:38:22.523723401,100024,215,100004,291,100038,291,99958,291,100053,100,99948,100,100069,100,99947,100,100082,100,99939,100,100090,100,99921,100,100091,100,99904,100,100108,100,99890,100,100116,200,99888,100,100117,100,99880,100
2019-06-28 09:38:30.000000000,100024,120,100004,196,100038,196,99958,196,100053,196,99948,196,100069,196,99947,196,100082,100,99939,100,100090,100,99921,100,100091,100,99904,100,100108,100,99890,100,100116,200,99888,100,100117,100,99880,100
2019-06-28 09:38:39.403637229,100024,120,100004,196,100038,196,99958,196,100053,196,99948,196,100069,196,99947,196,100082,100,99939,100,100090,100,99921,100,100091,100,99904,100,100108,100,99890,100,100116,200,99888,100,100117,100,99880,100
2019-06-28 09:38:40.000000000,100024,100,100004,176,100038,176,99958,176,100053,176,99948,176,100069,176,99947,176,100082,176,99939,176,100090,100,99921,100,100091,100,99904,100,100108,100,99890,100,100116,200,99888,100,100117,100,99880,100
2019-06-28 09:38:47.504460704,100024,100,100004,176,100038,176,99958,176,100053,176,99948,176,100069,176,99947,176,100082,176,99939,176,100090,100,99921,100,100108,100,99904,100,100116,200,99890,100,100117,100,99888,100,100136,100,99880,100
2019-06-28 09:38:50.000000000,100024,215,100004,291,100038,291,99958,291,100053,100,99948,100,100069,100,99947,100,100082,100,99939,100,100090,100,99921,100,100108,100,99904,100,100116,200,99890,100,100117,100,99888,100,100136,100,99880,100
2019-06-28 09:38:53.824154379,100024,215,100004,291,100038,291,99958,291,100053,100,99948,100,100069,100,99947,100,100082,100,99939,100,100090,100,99921,100,100108,100,99890,100,100116,200,99888,100,100117,100,99880,100,100136,100,99878,100
2019-06-28 09:39:00.000000000,100024,215,100004,291,100038,291,99958,291,100053,100,99948,100,100069,100,99947,100,100082,100,99939,100,100090,100,99921,100,100108,100,99890,100,100116,200,99888,100,100117,100,99880,100,100136,100,99878,100
2019-06-28 09:39:10.000000000,100024,406,100004,482,100038,100,99958,100,100053,100,99948,100,100069,100,99947,100,100082,100,99939,100,100090,100,99921,100,100108,100,99890,100,100116,200,99888,100,100117,100,99880,100,100136,100,99878,100
2019-06-28 09:39:11.853705512,100024,406,100004,382,100038,100,99958,100,100053,100,99948,100,100069,100,99947,100,100082,100,99939,100,100090,100,99921,100,100108,100,99890,100,100116,200,99888,100,100117,100,99880,100,100136,100,99878,100
2019-06-28 09:39:17.586688950,100024,406,100004,382,100038,100,99958,100,100053,100,99948,100,100069,100,99947,100,100082,100,99939,100,100090,100,99921,100,100108,100,99890,100,100116,200,99888,100,100117,100,99880,100,100136,100,99878,100
2019-06-28 09:39:20.000000000,100024,120,99958,196,100038,196,99948,196,100053,196,99947,196,100069,196,99939,196,100082,100,99921,100,100090,100,99890,100,100108,100,99888,100,100116,200,99880,100,100117,100,99878,100,100136,100,99874,100
2019-06-28 09:39:30.000000000,100024,120,99958,196,100038,196,99948,196,100053,196,99947,196,100069,196,99939,196,100082,100,99921,100,100090,100,99890,100,100108,100,99888,100,100116,200,99880,100,100117,100,99878,100,100136,100,99874,100
2019-06-28 09:39:39.271137023,100024,120,99958,196,100038,196,99948,196,100053,196,99947,196,100058,100,99939,196,100069,196,99921,100,100090,100,99890,100,100108,100,99888,100,100116,200,99880,100,100117,100,99878,100,100136,100,99874,100
2019-06-28 09:39:40.000000000,100024,120,99958,196,100038,196,99948,196,100053,196,99947,196,100058,196,99939,196,100069,100,99921,100,100090,100,99890,100,100108,100,99888,100,100116,200,99880,100,100117,100,99878,100,100136,100,99874,100
2019-06-28 09:39:40.734317245,100024,120,99958,196,100038,196,99948,196,100053,196,99947,196,100058,196,99939,196,100069,100,99921,100,100079,100,99890,100,100090,100,99888,100,100108,100,99880,100,100116,200,99878,100,100117,100,99874,100
2019-06-28 09:39:42.567482431,100038,196,100024,4,100053,196,99958,196,100058,196,99948,196,100069,100,99947,196,100079,100,99939,196,100090,100,99921,100,100108,100,99890,100,100116,200,99888,100,100117,100,99880,100,100136,100,99878,100
2019-06-28 09:39:50.000000000,100038,176,100024,80,100053,176,99958,176,100058,176,99948,176,100069,176,99947,176,100079,176,99939,176,100090,100,99921,100,100108,100,99890,100,100116,200,99888,100,100117,100,99880,100,100136,100,99878,100
2019-06-28 09:40:00.000000000,100038,482,100024,386,100053,100,99958,100,100058,100,99948,100,100069,100,99947,100,100079,100,99939,100,100090,100,99921,100,100108,100,99890,100,100116,200,99888,100,100117,100,99880,100,100136,100,99878,100
2019-06-28 09:40:02.185116493,100038,482,100024,386,100053,100,99958,100,100058,100,99948,100,100069,100,99947,100,100079,100,99921,100,100090,100,99890,100,100108,100,99888,100,100116,200,99880,100,100117,100,99878,100,100136,100,99874,100
2019-06-28 09:40:03.504788799,100038,382,100024,386,100053,100,99958,100,100058,100,99948,100,100069,100,99947,100,100079,100,99921,100,100090,100,99890,100,100108,100,99888,100,100116,200,99880,100,100117,100,99878,100,100136,100,99874,100
2019-06-28 09:40:08.546257360,100038,282,100024,386,100053,100,99958,100,100058,100,99948,100,100069,100,99947,100,100079,100,99921,100,100090,100,99890,100,100116,200,99888,100,100117,100,99880,100,100136,100,99878,100,100398,100,99874,100
2019-06-28 09:40:10.000000000,100053,230,100024,134,100058,226,99958,226,100069,226,99948,226,100079,100,99947,100,100090,100,99921,100,100116,200,99890,100,100117,100,99888,100,100136,100,99880,100,100398,100,99878,100,100451,200,99874,100
2019-06-28 09:40:14.611484987,100053,230,100024,134,100058,226,99958,226,100069,226,99948,226,100079,100,99947,100,100090,100,99921,100,100116,200,99890,100,100117,100,99888,100,100319,100,99880,100,100398,100,99878,100,100451,200,99874,100
2019-06-28 09:40:20.000000000,100053,196,100024,100,100058,196,99958,196,100069,196,99948,196,100079,196,99947,196,100090,100,99921,100,100116,200,99890,100,100117,100,99888,100,100319,100,99880,100,100398,100,99878,100,100451,200,99874,100
2019-06-28 09:40:30.000000000,100053,482,100024,386,100058,100,99958,100,100069,100,99948,100,100079,100,99947,100,100090,100,99921,100,100116,200,99890,100,100117,100,99888,100,100319,100,99880,100,100398,100,99878,100,100451,200,99874,100
2019-06-28 09:40:34.231560901,100053,482,100024,286,100058,100,99958,100,100069,100,99948,100,100079,100,99921,100,100090,100,99890,100,100116,200,99888,100,100117,100,99880,100,100319,100,99878,100,100398,100,99874,100,100451,200,99803,100
2019-06-28 09:40:40.000000000,100053,291,99958,291,100058,291,99948,291,100069,100,99921,100,100079,100,99890,100,100090,100,99888,100,100116,200,99880,100,100117,100,99878,100,100319,100,99874,100,100398,100,99803,100,100451,200,99778,100
2019-06-28 09:40:50.000000000,100053,482,99958,482,100058,100,99948,100,100069,100,99921,100,100079,100,99890,100,100090,100,99888,100,100116,200,99880,100,100117,100,99878,100,100319,100,99874,100,100398,100,99803,100,100451,200,99778,100
2019-06-28 09:40:52.363110700,100053,382,99958,482,100058,100,99948,100,100069,100,99921,100,100079,100,99890,100,100090,100,99888,100,100116,200,99880,100,100117,100,99878,100,100319,100,99874,100,100398,100,99803,100,100451,200,99778,100
2019-06-28 09:41:00.000000000,100058,482,99958,482,100069,100,99948,100,100079,100,99921,100,100090,100,99890,100,100116,200,99888,100,100117,100,99880,100,100319,100,99878,100,100398,100,99874,100,100451,200,99803,100,100457,100,99778,100
2019-06-28 09:41:10.000000000,100058,196,99958,196,100069,196,99948,196,100079,196,99921,196,100090,196,99890,196,100116,200,99888,100,100117,100,99880,100,100319,100,99878,100,100398,100,99874,100,100451,200,99803,100,100457,100,99778,100
2019-06-28 09:41:20.000000000,100058,482,99958,482,100069,100,99948,100,100079,100,99921,100,100090,100,99890,100,100116,200,99888,100,100117,100,99880,100,100319,100,99878,100,100398,100,99874,100,100451,200,99803,100,100457,100,99778,100
2019-06-28 09:41:30.000000000,100058,176,99958,176,100069,176,99948,176,100079,176,99921,176,100090,176,99890,176,100116,276,99888,176,100117,100,99880,100,100319,100,99878,100,100398,100,99874,100,100451,200,99803,100,100457,100,99778,100
2019-06-28 09:41:32.856155119,100058,176,100025,100,100069,176,99958,176,100079,176,99948,176,100090,176,99921,176,100116,276,99890,176,100117,100,99888,176,100319,100,99880,100,100398,100,99878,100,100451,200,99874,100,100457,100,99803,100
2019-06-28 09:41:34.143468612,100035,100,100025,100,100058,176,99958,176,100069,176,99948,176,100079,176,99921,176,100090,176,99890,176,100116,276,99888,76,100117,100,99880,100,100319,100,99878,100,100398,100,99874,100,100451,200,99803,100
2019-06-28 09:41:40.000000000,100035,176,100025,176,100058,176,99958,176,100069,176,99948,176,100079,176,99921,176,100090,176,99890,176,100116,200,99880,100,100117,100,99878,100,100319,100,99874,100,100398,100,99803,100,100451,200,99778,100
2019-06-28 09:41:45.222381051,100035,176,100025,176,100041,100,99958,176,100058,176,99948,176,100069,176,99921,176,100079,176,99890,176,100090,176,99880,100,100116,200,99878,100,100117,100,99874,100,100319,100,99803,100,100398,100,99778,100
2019-06-28 09:41:48.732072730,100035,176,100025,76,100041,100,99958,176,100058,176,99948,176,100069,176,99921,176,100079,176,99890,176,100090,176,99880,100,100116,200,99878,100,100117,100,99874,100,100319,100,99803,100,100398,100,99778,100
2019-06-28 09:41:50.000000000,100035,291,99958,291,100041,291,99948,291,100058,100,99921,100,100069,100,99890,100,100079,100,99880,100,100090,100,99878,100,100116,200,99874,100,100117,100,99803,100,100319,100,99778,100,100398,100,99690,100
2019-06-28 09:42:00.000000000,100035,176,99958,176,100041,176,99948,176,100058,176,99921,176,100069,176,99890,176,100079,176,99880,176,100090,100,99878,100,100116,200,99874,100,100117,100,99803,100,100319,100,99778,100,100398,100,99690,100
2019-06-28 09:42:00.160524624,100035,176,99958,176,100041,176,99948,176,100058,176,99921,176,100069,176,99890,176,100079,176,99880,176,100081,100,99878,100,100090,100,99803,100,100116,200,99778,100,100117,100,99690,100,100319,100,99591,100
2019-06-28 09:42:02.441355292,100035,176,99958,176,100041,176,99948,176,100058,176,99921,176,100069,176,99890,176,100079,176,99880,176,100081,100,99878,100,100090,100,99838,100,100116,200,99803,100,100117,100,99778,100,100319,100,99690,100
2019-06-28 09:42:10.000000000,100035,230,99958,230,100041,226,99948,226,100058,226,99921,226,100069,100,99890,100,100079,100,99880,100,100081,100,99878,100,100090,100,99838,100,100116,200,99803,100,100117,100,99778,100,100319,100,99690,100
2019-06-28 09:42:11.197522871,100035,230,99958,230,100041,226,99948,126,100058,226,99921,226,100069,100,99890,100,100079,100,99880,100,100081,100,99878,100,100090,100,99838,100,100111,100,99803,100,100116,200,99778,100,100117,100,99690,100
2019-06-28 09:42:13.253696083,100035,230,99958,230,100041,226,99948,126,100058,226,99921,226,100069,100,99890,100,100081,100,99880,100,100090,100,99878,100,100111,100,99838,100,100116,200,99830,100,100117,100,99803,100,100319,100,99778,100
2019-06-28 09:42:20.000000000,100035,482,99958,482,100041,100,99921,100,100058,100,99890,100,100069,100,99880,100,100081,100,99878,100,100090,100,99838,100,100111,100,99830,100,100116,200,99803,100,100117,100,99778,100,100319,100,99690,100
2019-06-28 09:42:30.000000000,100035,196,99958,196,100041,196,99921,196,100058,196,99890,196,100069,196,99880,196,100081,100,99878,100,100090,100,99838,100,100111,100,99830,100,100116,200,99803,100,100117,100,99778,100,100319,100,99690,100
2019-06-28 09:42:36.823821960,100035,196,99958,196,100041,196,99921,196,100058,196,99890,196,100069,196,99880,196,100081,100,99878,100,100090,100,99838,100,100116,200,99830,100,100117,100,99803,100,100319,100,99778,100,100398,100,99700,100
2019-06-28 09:42:40.000000000,100035,230,99958,230,100041,226,99921,226,100058,226,99890,226,100069,100,99880,100,100081,100,99878,100,100090,100,99838,100,100116,200,99830,100,100117,100,99803,100,100319,100,99778,100,100398,100,99700,100
2019-06-28 09:42:50.000000000,100035,196,99958,196,100041,196,99921,196,100058,196,99890,196,100069,196,99880,196,100081,100,99878,100,100090,100,99838,100,100116,200,99830,100,100117,100,99803,100,100319,100,99778,100,100398,100,99700,100
2019-06-28 09:43:00.000000000,100035,291,99958,291,100041,291,99921,291,100058,100,99890,100,100069,100,99880,100,100081,100,99878,100,100090,100,99838,100,100116,200,99830,100,100117,100,99803,100,100319,100,99778,100,100398,100,99700,100
2019-06-28 09:43:10.000000000,100035,230,99958,230,100041,226,99921,226,100058,226,99890,226,100069,100,99880,100,100081,100,99878,100,100090,100,99838,100,100116,200,99830,100,100117,100,99803,100,100319,100,99778,100,100398,100,99700,100
2019-06-28 09:43:10.889744685,100034,100,99958,230,100035,230,99921,226,100041,226,99890,226,100058,226,99880,100,100069,100,99878,100,100081,100,99838,100,100090,100,99830,100,100116,200,99803,100,100117,100,99778,100,100319,100,99700,100
2019-06-28 09:43:20.000000000,100034,176,99958,176,100035,176,99921,176,100041,176,99890,176,100058,176,99880,176,100069,176,99878,176,100081,100,99838,100,100090,100,99830,100,100116,200,99803,100,100117,100,99778,100,100319,100,99700,100
2019-06-28 09:43:30.000000000,100034,230,99958,230,100035,226,99921,226,100041,226,99890,226,100058,100,99880,100,100069,100,99878,100,100081,100,99838,100,100090,100,99830,100,100116,200,99803,100,100117,100,99778,100,100319,100,99700,100
2019-06-28 09:43:40.000000000,100034,291,99958,291,100035,291,99921,291,100041,100,99890,100,100058,100,99880,100,100069,100,99878,100,100081,100,99838,100,100090,100,99830,100,100116,200,99803,100,100117,100,99778,100,100319,100,99700,100
2019-06-28 09:43:50.000000000,100034,482,99958,482,100035,100,99921,100,100041,100,99890,100,100058,100,99880,100,100069,100,99878,100,100081,100,99838,100,100090,100,99830,100,100116,200,99803,100,100117,100,99778,100,100319,100,99700,100
2019-06-28 09:43:55.625826678,100034,382,99958,482,100035,100,99921,100,100041,100,99890,100,100058,100,99880,100,100069,100,99878,100,100081,100,99838,100,100090,100,99830,100,100116,200,99803,100,100117,100,99778,100,100319,100,99700,100
2019-06-28 09:44:00.000000000,100035,291,99958,291,100041,291,99921,291,100058,100,99890,100,100069,100,99880,100,100081,100,99878,100,100090,100,99838,100,100116,200,99830,100,100117,100,99803,100,100319,100,99778,100,100398,100,99700,100
2019-06-28 09:44:09.203141769,100035,291,99958,191,100041,291,99921,291,100058,100,99890,100,100069,100,99880,100,100081,100,99878,100,100090,100,99838,100,100116,200,99830,100,100319,100,99803,100,100398,100,99778,100,100451,200,99700,100
2019-06-28 09:44:10.000000000,100035,482,99921,482,100041,100,99890,100,100058,100,99880,100,100069,100,99878,100,100081,100,99838,100,100090,100,99830,100,100116,200,99803,100,100319,100,99778,100,100398,100,99700,100,100451,200,99690,100
2019-06-28 09:44:11.586149172,100025,100,99921,482,100035,482,99890,100,100041,100,99880,100,100058,100,99878,100,100069,100,99838,100,100081,100,99830,100,100090,100,99803,100,100116,200,99778,100,100319,100,99700,100,100398,100,99690,100
2019-06-28 09:44:20.000000000,100025,196,99921,196,100035,196,99890,196,100041,196,99880,196,100058,196,99878,196,100069,100,99838,100,100081,100,99830,100,100090,100,99803,100,100116,200,99778,100,100319,100,99700,100,100398,100,99690,100
2019-06-28 09:44:30.000000000,100025,482,99921,482,100035,100,99890,100,100041,100,99880,100,100058,100,99878,100,100069,100,99838,100,100081,100,99830,100,100090,100,99803,100,100116,200,99778,100,100319,100,99700,100,100398,100,99690,100
2019-06-28 09:44:32.442659655,100025,482,99921,382,100035,100,99890,100,100041,100,99880,100,100058,100,99878,100,100069,100,99838,100,100081,100,99830,100,100090,100,99803,100,100116,100,99778,100,100319,100,99700,100,100398,100,99690,100
2019-06-28 09:44:36.019732433,100025,482,99921,282,100035,100,99890,100,100041,100,99880,100,100058,100,99878,100,100069,100,99838,100,100081,100,99830,100,100090,100,99803,100,100116,100,99778,100,100319,100,99700,100,100398,100,99690,100
2019-06-28 09:44:38.793332156,100025,482,99921,182,100035,100,99890,100,100041,100,99880,100,100058,100,99878,100,100069,100,99838,100,100081,100,99830,100,100090,100,99803,100,100116,100,99778,100,100398,100,99700,100,100451,200,99690,100
2019-06-28 09:44:40.000000000,100025,176,99890,176,100035,176,99880,176,100041,176,99878,176,100058,176,99838,176,100069,176,99830,176,100081,100,99803,100,100090,100,99778,100,100116,100,99700,100,100398,100,99690,100,100451,200,99591,100
2019-06-28 09:44:50.000000000,100025,196,99890,196,100035,196,99880,196,100041,196,99878,196,100058,196,99838,196,100069,100,99830,100,100081,100,99803,100,100090,100,99778,100,100116,100,99700,100,100398,100,99690,100,100451,200,99591,100
2019-06-28 09:45:00.000000000,100025,176,99890,176,100035,176,99880,176,100041,176,99878,176,100058,176,99838,176,100069,176,99830,176,100081,100,99803,100,100090,100,99778,100,100116,100,99700,100,100398,100,99690,100,100451,200,99591,100
2019-06-28 09:45:10.000000000,100025,230,99890,230,100035,226,99880,226,100041,226,99878,226,100058,100,99838,100,100069,100,99830,100,100081,100,99803,100,100090,100,99778,100,100116,100,99700,100,100398,100,99690,100,100451,200,99591,100
2019-06-28 09:45:20.000000000,100025,482,99890,482,100035,100,99880,100,100041,100,99878,100,100058,100,99838,100,100069,100,99830,100,100081,100,99803,100,100090,100,99778,100,100116,100,99700,100,100398,100,99690,100,100451,200,99591,100
2019-06-28 09:45:25.222515798,100025,482,99890,382,100041,100,99880,100,100058,100,99878,100,100069,100,99838,100,100081,100,99830,100,100090,100,99803,100,100116,100,99778,100,100398,100,99700,100,100451,200,99690,100,100457,100,99591,100
2019-06-28 09:45:30.000000000,100025,230,99880,230,100041,226,99878,226,100058,226,99838,226,100069,100,99830,100,100081,100,99803,100,100090,100,99778,100,100116,100,99700,100,100398,100,99690,100,100451,200,99591,100,100457,100,99586,100
2019-06-28 09:45:40.000000000,100025,230,99880,230,100041,226,99878,226,100058,226,99838,226,100069,100,99830,100,100081,100,99803,100,100090,100,99778,100,100116,100,99700,100,100398,100,99690,100,100451,200,99591,100,100457,100,99586,100
2019-06-28 09:45:40.919724092,100005,100,99880,230,100025,230,99878,226,100041,226,99838,226,100058,226,99830,100,100069,100,99803,100,100081,100,99778,100,100090,100,99700,100,100116,100,99690,100,100398,100,99591,100,100451,200,99586,100
2019-06-28 09:45:50.000000000,100005,176,99880,176,100025,176,99878,176,100041,176,99838,176,100058,176,99830,176,100069,176,99803,176,100081,100,99778,100,100090,100,99700,100,100116,100,99690,100,100398,100,99591,100,100451,200,99586,100
2019-06-28 09:46:00.000000000,100005,291,99880,291,100025,291,99878,291,100041,100,99838,100,100058,100,99830,100,100069,100,99803,100,100081,100,99778,100,100090,100,99700,100,100116,100,99690,100,100398,100,99591,100,100451,200,99586,100
2019-06-28 09:46:10.000000000,100005,291,99880,291,100025,291,99878,291,100041,100,99838,100,100058,100,99830,100,100069,100,99803,100,100081,100,99778,100,100090,100,99700,100,100116,100,99690,100,100398,100,99591,100,100451,200,99586,100
2019-06-28 09:46:20.000000000,100005,291,99880,291,100025,291,99878,291,100041,100,99838,100,100058,100,99830,100,100069,100,99803,100,100081,100,99778,100,100090,100,99700,100,100116,100,99690,100,100398,100,99591,100,100451,200,99586,100
2019-06-28 09:46:30.000000000,100005,291,99880,291,100025,291,99878,291,100041,100,99838,100,100058,100,99830,100,100069,100,99803,100,100081,100,99778,100,100090,100,99700,100,100116,100,99690,100,100398,100,99591,100,100451,200,99586,100
2019-06-28 09:46:40.000000000,100005,196,99880,196,100025,196,99878,196,100041,196,99838,196,100058,196,99830,196,100069,100,99803,100,100081,100,99778,100,100090,100,99700,100,100116,100,99690,100,100398,100,99591,100,100451,200,99586,100
2019-06-28 09:46:47.625221299,100005,196,99880,96,100025,196,99878,196,100041,196,99838,196,100058,196,99830,196,100069,100,99803,100,100081,100,99778,100,100090,100,99700,100,100116,100,99690,100,100398,100,99591,100,100451,200,99586,100
2019-06-28 09:46:50.000000000,100005,196,99878,196,100025,196,99838,196,100041,196,99830,196,100058,196,99803,196,100069,100,99778,100,100081,100,99700,100,100090,100,99690,100,100116,100,99591,100,100398,100,99586,100,100451,200,99556,100
2019-06-28 09:47:00.000000000,100005,230,99878,230,100025,226,99838,226,100041,226,99830,226,100058,100,99803,100,100069,100,99778,100,100081,100,99700,100,100090,100,99690,100,100116,100,99591,100,100398,100,99586,100,100451,200,99556,100
2019-06-28 09:47:09.013354192,100005,230,99878,130,100025,226,99838,226,100041,126,99830,226,100058,100,99803,100,100069,100,99778,100,100081,100,99700,100,100090,100,99690,100,100116,100,99591,100,100398,100,99586,100,100451,200,99556,100
2019-06-28 09:47:10.000000000,100005,196,99838,196,100025,196,99830,196,100058,196,99803,196,100069,196,99778,196,100081,100,99700,100,100090,100,99690,100,100116,100,99591,100,100398,100,99586,100,100451,200,99556,100,100457,100,99553,100
2019-06-28 09:47:14.489118783,100005,196,99838,196,100025,196,99830,196,100058,196,99803,196,100069,196,99778,196,100081,100,99700,100,100090,100,99690,100,100116,100,99591,100,100398,100,99586,100,100451,200,99556,100,100457,100,99553,100
2019-06-28 09:47:20.000000000,100005,176,99838,176,100025,176,99830,176,100058,176,99803,176,100069,176,99778,176,100081,176,99700,176,100090,100,99690,100,100116,100,99591,100,100398,100,99586,100,100451,200,99556,100,100457,100,99553,100
2019-06-28 09:47:22.833841995,99890,100,99838,176,100005,176,99830,176,100025,176,99803,176,100058,176,99778,176,100069,176,99700,176,100081,176,99690,100,100090,100,99591,100,100116,100,99586,100,100398,100,99556,100,100451,200,99553,100
2019-06-28 09:47:26.204714108,99890,200,99838,176,100005,176,99830,176,100025,176,99803,176,100058,176,99778,176,100069,176,99700,176,100081,176,99690,100,100090,100,99591,100,100116,100,99586,100,100398,100,99556,100,100451,200,99553,100
2019-06-28 09:47:30.000000000,99890,582,99838,482,100005,100,99830,100,100025,100,99803,100,100058,100,99778,100,100069,100,99700,100,100081,100,99690,100,100090,100,99591,100,100116,100,99586,100,100398,100,99556,100,100451,200,99553,100
2019-06-28 09:47:40.000000000,99890,276,99838,176,100005,176,99830,176,100025,176,99803,176,100058,176,99778,176,100069,176,99700,176,100081,100,99690,100,100090,100,99591,100,100116,100,99586,100,100398,100,99556,100,100451,200,99553,100
2019-06-28 09:47:50.000000000,99890,582,99838,482,100005,100,99830,100,100025,100,99803,100,100058,100,99778,100,100069,100,99700,100,100081,100,99690,100,100090,100,99591,100,100116,100,99586,100,100398,100,99556,100,100451,200,99553,100
2019-06-28 09:48:00.000000000,99890,582,99838,482,100005,100,99830,100,100025,100,99803,100,100058,100,99778,100,100069,100,99700,100,100081,100,99690,100,100090,100,99591,100,100116,100,99586,100,100398,100,99556,100,100451,200,99553,100
2019-06-28 09:48:10.000000000,99890,296,99838,196,100005,196,99830,196,100025,196,99803,196,100058,196,99778,196,100069,100,99700,100,100081,100,99690,100,100090,100,99591,100,100116,100,99586,100,100398,100,99556,100,100451,200,99553,100
2019-06-28 09:48:17.948978970,99890,296,99838,96,100005,196,99830,196,100025,196,99803,196,100058,196,99778,196,100069,100,99700,100,100081,100,99690,100,100090,100,99591,100,100116,100,99586,100,100398,100,99556,100,100451,200,99553,100
2019-06-28 09:48:20.000000000,99890,296,99830,196,100005,196,99803,196,100025,196,99778,196,100058,196,99700,196,100069,100,99690,100,100081,100,99591,100,100090,100,99586,100,100116,100,99556,100,100398,100,99553,100,100451,200,99068,100
2019-06-28 09:48:26.711151904,99890,296,99830,196,100005,196,99803,196,100025,196,99778,196,100058,196,99763,100,100069,100,99700,196,100081,100,99690,100,100090,100,99591,100,100116,100,99586,100,100398,100,99556,100,100451,200,99553,100
2019-06-28 09:48:30.000000000,99890,582,99830,482,100005,100,99803,100,100025,100,99778,100,100058,100,99763,100,100069,100,99700,100,100081,100,99690,100,100090,100,99591,100,100116,100,99586,100,100398,100,99556,100,100451,200,99553,100
2019-06-28 09:48:31.520466151,99890,582,99830,482,100005,100,99803,100,100025,100,99778,100,100058,100,99763,100,100069,100,99700,100,100090,100,99690,100,100116,100,99591,100,100398,100,99586,100,100451,200,99556,100,100457,100,99553,100
2019-06-28 09:48:40.000000000,99890,330,99830,230,100005,226,99803,226,100025,226,99778,226,100058,100,99763,100,100069,100,99700,100,100090,100,99690,100,100116,100,99591,100,100398,100,99586,100,100451,200,99556,100,100457,100,99553,100
2019-06-28 09:48:41.116018844,99890,330,99830,230,100005,226,99803,226,100025,226,99778,226,100058,100,99763,100,100069,100,99690,100,100090,100,99591,100,100116,100,99586,100,100398,100,99562,100,100451,200,99556,100,100457,100,99553,100
2019-06-28 09:48:50.000000000,99890,330,99830,230,100005,226,99803,226,100025,226,99778,226,100058,100,99763,100,100069,100,99690,100,100090,100,99591,100,100116,100,99586,100,100398,100,99562,100,100451,200,99556,100,100457,100,99553,100
2019-06-28 09:49:00.000000000,99890,391,99830,291,100005,291,99803,291,100025,100,99778,100,100058,100,99763,100,100069,100,99690,100,100090,100,99591,100,100116,100,99586,100,100398,100,99562,100,100451,200,99556,100,100457,100,99553,100
2019-06-28 09:49:10.000000000,99890,296,99830,196,100005,196,99803,196,100025,196,99778,196,100058,196,99763,196,100069,100,99690,100,100090,100,99591,100,100116,100,99586,100,100398,100,99562,100,100451,200,99556,100,100457,100,99553,100
2019-06-28 09:49:20.000000000,99890,582,99830,482,100005,100,99803,100,100025,100,99778,100,100058,100,99763,100,100069,100,99690,100,100090,100,99591,100,100116,100,99586,100,100398,100,99562,100,100451,200,99556,100,100457,100,99553,100
2019-06-28 09:49:27.315515532,99890,582,99830,382,100005,100,99803,100,100025,100,99778,100,100058,100,99763,100,100069,100,99690,100,100090,100,99591,100,100116,100,99586,100,100398,100,99562,100,100451,200,99556,100,100457,100,99553,100
2019-06-28 09:49:28.484957879,99890,582,99830,382,100005,100,99803,100,100025,100,99778,100,100058,100,99763,100,100069,100,99690,100,100090,100,99591,100,100116,100,99586,100,100398,100,99556,100,100451,200,99553,100,100457,100,99492,100
2019-06-28 09:49:30.000000000,99890,276,99803,176,100005,176,99778,176,100025,176,99763,176,100058,176,99690,176,100069,176,99591,176,100090,100,99586,100,100116,100,99556,100,100398,100,99553,100,100451,200,99492,100,100457,100,99446,100
2019-06-28 09:49:40.000000000,99890,330,99803,230,100005,226,99778,226,100025,226,99763,226,100058,100,99690,100,100069,100,99591,100,100090,100,99586,100,100116,100,99556,100,100398,100,99553,100,100451,200,99492,100,100457,100,99446,100
2019-06-28 09:49:50.000000000,99890,391,99803,291,100005,291,99778,291,100025,100,99763,100,100058,100,99690,100,100069,100,99591,100,100090,100,99586,100,100116,100,99556,100,100398,100,99553,100,100451,200,99492,100,100457,100,99446,100
2019-06-28 09:49:51.751338830,99838,100,99803,291,99890,391,99778,291,100005,291,99763,100,100025,100,99690,100,100058,100,99591,100,100069,100,99586,100,100090,100,99556,100,100116,100,99553,100,100398,100,99492,100,100451,200,99446,100
2019-06-28 09:50:00.000000000,99838,482,99803,482,99890,200,99778,100,100005,100,99763,100,100025,100,99690,100,100058,100,99591,100,100069,100,99586,100,100090,100,99556,100,100116,100,99553,100,100398,100,99492,100,100451,200,99446,100
2019-06-28 09:50:10.000000000,99838,176,99803,176,99890,276,99778,176,100005,176,99763,176,100025,176,99690,176,100058,176,99591,176,100069,100,99586,100,100090,100,99556,100,100116,100,99553,100,100398,100,99492,100,100451,200,99446,100
2019-06-28 09:50:11.080443126,99838,176,99803,76,99890,276,99778,176,100005,176,99763,176,100025,176,99690,176,100058,176,99591,176,100069,100,99586,100,100090,100,99556,100,100116,100,99553,100,100398,100,99492,100,100451,200,99446,100
2019-06-28 09:50:19.329517294,99838,176,99803,76,99890,276,99778,176,100005,176,99763,176,100025,176,99690,176,100058,176,99591,176,100069,100,99586,100,100090,100,99556,100,100116,100,99553,100,100398,100,99492,100,100451,200,99446,100
2019-06-28 09:50:20.000000000,99838,291,99778,291,99890,391,99763,291,100005,100,99690,100,100025,100,99591,100,100058,100,99586,100,100069,100,99556,100,100090,100,99553,100,100116,100,99492,100,100398,100,99446,100,100451,200,99217,100
2019-06-28 09:50:21.812264756,99838,291,99778,291,99890,391,99763,291,100005,100,99690,100,100025,100,99591,100,100058,100,99586,100,100069,100,99556,100,100090,100,99553,100,100398,100,99492,100,100451,200,99446,100,100457,100,99242,100
2019-06-28 09:50:30.000000000,99838,176,99778,176,99890,276,99763,176,100005,176,99690,176,100025,176,99591,176,100058,176,99586,176,100069,100,99556,100,100090,100,99553,100,100398,100,99492,100,100451,200,99446,100,100457,100,99242,100
2019-06-28 09:50:31.483188064,99838,176,99778,76,99890,276,99763,176,100005,176,99690,176,100025,176,99591,176,100058,176,99586,176,100069,100,99556,100,100090,100,99553,100,100398,100,99446,100,100451,200,99242,100,100457,100,99217,100
2019-06-28 09:50:40.000000000,99838,176,99763,176,99890,276,99690,176,100005,176,99591,176,100025,176,99586,176,100058,176,99556,176,100069,100,99553,100,100090,100,99446,100,100398,100,99242,100,100451,200,99217,100,100457,100,99009,100
2019-06-28 09:50:50.000000000,99838,291,99763,291,99890,391,99690,291,100005,100,99591,100,100025,100,99586,100,100058,100,99556,100,100069,100,99553,100,100090,100,99446,100,100398,100,99242,100,100451,200,99217,100,100457,100,99009,100
2019-06-28 09:51:00.000000000,99838,176,99763,176,99890,276,99690,176,100005,176,99591,176,100025,176,99586,176,100058,176,99556,176,100069,100,99553,100,100090,100,99446,100,100398,100,99242,100,100451,200,99217,100,100457,100,99009,100
2019-06-28 09:51:01.162766664,99838,176,99763,76,99890,276,99690,176,100005,176,99591,176,100025,176,99586,176,100058,176,99556,176,100069,100,99553,100,100090,100,99446,100,100398,100,99242,100,100451,200,99217,100,100457,100,99009,100
2019-06-28 09:51:10.000000000,99838,291,99690,291,99890,391,99591,291,100005,100,99586,100,100025,100,99556,100,100058,100,99553,100,100069,100,99446,100,100090,100,99242,100,100398,100,99217,100,100451,200,99009,100,100457,100,,
2019-06-28 09:51:15.303002296,99838,291,99690,191,99890,391,99591,191,100005,100,99586,100,100025,100,99556,100,100058,100,99553,100,100069,100,99446,100,100090,100,99242,100,100398,100,99217,100,100451,200,99009,100,100457,100,,
2019-06-28 09:51:20.000000000,99838,176,99586,176,99890,276,99556,176,100005,176,99553,176,100025,176,99446,176,100058,176,99242,176,100069,100,99217,100,100090,100,99009,100,100398,100,,,100451,200,,,100457,100,,
2019-06-28 09:51:30.000000000,99838,176,99586,176,99890,276,99556,176,100005,176,99553,176,100025,176,99446,176,100058,176,99242,176,100069,100,99217,100,100090,100,99009,100,100398,100,,,100451,200,,,100457,100,,
2019-06-28 09:51:40.000000000,99838,176,99586,176,99890,276,99556,176,100005,176,99553,176,100025,176,99446,176,100058,176,99242,176,100069,100,99217,100,100090,100,99009,100,100398,100,,,100451,200,,,100457,100,,
2019-06-28 09:51:44.502539714,99838,176,99586,176,99890,276,99556,176,100005,176,99553,176,100025,176,99446,176,100058,176,99242,176,100069,100,99217,100,100090,100,99009,100,100398,100,98793,100,100451,200,,,100457,100,,
2019-06-28 09:51:50.000000000,99838,291,99586,291,99890,391,99556,291,100005,100,99553,100,100025,100,99446,100,100058,100,99242,100,100069,100,99217,100,100090,100,99009,100,100398,100,98793,100,100451,200,,,100457,100,,
2019-06-28 09:52:00.000000000,99838,196,99586,196,99890,296,99556,196,100005,196,99553,196,100025,196,99446,196,100058,100,99242,100,100069,100,99217,100,100090,100,99009,100,100398,100,98793,100,100451,200,,,100457,100,,
2019-06-28 09:52:10.000000000,99838,230,99586,230,99890,326,99556,226,100005,226,99553,226,100025,100,99446,100,100058,100,99242,100,100069,100,99217,100,100090,100,99009,100,100398,100,98793,100,100451,200,,,100457,100,,
2019-06-28 09:52:20.000000000,99838,291,99586,291,99890,391,99556,291,100005,100,99553,100,100025,100,99446,100,100058,100,99242,100,100069,100,99217,100,100090,100,99009,100,100398,100,98793,100,100451,200,,,100457,100,,
2019-06-28 09:52:29.159351282,99763,100,99586,291,99838,291,99556,291,99890,391,99553,100,100005,100,99446,100,100025,100,99242,100,100058,100,99217,100,100069,100,99009,100,100090,100,98793,100,100398,100,,,100451,200,,
2019-06-28 09:52:30.000000000,99763,291,99586,291,99838,291,99556,291,99890,200,99553,100,100005,100,99446,100,100025,100,99242,100,100058,100,99217,100,100069,100,99009,100,100090,100,98793,100,100398,100,,,100451,200,,
2019-06-28 09:52:40.000000000,99763,176,99586,176,99838,176,99556,176,99890,276,99553,176,100005,176,99446,176,100025,176,99242,176,100058,100,99217,100,100069,100,99009,100,100090,100,98793,100,100398,100,,,100451,200,,
2019-06-28 09:52:50.000000000,99763,176,99586,176,99838,176,99556,176,99890,276,99553,176,100005,176,99446,176,100025,176,99242,176,100058,100,99217,100,100069,100,99009,100,100090,100,98793,100,100398,100,,,100451,200,,
2019-06-28 09:52:50.083335285,99763,276,99586,176,99838,176,99556,176,99890,276,99553,176,100005,176,99446,176,100025,176,99242,176,100058,100,99217,100,100069,100,99009,100,100090,100,98793,100,100398,100,,,100451,200,,
2019-06-28 09:52:59.856811835,99763,276,99586,176,99838,176,99556,176,99890,276,99553,176,100005,176,99446,176,100025,176,99242,176,100058,100,99217,100,100069,100,99145,100,100090,100,99009,100,100451,200,98793,100,100457,100,,
2019-06-28 09:53:00.000000000,99763,582,99586,482,99838,100,99556,100,99890,200,99553,100,100005,100,99446,100,100025,100,99242,100,100058,100,99217,100,100069,100,99145,100,100090,100,99009,100,100451,200,98793,100,100457,100,,
2019-06-28 09:53:10.000000000,99763,296,99586,196,99838,196,99556,196,99890,296,99553,196,100005,196,99446,196,100025,100,99242,100,100058,100,99217,100,100069,100,99145,100,100090,100,99009,100,100451,200,98793,100,100457,100,,
2019-06-28 09:53:20.000000000,99763,330,99586,230,99838,226,99556,226,99890,326,99553,226,100005,100,99446,100,100025,100,99242,100,100058,100,99217,100,100069,100,99145,100,100090,100,99009,100,100451,200,98793,100,100457,100,,
2019-06-28 09:53:30.000000000,99763,582,99586,482,99838,100,99556,100,99890,200,99553,100,100005,100,99446,100,100025,100,99242,100,100058,100,99217,100,100069,100,99145,100,100090,100,99009,100,100451,200,98793,100,100457,100,,
2019-06-28 09:53:40.000000000,99763,330,99586,230,99838,226,99556,226,99890,326,99553,226,100005,100,99446,100,100025,100,99242,100,100058,100,99217,100,100069,100,99145,100,100090,100,99009,100,100451,200,98793,100,100457,100,,
2019-06-28 09:53:48.011034061,99763,330,99586,230,99838,226,99556,226,99890,326,99553,226,100005,100,99446,100,100025,100,99242,100,100058,100,99217,100,100069,100,99145,100,100090,100,99075,100,100451,200,99009,100,100457,100,98793,100
2019-06-28 09:53:50.000000000,99763,391,99586,291,99838,291,99556,291,99890,200,99553,100,100005,100,99446,100,100025,100,99242,100,100058,100,99217,100,100069,100,99145,100,100090,100,99075,100,100451,200,99009,100,100457,100,98793,100
2019-06-28 09:53:55.443965032,99763,391,99586,191,99838,291,99556,291,99890,200,99446,100,100005,100,99242,100,100025,100,99217,100,100058,100,99145,100,100069,100,99075,100,100090,100,99009,100,100451,200,98793,100,100457,100,,
2019-06-28 09:53:56.891316144,99690,100,99586,191,99763,391,99556,291,99838,291,99446,100,99890,200,99242,100,100005,100,99217,100,100025,100,99145,100,100058,100,99075,100,100069,100,99009,100,100090,100,98793,100,100451,200,,
2019-06-28 09:54:00.000000000,99690,230,99556,230,99763,326,99446,226,99838,226,99242,226,99890,200,99217,100,100005,100,99145,100,100025,100,99075,100,100058,100,99009,100,100069,100,98793,100,100090,100,,,100451,200,,
2019-06-28 09:54:10.000000000,99690,291,99556,291,99763,391,99446,291,99838,100,99242,100,99890,200,99217,100,100005,100,99145,100,100025,100,99075,100,100058,100,99009,100,100069,100,98793,100,100090,100,,,100451,200,,
2019-06-28 09:54:19.569447486,99690,291,99556,291,99763,391,99446,291,99838,100,99242,100,99890,200,99217,100,100005,100,99145,100,100025,100,99075,100,100058,100,99009,100,100069,100,98933,100,100090,100,98793,100,100451,200,,
2019-06-28 09:54:20.000000000,99690,176,99556,176,99763,276,99446,176,99838,176,99242,176,99890,276,99217,176,100005,176,99145,176,100025,100,99075,100,100058,100,99009,100,100069,100,98933,100,100090,100,98793,100,100451,200,,
2019-06-28 09:54:30.000000000,99690,230,99556,230,99763,326,99446,226,99838,226,99242,226,99890,200,99217,100,100005,100,99145,100,100025,100,99075,100,100058,100,99009,100,100069,100,98933,100,100090,100,98793,100,100451,200,,
2019-06-28 09:54:40.000000000,99690,196,99556,196,99763,296,99446,196,99838,196,99242,196,99890,296,99217,196,100005,100,99145,100,100025,100,99075,100,100058,100,99009,100,100069,100,98933,100,100090,100,98793,100,100451,200,,
2019-06-28 09:54:50.000000000,99690,230,99556,230,99763,326,99446,226,99838,226,99242,226,99890,200,99217,100,100005,100,99145,100,100025,100,99075,100,100058,100,99009,100,100069,100,98933,100,100090,100,98793,100,100451,200,,
2019-06-28 09:54:52.970137815,99690,230,99556,230,99763,326,99533,100,99838,226,99446,226,99890,200,99242,226,100005,100,99217,100,100025,100,99145,100,100058,100,99075,100,100069,100,99009,100,100090,100,98933,100,100451,200,98793,100
2019-06-28 09:54:53.276512020,99690,330,99556,230,99763,326,99533,100,99838,226,99446,226,99890,200,99242,226,100005,100,99217,100,100025,100,99145,100,100058,100,99075,100,100069,100,99009,100,100090,100,98933,100,100451,200,98793,100
2019-06-28 09:55:00.000000000,99690,276,99556,176,99763,276,99533,176,99838,176,99446,176,99890,276,99242,176,100005,176,99217,176,100025,100,99145,100,100058,100,99075,100,100069,100,99009,100,100090,100,98933,100,100451,200,98793,100
2019-06-28 09:55:10.000000000,99690,296,99556,196,99763,296,99533,196,99838,196,99446,196,99890,296,99242,196,100005,100,99217,100,100025,100,99145,100,100058,100,99075,100,100069,100,99009,100,100090,100,98933,100,100451,200,98793,100
2019-06-28 09:55:18.451485999,99690,296,99592,100,99763,296,99556,196,99838,196,99533,196,99890,296,99446,196,100005,100,99242,196,100025,100,99217,100,100058,100,99145,100,100069,100,99075,100,100090,100,99009,100,100451,200,98933,100
2019-06-28 09:55:20.000000000,99690,582,99592,482,99763,200,99556,100,99838,100,99533,100,99890,200,99446,100,100005,100,99242,100,100025,100,99217,100,100058,100,99145,100,100069,100,99075,100,100090,100,99009,100,100451,200,98933,100
2019-06-28 09:55:22.165024238,99690,582,99592,482,99763,200,99556,100,99838,100,99533,100,99890,200,99497,100,100005,100,99446,100,100025,100,99242,100,100058,100,99217,100,100069,100,99145,100,100090,100,99075,100,100451,200,99009,100
2019-06-28 09:55:30.000000000,99690,391,99592,291,99763,391,99556,291,99838,100,99533,100,99890,200,99497,100,100005,100,99446,100,100025,100,99242,100,100058,100,99217,100,100069,100,99145,100,100090,100,99075,100,100451,200,99009,100
2019-06-28 09:55:40.000000000,99690,276,99592,176,99763,276,99556,176,99838,176,99533,176,99890,276,99497,176,100005,176,99446,176,100025,100,99242,100,100058,100,99217,100,100069,100,99145,100,100090,100,99075,100,100451,200,99009,100
2019-06-28 09:55:46.070925840,99690,276,99592,176,99763,276,99556,176,99838,176,99533,176,99890,276,99497,176,100005,176,99446,176,100025,100,99242,100,100058,100,99217,100,100069,100,99145,100,100090,100,99075,100,100451,200,99009,100
2019-06-28 09:55:50.000000000,99690,582,99592,482,99763,200,99556,100,99838,100,99533,100,99890,200,99497,100,100005,100,99446,100,100025,100,99242,100,100058,100,99217,100,100069,100,99145,100,100090,100,99075,100,100451,200,99009,100
2019-06-28 09:56:00.000000000,99690,296,99592,196,99763,296,99556,196,99838,196,99533,196,99890,296,99497,196,100005,100,99446,100,100025,100,99242,100,100058,100,99217,100,100069,100,99145,100,100090,100,99075,100,100451,200,99009,100
2019-06-28 09:56:03.291713377,99690,396,99592,196,99763,296,99556,196,99838,196,99533,196,99890,296,99497,196,100005,100,99446,100,100025,100,99242,100,100058,100,99217,100,100069,100,99145,100,100090,100,99075,100,100451,200,99009,100
2019-06-28 09:56:05.319674559,99690,396,99592,96,99763,296,99556,196,99838,196,99533,196,99890,296,99497,196,100005,100,99446,100,100025,100,99242,100,100058,100,99217,100,100069,100,99145,100,100090,100,99075,100,100451,200,99009,100
2019-06-28 09:56:10.000000000,99690,430,99556,230,99763,326,99533,226,99838,226,99497,226,99890,200,99446,100,100005,100,99242,100,100025,100,99217,100,100058,100,99145,100,100069,100,99075,100,100090,100,99009,100,100451,200,98933,100
2019-06-28 09:56:20.000000000,99690,430,99556,230,99763,326,99533,226,99838,226,99497,226,99890,200,99446,100,100005,100,99242,100,100025,100,99217,100,100058,100,99145,100,100069,100,99075,100,100090,100,99009,100,100451,200,98933,100
2019-06-28 09:56:21.654110361,99690,430,99556,230,99763,326,99533,226,99838,226,99497,226,99890,200,99446,100,100005,100,99242,100,100025,100,99217,100,100058,100,99145,100,100069,100,99075,100,100090,100,99009,100,100451,200,98948,100
2019-06-28 09:56:29.011959184,99690,430,99556,230,99763,326,99533,226,99838,226,99497,226,99890,200,99446,100,100005,100,99242,100,100025,100,99217,100,100058,100,99145,100,100069,100,99075,100,100090,100,99025,100,100451,200,99009,100
2019-06-28 09:56:30.000000000,99690,376,99556,176,99763,276,99533,176,99838,176,99497,176,99890,276,99446,176,100005,176,99242,176,100025,100,99217,100,100058,100,99145,100,100069,100,99075,100,100090,100,99025,100,100451,200,99009,100
2019-06-28 09:56:30.748287754,99690,376,99556,76,99763,276,99533,176,99838,176,99497,176,99890,276,99446,176,100005,176,99242,176,100025,100,99217,100,100058,100,99145,100,100069,100,99075,100,100090,100,99025,100,100451,200,99009,100
2019-06-28 09:56:39.243981625,99690,376,99556,76,99763,276,99533,176,99838,176,99497,176,99890,276,99446,176,100005,176,99242,176,100025,100,99217,100,100058,100,99145,100,100069,100,99075,100,100090,100,99025,100,100451,200,99009,100
2019-06-28 09:56:40.000000000,99690,682,99533,482,99763,200,99497,100,99838,100,99446,100,99890,200,99242,100,100005,100,99217,100,100025,100,99145,100,100058,100,99075,100,100069,100,99025,100,100090,100,99009,100,100451,200,98975,100
2019-06-28 09:56:50.000000000,99690,430,99533,230,99763,326,99497,226,99838,226,99446,226,99890,200,99242,100,100005,100,99217,100,100025,100,99145,100,100058,100,99075,100,100069,100,99025,100,100090,100,99009,100,100451,200,98975,100
2019-06-28 09:57:00.000000000,99690,491,99533,291,99763,391,99497,291,99838,100,99446,100,99890,200,99242,100,100005,100,99217,100,100025,100,99145,100,100058,100,99075,100,100069,100,99025,100,100090,100,99009,100,100451,200,98975,100
2019-06-28 09:57:05.369735931,99651,100,99533,291,99690,491,99497,291,99763,391,99446,100,99838,100,99242,100,99890,200,99217,100,100005,100,99145,100,100025,100,99075,100,100058,100,99025,100,100069,100,99009,100,100090,100,98975,100
2019-06-28 09:57:10.000000000,99651,482,99533,482,99690,300,99497,100,99763,200,99446,100,99838,100,99242,100,99890,200,99217,100,100005,100,99145,100,100025,100,99075,100,100058,100,99025,100,100069,100,99009,100,100090,100,98975,100
2019-06-28 09:57:20.000000000,99651,230,99533,230,99690,426,99497,226,99763,326,99446,226,99838,100,99242,100,99890,200,99217,100,100005,100,99145,100,100025,100,99075,100,100058,100,99025,100,100069,100,99009,100,100090,100,98975,100
2019-06-28 09:57:22.763066566,99651,230,99533,230,99690,426,99497,226,99763,326,99467,100,99838,100,99446,226,99890,200,99242,100,100005,100,99217,100,100025,100,99145,100,100058,100,99075,100,100069,100,99025,100,100090,100,99009,100
2019-06-28 09:57:28.718762084,99536,100,99533,230,99651,230,99497,226,99690,426,99467,100,99763,326,99446,226,99838,100,99242,100,99890,200,99217,100,100005,100,99145,100,100025,100,99075,100,100058,100,99025,100,100069,100,99009,100
2019-06-28 09:57:30.000000000,99536,291,99533,291,99651,291,99497,291,99690,300,99467,100,99763,200,99446,100,99838,100,99242,100,99890,200,99217,100,100005,100,99145,100,100025,100,99075,100,100058,100,99025,100,100069,100,99009,100
2019-06-28 09:57:30.845338290,99536,291,99533,291,99552,100,99497,291,99651,291,99467,100,99690,300,99446,100,99763,200,99242,100,99838,100,99217,100,99890,200,99145,100,100005,100,99075,100,100025,100,99025,100,100058,100,99009,100
2019-06-28 09:57:40.000000000,99536,230,99533,230,99552,226,99497,226,99651,226,99467,226,99690,300,99446,100,99763,200,99242,100,99838,100,99217,100,99890,200,99145,100,100005,100,99075,100,100025,100,99025,100,100058,100,99009,100
2019-06-28 09:57:50.000000000,99536,291,99533,291,99552,291,99497,291,99651,100,99467,100,99690,300,99446,100,99763,200,99242,100,99838,100,99217,100,99890,200,99145,100,100005,100,99075,100,100025,100,99025,100,100058,100,99009,100
2019-06-28 09:58:00.000000000,99536,196,99533,196,99552,196,99497,196,99651,196,99467,196,99690,396,99446,196,99763,200,99242,100,99838,100,99217,100,99890,200,99145,100,100005,100,99075,100,100025,100,99025,100,100058,100,99009,100
2019-06-28 09:58:06.006364526,99536,96,99533,196,99552,196,99497,196,99651,196,99467,196,99690,396,99446,196,99763,200,99242,100,99838,100,99217,100,99890,200,99145,100,100005,100,99075,100,100025,100,99025,100,100058,100,99009,100
2019-06-28 09:58:08.566434128,99552,196,99536,4,99651,196,99533,196,99690,396,99497,196,99763,200,99467,196,99838,100,99446,196,99890,200,99242,100,100005,100,99217,100,100025,100,99145,100,100058,100,99075,100,100069,100,99025,100
2019-06-28 09:58:10.000000000,99552,482,99536,386,99651,100,99533,100,99690,300,99497,100,99763,200,99467,100,99838,100,99446,100,99890,200,99242,100,100005,100,99217,100,100025,100,99145,100,100058,100,99075,100,100069,100,99025,100
2019-06-28 09:58:20.000000000,99552,196,99536,100,99651,196,99533,196,99690,396,99497,196,99763,296,99467,196,99838,100,99446,100,99890,200,99242,100,100005,100,99217,100,100025,100,99145,100,100058,100,99075,100,100069,100,99025,100
2019-06-28 09:58:26.450122959,99552,96,99536,100,99651,196,99533,196,99690,396,99497,96,99763,296,99467,196,99838,100,99446,100,99890,200,99242,100,100005,100,99217,100,100025,100,99145,100,100058,100,99075,100,100069,100,99025,100
2019-06-28 09:58:30.000000000,99651,230,99536,134,99690,426,99533,226,99763,326,99467,226,99838,100,99446,100,99890,200,99242,100,100005,100,99217,100,100025,100,99145,100,100058,100,99075,100,100069,100,99025,100,100090,100,99009,100
2019-06-28 09:58:30.554704217,99651,230,99537,100,99690,426,99536,134,99763,326,99533,226,99838,100,99467,226,99890,200,99446,100,100005,100,99242,100,100025,100,99217,100,100058,100,99145,100,100069,100,99075,100,100090,100,99025,100
2019-06-28 09:58:40.000000000,99651,176,99537,176,99690,376,99536,80,99763,276,99533,176,99838,176,99467,176,99890,276,99446,176,100005,100,99242,100,100025,100,99217,100,100058,100,99145,100,100069,100,99075,100,100090,100,99025,100
2019-06-28 09:58:47.327738686,99651,176,99537,276,99690,376,99536,80,99763,276,99533,176,99838,176,99467,176,99890,276,99446,176,100005,100,99242,100,100025,100,99217,100,100058,100,99145,100,100069,100,99075,100,100090,100,99025,100
2019-06-28 09:58:50.000000000,99651,482,99537,582,99690,300,99536,4,99763,200,99533,100,99838,100,99467,100,99890,200,99446,100,100005,100,99242,100,100025,100,99217,100,100058,100,99145,100,100069,100,99075,100,100090,100,99025,100
2019-06-28 09:59:00.000000000,99651,291,99537,391,99690,491,99536,195,99763,200,99533,100,99838,100,99467,100,99890,200,99446,100,100005,100,99242,100,100025,100,99217,100,100058,100,99145,100,100069,100,99075,100,100090,100,99025,100
2019-06-28 09:59:06.850738162,99651,291,99611,100,99690,491,99537,391,99763,200,99536,195,99838,100,99533,100,99890,200,99467,100,100005,100,99446,100,100025,100,99242,100,100058,100,99217,100,100069,100,99145,100,100090,100,99075,100
2019-06-28 09:59:10.000000000,99651,196,99611,196,99690,396,99537,296,99763,296,99536,100,99838,196,99533,196,99890,200,99467,100,100005,100,99446,100,100025,100,99242,100,100058,100,99217,100,100069,100,99145,100,100090,100,99075,100
2019-06-28 09:59:20.000000000,99651,196,99611,196,99690,396,99537,296,99763,296,99536,100,99838,196,99533,196,99890,200,99467,100,100005,100,99446,100,100025,100,99242,100,100058,100,99217,100,100069,100,99145,100,100090,100,99075,100
2019-06-28 09:59:30.000000000,99651,176,99611,176,99690,376,99537,276,99763,276,99536,80,99838,176,99533,176,99890,276,99467,176,100005,100,99446,100,100025,100,99242,100,100058,100,99217,100,100069,100,99145,100,100090,100,99075,100
2019-06-28 09:59:40.000000000,99651,196,99611,196,99690,396,99537,296,99763,296,99536,100,99838,196,99533,196,99890,200,99467,100,100005,100,99446,100,100025,100,99242,100,100058,100,99217,100,100069,100,99145,100,100090,100,99075,100
2019-06-28 09:59:47.629246159,99651,196,99611,196,99690,396,99537,296,99763,296,99536,100,99838,196,99533,196,99890,200,99467,100,100005,100,99446,100,100025,100,99242,100,100058,100,99217,100,100069,100,99145,100,100073,100,99075,100
2019-06-28 09:59:50.000000000,99651,291,99611,291,99690,491,99537,391,99763,200,99536,4,99838,100,99533,100,99890,200,99467,100,100005,100,99446,100,100025,100,99242,100,100058,100,99217,100,100069,100,99145,100,100073,100,99075,100
2019-06-28 09:59:55.472948819,99651,291,99611,291,99690,491,99537,391,99763,200,99536,4,99838,100,99533,100,99890,200,99467,100,100005,100,99446,100,100025,100,99242,100,100058,100,99217,100,100069,100,99145,100,100073,100,99075,100
2019-06-28 10:00:00.000000000,99651,196,99611,196,99690,396,99537,296,99763,296,99536,100,99838,196,99533,196,99890,200,99467,100,100005,100,99446,100,100025,100,99242,100,100058,100,99217,100,100069,100,99145,100,100073,100,99075,100
2019-06-28 10:00:10.000000000,99651,196,99611,196,99690,396,99537,296,99763,296,99536,100,99838,196,99533,196,99890,200,99467,100,100005,100,99446,100,100025,100,99242,100,100058,100,99217,100,100069,100,99145,100,100073,100,99075,100
2019-06-28 10:00:20.000000000,99651,230,99611,230,99690,426,99537,326,99763,326,99536,130,99838,100,99533,100,99890,200,99467,100,100005,100,99446,100,100025,100,99242,100,100058,100,99217,100,100069,100,99145,100,100073,100,99075,100
2019-06-28 10:00:30.000000000,99651,230,99611,230,99690,426,99537,326,99763,326,99536,130,99838,100,99533,100,99890,200,99467,100,100005,100,99446,100,100025,100,99242,100,100058,100,99217,100,100069,100,99145,100,100073,100,99075,100
2019-06-28 10:00:40.000000000,99651,176,99611,176,99690,376,99537,276,99763,276,99536,80,99838,176,99533,176,99890,276,99467,176,100005,100,99446,100,100025,100,99242,100,100058,100,99217,100,100069,100,99145,100,100073,100,99075,100
2019-06-28 10:00:50.000000000,99651,196,99611,196,99690,396,99537,296,99763,296,99536,100,99838,196,99533,196,99890,200,99467,100,100005,100,99446,100,100025,100,99242,100,100058,100,99217,100,100069,100,99145,100,100073,100,99075,100
2019-06-28 10:01:00.000000000,99651,176,99611,176,99690,376,99537,276,99763,276,99536,80,99838,176,99533,176,99890,276,99467,176,100005,100,99446,100,100025,100,99242,100,100058,100,99217,100,100069,100,99145,100,100073,100,99075,100
2019-06-28 10:01:10.000000000,99651,291,99611,291,99690,491,99537,391,99763,200,99536,4,99838,100,99533,100,99890,200,99467,100,100005,100,99446,100,100025,100,99242,100,100058,100,99217,100,100069,100,99145,100,100073,100,99075,100
2019-06-28 10:01:15.241354147,99651,291,99611,291,99655,100,99537,391,99690,491,99536,4,99763,200,99533,100,99838,100,99467,100,99890,200,99446,100,100005,100,99242,100,100025,100,99217,100,100058,100,99145,100,100069,100,99075,100
2019-06-28 10:01:20.000000000,99651,482,99611,482,99655,100,99537,200,99690,300,99536,4,99763,200,99533,100,99838,100,99467,100,99890,200,99446,100,100005,100,99242,100,100025,100,99217,100,100058,100,99145,100,100069,100,99075,100
2019-06-28 10:01:30.000000000,99651,482,99611,482,99655,100,99537,200,99690,300,99536,4,99763,200,99533,100,99838,100,99467,100,99890,200,99446,100,100005,100,99242,100,100025,100,99217,100,100058,100,99145,100,100069,100,99075,100
2019-06-28 10:01:40.000000000,99651,196,99611,196,99655,196,99537,296,99690,396,99536,100,99763,296,99533,196,99838,100,99467,100,99890,200,99446,100,100005,100,99242,100,100025,100,99217,100,100058,100,99145,100,100069,100,99075,100
2019-06-28 10:01:46.163425721,99651,96,99611,196,99655,196,99537,296,99690,396,99536,100,99763,296,99533,196,99838,100,99467,100,99890,200,99446,100,100005,100,99242,100,100025,100,99217,100,100058,100,99145,100,100069,100,99075,100
2019-06-28 10:01:50.000000000,99655,196,99611,196,99690,396,99537,296,99763,296,99536,100,99838,196,99533,196,99890,200,99467,100,100005,100,99446,100,100025,100,99242,100,100058,100,99217,100,100069,100,99145,100,100073,100,99075,100
2019-06-28 10:01:59.002481326,99655,96,99611,196,99690,396,99537,296,99763,296,99536,100,99838,196,99533,196,99890,200,99467,100,100005,100,99446,100,100025,100,99242,100,100058,100,99217,100,100069,100,99145,100,100073,100,99075,100
2019-06-28 10:02:00.000000000,99690,376,99611,176,99763,276,99537,276,99838,176,99536,80,99890,276,99533,176,100005,176,99467,176,100025,100,99446,100,100058,100,99242,100,100069,100,99217,100,100073,100,99145,100,100090,100,99075,100
2019-06-28 10:02:03.030254090,99690,376,99611,176,99763,276,99537,276,99838,176,99536,80,99890,276,99533,176,100005,176,99467,176,100025,100,99242,100,100058,100,99217,100,100069,100,99145,100,100073,100,99075,100,100090,100,99025,100
2019-06-28 10:02:05.507873527,99690,376,99611,176,99763,276,99537,276,99838,176,99536,80,99890,276,99533,176,99945,100,99467,176,100005,176,99242,100,100025,100,99217,100,100058,100,99145,100,100069,100,99075,100,100073,100,99009,100
2019-06-28 10:02:10.000000000,99690,396,99611,196,99763,296,99537,296,99838,196,99536,100,99890,296,99533,196,99945,100,99467,100,100005,100,99242,100,100025,100,99217,100,100058,100,99145,100,100069,100,99075,100,100073,100,99009,100
2019-06-28 10:02:20.000000000,99690,682,99611,482,99763,200,99537,200,99838,100,99536,4,99890,200,99533,100,99945,100,99467,100,100005,100,99242,100,100025,100,99217,100,100058,100,99145,100,100069,100,99075,100,100073,100,99009,100
2019-06-28 10:02:30.000000000,99690,430,99611,230,99763,326,99537,326,99838,226,99536,130,99890,200,99533,100,99945,100,99467,100,100005,100,99242,100,100025,100,99217,100,100058,100,99145,100,100069,100,99075,100,100073,100,99009,100
2019-06-28 10:02:38.331176127,99690,330,99611,230,99763,326,99537,326,99838,226,99536,130,99890,200,99533,100,99945,100,99467,100,100005,100,99242,100,100025,100,99217,100,100058,100,99145,100,100069,100,99075,100,100073,100,99009,100
2019-06-28 10:02:40.000000000,99690,391,99611,291,99763,391,99537,391,99838,100,99536,4,99890,200,99533,100,99945,100,99467,100,100005,100,99242,100,100025,100,99217,100,100058,100,99145,100,100069,100,99075,100,100073,100,99009,100
2019-06-28 10:02:49.459426886,99690,291,99611,291,99763,391,99537,391,99838,100,99536,4,99890,200,99533,100,99945,100,99467,100,100005,100,99242,100,100025,100,99217,100,100058,100,99145,100,100069,100,99075,100,100073,100,99009,100
2019-06-28 10:02:50.000000000,99690,482,99611,482,99763,200,99537,200,99838,100,99536,4,99890,200,99533,100,99945,100,99467,100,100005,100,99242,100,100025,100,99217,100,100058,100,99145,100,100069,100,99075,100,100073,100,99009,100
2019-06-28 10:03:00.000000000,99690,482,99611,482,99763,200,99537,200,99838,100,99536,4,99890,200,99533,100,99945,100,99467,100,100005,100,99242,100,100025,100,99217,100,100058,100,99145,100,100069,100,99075,100,100073,100,99009,100
2019-06-28 10:03:10.000000000,99690,196,99611,196,99763,296,99537,296,99838,196,99536,100,99890,296,99533,196,99945,100,99467,100,100005,100,99242,100,100025,100,99217,100,100058,100,99145,100,100069,100,99075,100,100073,100,99009,100
2019-06-28 10:03:15.249583725,99690,196,99611,96,99763,296,99537,296,99838,196,99536,100,99890,296,99533,196,99945,100,99467,100,100005,100,99242,100,100025,100,99217,100,100069,100,99145,100,100073,100,99075,100,100090,100,99009,100
2019-06-28 10:03:20.000000000,99690,230,99537,330,99763,326,99536,130,99838,226,99533,226,99890,200,99467,100,99945,100,99242,100,100005,100,99217,100,100025,100,99145,100,100069,100,99075,100,100073,100,99009,100,100090,100,98948,100
2019-06-28 10:03:20.374971780,99687,100,99537,330,99690,230,99536,130,99763,326,99533,226,99838,226,99467,100,99890,200,99242,100,99945,100,99217,100,100005,100,99145,100,100025,100,99075,100,100069,100,99009,100,100073,100,98948,100
2019-06-28 10:03:21.730377543,99687,100,99537,330,99690,230,99536,130,99763,326,99533,226,99838,226,99467,100,99890,200,99327,100,99945,100,99242,100,100005,100,99217,100,100025,100,99145,100,100069,100,99075,100,100073,100,98948,100
2019-06-28 10:03:30.000000000,99687,196,99537,296,99690,196,99536,100,99763,296,99533,196,99838,196,99467,196,99890,200,99327,100,99945,100,99242,100,100005,100,99217,100,100025,100,99145,100,100069,100,99075,100,100073,100,98948,100
2019-06-28 10:03:34.361649985,99541,100,99537,296,99687,196,99536,100,99690,196,99533,196,99763,296,99467,196,99838,196,99242,100,99890,200,99217,100,99945,100,99145,100,100005,100,99075,100,100025,100,98948,100,100069,100,98933,100
2019-06-28 10:03:40.000000000,99541,176,99537,276,99687,176,99536,80,99690,176,99533,176,99763,276,99467,176,99838,176,99242,176,99890,200,99217,100,99945,100,99145,100,100005,100,99075,100,100025,100,98948,100,100069,100,98933,100
2019-06-28 10:03:50.000000000,99541,482,99537,582,99687,100,99536,4,99690,100,99533,100,99763,200,99467,100,99838,100,99242,100,99890,200,99217,100,99945,100,99145,100,100005,100,99075,100,100025,100,98948,100,100069,100,98933,100
2019-06-28 10:03:57.439274532,99541,382,99537,582,99687,100,99536,4,99690,100,99533,100,99763,200,99467,100,99838,100,99242,100,99890,200,99217,100,99945,100,99145,100,100005,100,99075,100,100025,100,98933,100,100069,100,98793,100
2019-06-28 10:04:00.000000000,99687,176,99537,276,99690,176,99536,80,99763,276,99533,176,99838,176,99467,176,99890,276,99242,176,99945,100,99217,100,100005,100,99145,100,100025,100,99075,100,100069,100,98933,100,100073,100,98793,100
2019-06-28 10:04:10.000000000,99687,482,99537,582,99690,100,99536,4,99763,200,99533,100,99838,100,99467,100,99890,200,99242,100,99945,100,99217,100,100005,100,99145,100,100025,100,99075,100,100069,100,98933,100,100073,100,98793,100
2019-06-28 10:04:20.000000000,99687,176,99537,276,99690,176,99536,80,99763,276,99533,176,99838,176,99467,176,99890,276,99242,176,99945,100,99217,100,100005,100,99145,100,100025,100,99075,100,100069,100,98933,100,100073,100,98793,100
2019-06-28 10:04:26.026628414,99687,176,99537,176,99690,176,99536,80,99763,276,99533,176,99838,176,99467,176,99890,276,99242,176,99945,100,99217,100,100005,100,99145,100,100025,100,99075,100,100069,100,98933,100,100073,100,98793,100
2019-06-28 10:04:30.000000000,99687,176,99537,176,99690,176,99536,80,99763,276,99533,176,99838,176,99467,176,99890,276,99242,176,99945,100,99217,100,100005,100,99145,100,100025,100,99075,100,100069,100,98933,100,100073,100,98793,100
2019-06-28 10:04:40.000000000,99687,176,99537,176,99690,176,99536,80,99763,276,99533,176,99838,176,99467,176,99890,276,99242,176,99945,100,99217,100,100005,100,99145,100,100025,100,99075,100,100069,100,98933,100,100073,100,98793,100
2019-06-28 10:04:47.165149735,99687,176,99537,176,99690,176,99536,80,99763,276,99533,176,99838,176,99467,176,99890,276,99242,176,99945,100,99217,100,100005,100,99145,100,100025,100,99075,100,100048,100,98933,100,100069,100,98793,100
2019-06-28 10:04:50.000000000,99687,291,99537,291,99690,291,99536,195,99763,200,99533,100,99838,100,99467,100,99890,200,99242,100,99945,100,99217,100,100005,100,99145,100,100025,100,99075,100,100048,100,98933,100,100069,100,98793,100
2019-06-28 10:04:59.162283477,99619,100,99537,291,99687,291,99536,195,99690,291,99533,100,99763,200,99467,100,99838,100,99242,100,99890,200,99217,100,99945,100,99145,100,100005,100,99075,100,100025,100,98933,100,100048,100,98793,100
2019-06-28 10:05:00.000000000,99619,196,99537,196,99687,196,99536,100,99690,196,99533,196,99763,296,99467,196,99838,100,99242,100,99890,200,99217,100,99945,100,99145,100,100005,100,99075,100,100025,100,98933,100,100048,100,98793,100
2019-06-28 10:05:10.000000000,99619,230,99537,230,99687,226,99536,130,99690,226,99533,226,99763,200,99467,100,99838,100,99242,100,99890,200,99217,100,99945,100,99145,100,100005,100,99075,100,100025,100,98933,100,100048,100,98793,100
2019-06-28 10:05:15.190162792,99597,100,99537,230,99619,230,99536,130,99687,226,99533,226,99690,226,99467,100,99763,200,99242,100,99838,100,99217,100,99890,200,99145,100,99945,100,99075,100,100005,100,98933,100,100025,100,98793,100
2019-06-28 10:05:18.573540435,99597,100,99537,230,99619,230,99536,130,99687,226,99533,226,99690,226,99467,100,99763,200,99303,100,99838,100,99242,100,99890,200,99217,100,99945,100,99145,100,100005,100,99075,100,100025,100,98933,100
2019-06-28 10:05:20.000000000,99597,230,99537,230,99619,226,99536,130,99687,226,99533,226,99690,100,99467,100,99763,200,99303,100,99838,100,99242,100,99890,200,99217,100,99945,100,99145,100,100005,100,99075,100,100025,100,98933,100
2019-06-28 10:05:23.164611703,99597,230,99537,230,99619,226,99536,130,99687,226,99535,100,99690,100,99533,226,99763,200,99467,100,99838,100,99303,100,99890,200,99242,100,99945,100,99217,100,100005,100,99145,100,100025,100,99075,100
2019-06-28 10:05:30.000000000,99597,291,99537,291,99619,291,99536,195,99687,100,99535,100,99690,100,99533,100,99763,200,99467,100,99838,100,99303,100,99890,200,99242,100,99945,100,99217,100,100005,100,99145,100,100025,100,99075,100
2019-06-28 10:05:37.976032773,99597,191,99537,291,99619,291,99536,195,99687,100,99535,100,99690,100,99533,100,99763,200,99467,100,99838,100,99303,100,99890,200,99242,100,99945,100,99217,100,100005,100,99145,100,100025,100,99075,100
2019-06-28 10:05:40.000000000,99619,230,99537,230,99687,226,99536,130,99690,226,99535,226,99763,200,99533,100,99838,100,99467,100,99890,200,99303,100,99945,100,99242,100,100005,100,99217,100,100025,100,99145,100,100048,100,99075,100
2019-06-28 10:05:44.571578177,99619,230,99557,100,99687,226,99537,230,99690,226,99536,130,99763,200,99535,226,99838,100,99533,100,99890,200,99467,100,99945,100,99303,100,100005,100,99242,100,100025,100,99217,100,100048,100,99145,100
2019-06-28 10:05:49.752737833,99619,230,99557,100,99687,226,99553,100,99690,226,99537,230,99763,200,99536,130,99838,100,99535,226,99890,200,99533,100,99945,100,99467,100,100005,100,99303,100,100025,100,99242,100,100048,100,99217,100
2019-06-28 10:05:50.000000000,99619,230,99557,230,99687,226,99553,226,99690,226,99537,226,99763,200,99536,4,99838,100,99535,100,99890,200,99533,100,99945,100,99467,100,100005,100,99303,100,100025,100,99242,100,100048,100,99217,100
2019-06-28 10:05:57.537411829,99619,130,99557,130,99687,226,99553,226,99690,226,99537,226,99763,200,99536,4,99838,100,99535,100,99890,200,99533,100,99945,100,99467,100,100005,100,99303,100,100025,100,99242,100,100048,100,99217,100
2019-06-28 10:06:00.000000000,99687,196,99553,196,99690,196,99537,196,99763,296,99536,100,99838,196,99535,196,99890,200,99533,100,99945,100,99467,100,100005,100,99303,100,100025,100,99242,100,100048,100,99217,100,100069,100,99145,100
2019-06-28 10:06:10.000000000,99687,482,99553,482,99690,100,99537,100,99763,200,99536,4,99838,100,99535,100,99890,200,99533,100,99945,100,99467,100,100005,100,99303,100,100025,100,99242,100,100048,100,99217,100,100069,100,99145,100
2019-06-28 10:06:14.767512129,99687,382,99553,482,99690,100,99537,100,99763,200,99536,4,99838,100,99535,100,99890,200,99533,100,99945,100,99467,100,100005,100,99303,100,100025,100,99242,100,100048,100,99217,100,100069,100,99145,100
2019-06-28 10:06:20.000000000,99690,230,99553,230,99763,326,99537,226,99838,226,99536,130,99890,200,99535,100,99945,100,99533,100,100005,100,99467,100,100025,100,99303,100,100048,100,99242,100,100069,100,99217,100,100201,100,99145,100
2019-06-28 10:06:21.289513855,99690,230,99553,230,99763,326,99537,226,99803,100,99536,126,99838,226,99535,100,99890,200,99533,100,99945,100,99467,100,100005,100,99303,100,100025,100,99242,100,100048,100,99217,100,100069,100,99145,100
2019-06-28 10:06:21.982933259,99690,230,99553,230,99763,326,99537,226,99803,100,99536,126,99838,226,99535,100,99890,200,99533,100,99945,100,99467,100,99960,100,99303,100,100005,100,99242,100,100025,100,99217,100,100048,100,99145,100
2019-06-28 10:06:28.855226760,99690,230,99553,230,99763,226,99537,226,99803,100,99536,126,99838,226,99535,100,99890,200,99533,100,99945,100,99467,100,99960,100,99303,100,100005,100,99242,100,100025,100,99217,100,100048,100,99145,100
2019-06-28 10:06:30.000000000,99690,291,99553,291,99763,291,99537,291,99803,100,99535,100,99838,100,99533,100,99890,200,99467,100,99945,100,99303,100,99960,100,99242,100,100005,100,99217,100,100025,100,99145,100,100048,100,99075,100
2019-06-28 10:06:40.000000000,99690,291,99553,291,99763,291,99537,291,99803,100,99535,100,99838,100,99533,100,99890,200,99467,100,99945,100,99303,100,99960,100,99242,100,100005,100,99217,100,100025,100,99145,100,100048,100,99075,100
2019-06-28 10:06:50.000000000,99690,482,99553,482,99763,100,99537,100,99803,100,99535,100,99838,100,99533,100,99890,200,99467,100,99945,100,99303,100,99960,100,99242,100,100005,100,99217,100,100025,100,99145,100,100048,100,99075,100
2019-06-28 10:06:51.980636208,99690,482,99623,100,99763,100,99553,482,99803,100,99537,100,99838,100,99535,100,99890,200,99533,100,99945,100,99467,100,99960,100,99303,100,100005,100,99242,100,100025,100,99217,100,100048,100,99145,100
2019-06-28 10:07:00.000000000,99690,482,99623,482,99763,100,99553,100,99803,100,99537,100,99838,100,99535,100,99890,200,99533,100,99945,100,99467,100,99960,100,99303,100,100005,100,99242,100,100025,100,99217,100,100048,100,99145,100
2019-06-28 10:07:04.000861248,99690,482,99623,382,99763,100,99553,100,99803,100,99537,100,99838,100,99535,100,99890,200,99533,100,99945,100,99467,100,99960,100,99303,100,100005,100,99242,100,100025,100,99217,100,100048,100,99145,100
2019-06-28 10:07:10.000000000,99690,196,99553,196,99763,196,99537,196,99803,196,99535,196,99838,196,99533,196,99890,200,99467,100,99945,100,99303,100,99960,100,99242,100,100005,100,99217,100,100025,100,99145,100,100048,100,99075,100
2019-06-28 10:07:20.000000000,99690,176,99553,176,99763,176,99537,176,99803,176,99535,176,99838,176,99533,176,99890,276,99467,176,99945,100,99303,100,99960,100,99242,100,100005,100,99217,100,100025,100,99145,100,100048,100,99075,100
2019-06-28 10:07:30.000000000,99690,196,99553,196,99763,196,99537,196,99803,196,99535,196,99838,196,99533,196,99890,200,99467,100,99945,100,99303,100,99960,100,99242,100,100005,100,99217,100,100025,100,99145,100,100048,100,99075,100
2019-06-28 10:07:33.200955906,99690,196,99616,100,99763,196,99553,196,99803,196,99537,196,99838,196,99535,196,99890,200,99533,196,99945,100,99467,100,99960,100,99303,100,100005,100,99242,100,100025,100,99217,100,100048,100,99145,100
2019-06-28 10:07:39.006604869,99690,196,99616,100,99701,100,99553,196,99763,196,99537,196,99803,196,99535,196,99838,196,99533,196,99890,200,99467,100,99945,100,99303,100,99960,100,99242,100,100005,100,99217,100,100025,100,99145,100
2019-06-28 10:07:40.000000000,99690,176,99616,176,99701,176,99553,176,99763,176,99537,176,99803,176,99535,176,99838,176,99533,176,99890,200,99467,100,99945,100,99303,100,99960,100,99242,100,100005,100,99217,100,100025,100,99145,100
2019-06-28 10:07:50.000000000,99690,176,99616,176,99701,176,99553,176,99763,176,99537,176,99803,176,99535,176,99838,176,99533,176,99890,200,99467,100,99945,100,99303,100,99960,100,99242,100,100005,100,99217,100,100025,100,99145,100
2019-06-28 10:07:51.964757998,99690,176,99616,76,99701,76,99553,176,99763,176,99537,176,99803,176,99535,176,99838,176,99533,176,99890,200,99467,100,99945,100,99303,100,99960,100,99242,100,100005,100,99217,100,100025,100,99145,100
2019-06-28 10:07:52.194630160,99690,176,99616,76,99701,76,99553,176,99763,176,99537,176,99803,176,99535,176,99838,176,99533,176,99890,200,99467,100,99945,100,99303,100,99960,100,99242,100,100005,100,99217,100,100048,100,99145,100
2019-06-28 10:08:00.000000000,99690,482,99553,482,99763,100,99537,100,99803,100,99535,100,99838,100,99533,100,99890,200,99467,100,99945,100,99303,100,99960,100,99242,100,100005,100,99217,100,100048,100,99145,100,100069,100,99075,100
2019-06-28 10:08:09.339886599,99690,482,99553,482,99763,100,99537,100,99803,100,99535,100,99838,100,99533,100,99890,100,99467,100,99945,100,99303,100,99960,100,99242,100,100005,100,99217,100,100048,100,99145,100,100069,100,99075,100
2019-06-28 10:08:10.000000000,99690,482,99553,482,99763,100,99537,100,99803,100,99535,100,99838,100,99533,100,99890,100,99467,100,99945,100,99303,100,99960,100,99242,100,100005,100,99217,100,100048,100,99145,100,100069,100,99075,100
2019-06-28 10:08:20.000000000,99690,230,99553,230,99763,226,99537,226,99803,226,99535,226,99838,100,99533,100,99890,100,99467,100,99945,100,99303,100,99960,100,99242,100,100005,100,99217,100,100048,100,99145,100,100069,100,99075,100
2019-06-28 10:08:20.936075870,99623,100,99553,230,99690,230,99537,226,99763,226,99535,226,99803,226,99533,100,99838,100,99467,100,99890,100,99303,100,99945,100,99242,100,99960,100,99217,100,100005,100,99145,100,100048,100,99075,100
2019-06-28 10:08:30.000000000,99623,196,99553,196,99690,196,99537,196,99763,196,99535,196,99803,196,99533,196,99838,100,99467,100,99890,100,99303,100,99945,100,99242,100,99960,100,99217,100,100005,100,99145,100,100048,100,99075,100
2019-06-28 10:08:35.966441369,99623,196,99553,196,99690,196,99537,196,99763,196,99535,196,99788,100,99533,196,99803,96,99467,100,99838,100,99303,100,99890,100,99242,100,99945,100,99217,100,99960,100,99145,100,100005,100,99075,100
2019-06-28 10:08:40.000000000,99623,230,99553,230,99690,226,99537,226,99763,226,99535,226,99788,100,99533,100,99838,100,99467,100,99890,100,99303,100,99945,100,99242,100,99960,100,99217,100,100005,100,99145,100,100048,100,99075,100
2019-06-28 10:08:50.000000000,99623,482,99553,482,99690,100,99537,100,99763,100,99535,100,99788,100,99533,100,99838,100,99467,100,99890,100,99303,100,99945,100,99242,100,99960,100,99217,100,100005,100,99145,100,100048,100,99075,100
2019-06-28 10:09:00.000000000,99623,482,99553,482,99690,100,99537,100,99763,100,99535,100,99788,100,99533,100,99838,100,99467,100,99890,100,99303,100,99945,100,99242,100,99960,100,99217,100,100005,100,99145,100,100048,100,99075,100
2019-06-28 10:09:10.000000000,99623,196,99553,196,99690,196,99537,196,99763,196,99535,196,99788,196,99533,196,99838,100,99467,100,99890,100,99303,100,99945,100,99242,100,99960,100,99217,100,100005,100,99145,100,100048,100,99075,100
2019-06-28 10:09:20.000000000,99623,176,99553,176,99690,176,99537,176,99763,176,99535,176,99788,176,99533,176,99838,176,99467,176,99890,100,99303,100,99945,100,99242,100,99960,100,99217,100,100005,100,99145,100,100048,100,99075,100
2019-06-28 10:09:21.818837955,99623,176,99603,100,99690,176,99553,176,99763,176,99537,176,99788,176,99535,176,99838,176,99533,176,99890,100,99467,176,99945,100,99303,100,99960,100,99242,100,100005,100,99217,100,100048,100,99145,100
