,ask_price_1,ask_size_1,bid_price_1,bid_size_1,ask_price_2,ask_size_2,bid_price_2,bid_size_2,ask_price_3,ask_size_3,bid_price_3,bid_size_3,ask_price_4,ask_size_4,bid_price_4,bid_size_4,ask_price_5,ask_size_5,bid_price_5,bid_size_5,ask_price_6,ask_size_6,bid_price_6,bid_size_6,ask_price_7,ask_size_7,bid_price_7,bid_size_7,ask_price_8,ask_size_8,bid_price_8,bid_size_8,ask_price_9,ask_size_9,bid_price_9,bid_size_9,ask_price_10,ask_size_10,bid_price_10,bid_size_10
2019-06-28 09:30:00.000000001,100142,100,,,,,,,,,,,,,,,,,,,,,,,,,,,,,,,,,,,,,,
2019-06-28 09:30:00.000000002,100142,100,99960,100,100155,100,,,,,,,,,,,,,,,,,,,,,,,,,,,,,,,,,,
2019-06-28 09:30:00.000000003,100010,100,99960,100,100107,100,,,100142,100,,,100155,100,,,,,,,,,,,,,,,,,,,,,,,,,,
2019-06-28 09:30:00.000000009,100002,100,99960,100,100010,100,99918,100,100107,100,,,100142,100,,,100155,100,,,,,,,,,,,,,,,,,,,,,,
2019-06-28 09:30:00.000000010,100010,100,99960,100,100107,100,99927,100,100142,100,99918,100,100155,100,,,,,,,,,,,,,,,,,,,,,,,,,,
2019-06-28 09:30:00.000000013,100010,100,99960,100,100107,100,99927,100,100126,100,99918,100,100142,100,,,100155,100,,,,,,,,,,,,,,,,,,,,,,
2019-06-28 09:30:00.000000016,100010,100,99960,100,100107,100,99927,100,100122,100,99918,100,100126,100,99912,100,100142,100,99903,100,100155,100,,,,,,,,,,,,,,,,,,
2019-06-28 09:30:00.000000017,100010,100,99960,100,100107,100,99927,100,100122,100,99918,100,100126,100,99912,100,100142,100,99903,100,100155,100,99866,100,,,,,,,,,,,,,,,,
2019-06-28 09:30:00.000000018,100010,100,99960,100,100107,100,99927,100,100122,100,99918,100,100126,100,99912,100,100142,100,99903,100,100155,100,99877,100,,,99866,100,,,,,,,,,,,,
2019-06-28 09:30:00.000000022,100010,100,99960,100,100107,100,99927,100,100122,100,99918,100,100126,100,99915,100,100142,100,99912,100,100155,100,99903,100,,,99877,100,,,99866,100,,,,,,,,
2019-06-28 09:30:00.000000024,100010,100,99960,100,100107,100,99927,100,100122,100,99918,100,100126,100,99915,100,100142,100,99912,100,100155,100,99903,100,,,99897,100,,,99877,100,,,99866,100,,,,
2019-06-28 09:30:00.000000025,100010,100,99960,100,100107,100,99930,100,100122,100,99927,100,100126,100,99918,100,100142,100,99915,100,100155,100,99912,100,,,99903,100,,,99897,100,,,99877,100,,,99866,100
2019-06-28 09:30:00.000000026,100010,100,99982,100,100107,100,99960,100,100122,100,99930,100,100126,100,99927,100,100142,100,99918,100,100155,100,99915,100,,,99912,100,,,99903,100,,,99897,100,,,99877,100
2019-06-28 09:30:00.000000027,100010,100,99982,100,100107,100,99960,100,100122,100,99930,100,100126,100,99927,100,100142,100,99918,100,100155,100,99915,100,,,99912,100,,,99909,100,,,99903,100,,,99897,100
2019-06-28 09:30:00.000000029,100010,100,99960,100,100107,100,99930,100,100122,100,99927,100,100126,100,99918,100,100142,100,99915,100,100155,100,99912,100,,,99909,100,,,99903,100,,,99897,100,,,99877,100
2019-06-28 09:30:00.000000031,100010,100,99982,100,100107,100,99960,100,100122,100,99930,100,100126,100,99927,100,100142,100,99918,100,100155,100,99915,100,,,99912,100,,,99909,100,,,99903,100,,,99897,100
2019-06-28 09:30:00.000000032,100010,100,99982,100,100013,100,99960,100,100107,100,99930,100,100122,100,99927,100,100126,100,99918,100,100142,100,99915,100,100155,100,99912,100,,,99909,100,,,99903,100,,,99897,100
2019-06-28 09:30:00.000000034,100010,100,99982,200,100013,100,99960,100,100107,100,99930,100,100122,100,99927,100,100126,100,99918,100,100142,100,99915,100,100155,100,99912,100,,,99909,100,,,99903,100,,,99897,100
2019-06-28 09:30:00.000000035,99984,100,99982,200,100010,100,99960,100,100013,100,99930,100,100107,100,99927,100,100122,100,99918,100,100126,100,99915,100,100142,100,99912,100,100155,100,99909,100,,,99903,100,,,99897,100
2019-06-28 09:30:00.000000036,99984,100,99982,200,100010,100,99960,100,100013,100,99930,100,100074,100,99927,100,100107,100,99918,100,100122,100,99915,100,100126,100,99912,100,100142,100,99909,100,100155,100,99903,100,,,99897,100
2019-06-28 09:30:00.000000038,99984,100,99982,200,100010,100,99960,100,100013,100,99930,100,100074,100,99927,100,100107,100,99918,100,100122,100,99915,100,100126,100,99912,100,100142,100,99909,100,100155,100,99903,100,,,99897,100
2019-06-28 09:30:00.000000041,99984,100,99982,200,100010,100,99960,100,100013,100,99930,100,100064,100,99927,100,100074,100,99918,100,100107,100,99915,100,100122,100,99912,100,100126,100,99909,100,100142,100,99903,100,100155,100,99897,100
2019-06-28 09:30:00.000000045,100010,100,99982,200,100013,100,99960,100,100064,100,99930,100,100074,100,99927,100,100107,100,99918,100,100122,100,99915,100,100126,100,99912,100,100142,100,99909,100,100155,100,99903,100,,,99897,100
2019-06-28 09:30:00.000000046,100010,100,99982,200,100013,100,99960,100,100064,100,99945,100,100074,100,99930,100,100107,100,99927,100,100122,100,99918,100,100126,100,99915,100,100142,100,99912,100,100155,100,99909,100,,,99903,100
2019-06-28 09:30:00.000000050,100010,100,99982,100,100013,100,99960,100,100064,100,99945,100,100074,100,99930,100,100107,100,99927,100,100122,100,99918,100,100126,100,99915,100,100142,100,99912,100,100155,100,99909,100,,,99903,100
2019-06-28 09:30:00.000000052,100010,100,99982,100,100013,100,99960,100,100064,100,99945,100,100074,100,99930,100,100107,100,99927,100,100122,100,99918,100,100126,100,99915,100,100142,100,99912,100,100155,100,99909,100,,,99903,100
2019-06-28 09:30:00.000000055,100010,100,99993,100,100013,100,99982,100,100064,100,99960,100,100074,100,99945,100,100107,100,99930,100,100122,100,99927,100,100126,100,99918,100,100142,100,99915,100,100155,100,99912,100,,,99909,100
2019-06-28 09:30:00.000000056,100010,100,99993,100,100013,100,99982,100,100064,100,99960,100,100074,100,99945,100,100107,100,99930,100,100122,100,99927,100,100126,100,99918,100,100142,100,99915,100,100155,100,99912,100,,,99909,100
2019-06-28 09:30:00.000000057,100010,100,99993,100,100013,100,99982,100,100038,100,99960,100,100064,100,99945,100,100074,100,99930,100,100107,100,99927,100,100108,100,99918,100,100122,100,99915,100,100126,100,99912,100,100142,100,99909,100
2019-06-28 09:30:00.000000059,100010,100,99993,100,100013,100,99982,100,100038,100,99960,100,100064,100,99945,100,100074,100,99933,100,100107,100,99930,100,100108,100,99927,100,100122,100,99918,100,100126,100,99915,100,100142,100,99912,100
2019-06-28 09:30:00.000000060,100010,100,99993,100,100013,100,99990,100,100038,100,99982,100,100060,100,99960,100,100064,100,99945,100,100074,100,99933,100,100107,100,99930,100,100108,100,99927,100,100122,100,99918,100,100126,100,99915,100
2019-06-28 09:30:00.000000061,100010,100,99993,100,100013,100,99990,100,100038,100,99982,100,100060,100,99960,100,100064,100,99945,100,100074,100,99933,100,100107,100,99930,100,100108,100,99927,100,100122,100,99918,100,100123,100,99915,100
2019-06-28 09:30:00.000000063,100010,200,99993,100,100013,100,99990,100,100038,100,99982,100,100060,100,99960,100,100064,100,99945,100,100074,100,99933,100,100107,100,99930,100,100108,100,99927,100,100122,100,99918,100,100123,100,99915,100
2019-06-28 09:30:00.000000065,100010,300,99993,100,100013,100,99990,100,100038,100,99982,100,100060,100,99960,100,100064,100,99945,100,100074,100,99933,100,100107,100,99930,100,100108,100,99927,100,100122,100,99918,100,100123,100,99915,100
2019-06-28 09:30:00.000000070,100010,300,99993,100,100013,100,99990,100,100038,100,99982,100,100051,100,99960,100,100060,100,99945,100,100064,100,99933,100,100074,100,99930,100,100107,100,99927,100,100108,100,99918,100,100122,100,99915,100
2019-06-28 09:30:00.000000073,100010,400,99994,100,100013,100,99993,100,100038,100,99990,100,100051,100,99982,100,100060,100,99960,100,100064,100,99945,100,100074,100,99933,100,100107,100,99930,100,100108,100,99927,100,100122,100,99918,100
2019-06-28 09:30:00.000000074,100010,400,99994,100,100013,100,99993,100,100038,100,99990,100,100051,100,99982,100,100060,100,99960,100,100064,100,99945,100,100074,100,99933,100,100107,100,99930,100,100108,100,99927,100,100122,100,99918,100
2019-06-28 09:30:00.000000079,100010,500,99994,100,100013,100,99993,100,100038,100,99990,100,100051,100,99982,100,100060,100,99960,100,100064,100,99945,100,100074,100,99933,100,100107,100,99930,100,100108,100,99927,100,100122,100,99918,100
2019-06-28 09:30:00.000000080,100010,500,99994,100,100013,100,99993,100,100038,100,99990,100,100051,100,99982,100,100060,100,99960,100,100064,100,99950,100,100074,100,99945,100,100107,100,99933,100,100108,100,99930,100,100122,100,99927,100
2019-06-28 09:30:00.000000081,100010,500,99994,100,100013,100,99993,100,100038,100,99990,100,100051,100,99982,100,100060,100,99960,100,100064,100,99950,100,100074,100,99945,100,100107,100,99933,100,100108,100,99930,100,100122,100,99928,100
2019-06-28 09:30:00.000000082,100010,500,99994,100,100013,100,99993,100,100038,100,99990,100,100051,100,99982,100,100060,100,99960,100,100064,100,99950,100,100072,100,99945,100,100074,100,99933,100,100107,100,99930,100,100108,100,99928,100
2019-06-28 09:30:00.000000084,100009,100,99994,100,100010,500,99993,100,100013,100,99990,100,100038,100,99982,100,100051,100,99960,100,100060,100,99950,100,100064,100,99945,100,100072,100,99933,100,100074,100,99930,100,100107,100,99928,100
2019-06-28 09:30:00.000000088,100009,100,99994,100,100010,500,99993,100,100013,100,99990,100,100038,100,99982,100,100051,100,99960,100,100060,100,99950,100,100064,100,99945,100,100072,100,99933,100,100074,100,99930,100,100076,100,99928,100
2019-06-28 09:30:00.000000092,100009,100,99994,200,100010,500,99993,100,100013,100,99990,100,100038,100,99982,100,100051,100,99960,100,100060,100,99950,100,100064,100,99945,100,100072,100,99933,100,100074,100,99930,100,100076,100,99928,100
2019-06-28 09:30:00.000000093,100009,100,99994,200,100010,500,99993,100,100013,100,99990,100,100038,100,99982,100,100051,100,99960,100,100060,100,99950,100,100064,100,99945,100,100072,100,99933,100,100074,100,99930,100,100076,100,99928,100
2019-06-28 09:30:00.000000094,100009,100,99994,300,100010,500,99993,100,100013,100,99990,100,100038,100,99982,100,100051,100,99960,100,100060,100,99950,100,100064,100,99945,100,100072,100,99933,100,100074,100,99930,100,100076,100,99928,100
2019-06-28 09:30:00.000000095,100009,100,99994,300,100010,500,99993,100,100013,100,99990,100,100038,100,99982,100,100051,100,99960,100,100060,100,99950,100,100064,100,99946,100,100072,100,99945,100,100074,100,99933,100,100076,100,99930,100
2019-06-28 09:30:00.000000098,100009,200,99994,300,100010,500,99993,100,100013,100,99990,100,100038,100,99982,100,100051,100,99960,100,100060,100,99950,100,100064,100,99946,100,100072,100,99945,100,100074,100,99933,100,100076,100,99930,100
2019-06-28 09:30:00.000000099,100009,300,99994,400,100010,500,99993,100,100013,100,99990,100,100038,100,99982,100,100051,100,99960,100,100060,100,99950,100,100064,100,99946,100,100072,100,99945,100,100074,100,99933,100,100076,100,99930,100
2019-06-28 09:30:00.859553937,100009,200,99994,400,100010,500,99993,100,100013,100,99990,100,100038,100,99982,100,100051,100,99960,100,100060,100,99950,100,100064,100,99946,100,100072,100,99945,100,100074,100,99933,100,100076,100,99930,100
2019-06-28 09:30:09.336590073,100009,200,99994,300,100010,500,99993,100,100013,100,99990,100,100038,100,99982,100,100051,100,99960,100,100060,100,99950,100,100064,100,99946,100,100072,100,99945,100,100074,100,99933,100,100076,100,99930,100
2019-06-28 09:30:10.000000000,100009,304,99994,404,100010,604,99993,204,100013,204,99990,204,100038,204,99982,204,100051,100,99960,100,100060,100,99950,100,100064,100,99946,100,100072,100,99945,100,100074,100,99933,100,100076,100,99930,100
2019-06-28 09:30:18.218035595,100009,304,99994,404,100010,604,99993,204,100013,204,99990,204,100038,204,99982,204,100051,100,99960,100,100060,100,99950,100,100064,100,99946,100,100072,100,99945,100,100076,100,99933,100,100107,100,99930,100
2019-06-28 09:30:20.000000000,100009,616,99994,716,100010,500,99993,100,100013,100,99990,100,100038,100,99982,100,100051,100,99960,100,100060,100,99950,100,100064,100,99946,100,100072,100,99945,100,100076,100,99933,100,100107,100,99930,100
2019-06-28 09:30:22.521432063,100008,100,99994,716,100009,516,99993,100,100010,500,99990,100,100013,100,99982,100,100038,100,99960,100,100051,100,99950,100,100060,100,99946,100,100064,100,99945,100,100072,100,99933,100,100076,100,99930,100
2019-06-28 09:30:30.000000000,100008,308,99994,508,100009,308,99993,308,100010,500,99990,100,100013,100,99982,100,100038,100,99960,100,100051,100,99950,100,100060,100,99946,100,100064,100,99945,100,100072,100,99933,100,100076,100,99930,100
2019-06-28 09:30:40.000000000,100008,516,99994,716,100009,100,99993,100,100010,500,99990,100,100013,100,99982,100,100038,100,99960,100,100051,100,99950,100,100060,100,99946,100,100064,100,99945,100,100072,100,99933,100,100076,100,99930,100
2019-06-28 09:30:50.000000000,100008,204,99994,404,100009,204,99993,204,100010,604,99990,204,100013,204,99982,204,100038,100,99960,100,100051,100,99950,100,100060,100,99946,100,100064,100,99945,100,100072,100,99933,100,100076,100,99930,100
2019-06-28 09:31:00.000000000,100008,204,99994,404,100009,204,99993,204,100010,604,99990,204,100013,204,99982,204,100038,100,99960,100,100051,100,99950,100,100060,100,99946,100,100064,100,99945,100,100072,100,99933,100,100076,100,99930,100
2019-06-28 09:31:04.317874222,100008,204,99994,404,100009,204,99993,204,100010,604,99990,204,100013,204,99982,104,100038,100,99960,100,100051,100,99950,100,100060,100,99946,100,100064,100,99945,100,100072,100,99933,100,100076,100,99930,100
2019-06-28 09:31:10.000000000,100008,204,99994,404,100009,204,99993,204,100010,604,99990,204,100013,204,99960,204,100038,100,99950,100,100051,100,99946,100,100060,100,99945,100,100064,100,99933,100,100072,100,99930,100,100076,100,99928,100
2019-06-28 09:31:20.000000000,100008,204,99994,404,100009,204,99993,204,100010,604,99990,204,100013,204,99960,204,100038,100,99950,100,100051,100,99946,100,100060,100,99945,100,100064,100,99933,100,100072,100,99930,100,100076,100,99928,100
2019-06-28 09:31:21.452740151,100008,204,99994,404,100009,204,99993,204,100010,604,99990,204,100013,204,99960,204,100038,100,99950,100,100051,100,99946,100,100060,100,99945,100,100064,100,99933,100,100072,100,99930,100,100076,100,99928,100
2019-06-28 09:31:30.000000000,100008,516,99994,716,100009,100,99993,100,100010,500,99990,100,100013,100,99960,100,100038,100,99950,100,100051,100,99946,100,100060,100,99945,100,100064,100,99933,100,100072,100,99930,100,100076,100,99928,100
2019-06-28 09:31:40.000000000,100008,183,99994,383,100009,183,99993,183,100010,583,99990,183,100013,183,99960,183,100038,183,99950,183,100051,100,99946,100,100060,100,99945,100,100064,100,99933,100,100072,100,99930,100,100076,100,99928,100
2019-06-28 09:31:50.000000000,100008,516,99994,716,100009,100,99993,100,100010,500,99990,100,100013,100,99960,100,100038,100,99950,100,100051,100,99946,100,100060,100,99945,100,100064,100,99933,100,100072,100,99930,100,100076,100,99928,100
2019-06-28 09:31:50.262162312,100008,416,99994,716,100009,100,99993,100,100010,500,99990,100,100013,100,99960,100,100038,100,99950,100,100051,100,99946,100,100060,100,99945,100,100064,100,99933,100,100072,100,99930,100,100076,100,99928,100
2019-06-28 09:31:51.726583219,100008,416,99995,100,100009,100,99994,616,100010,500,99993,100,100013,100,99990,100,100038,100,99960,100,100051,100,99950,100,100060,100,99946,100,100064,100,99945,100,100072,100,99933,100,100076,100,99930,100
2019-06-28 09:32:00.000000000,100009,183,99995,183,100010,583,99994,283,100013,183,99993,183,100038,183,99990,183,100051,183,99960,183,100060,100,99950,100,100064,100,99946,100,100072,100,99945,100,100076,100,99933,100,100107,100,99930,100
2019-06-28 09:32:10.000000000,100009,516,99995,516,100010,500,99994,200,100013,100,99993,100,100038,100,99990,100,100051,100,99960,100,100060,100,99950,100,100064,100,99946,100,100072,100,99945,100,100076,100,99933,100,100107,100,99930,100
2019-06-28 09:32:11.309737298,100009,516,99995,516,100010,500,99994,200,100013,100,99993,100,100038,100,99990,100,100051,100,99960,100,100060,100,99950,100,100064,100,99946,100,100072,100,99945,100,100076,100,99933,100,100107,100,99930,100
2019-06-28 09:32:20.000000000,100009,204,99995,204,100010,604,99994,304,100013,204,99993,204,100038,204,99990,204,100051,100,99960,100,100060,100,99950,100,100064,100,99946,100,100072,100,99945,100,100076,100,99933,100,100107,100,99930,100
2019-06-28 09:32:24.604867410,100009,204,99995,304,100010,504,99994,304,100013,204,99993,204,100038,204,99990,204,100051,100,99960,100,100060,100,99950,100,100064,100,99946,100,100072,100,99945,100,100076,100,99933,100,100107,100,99930,100
2019-06-28 09:32:30.000000000,100009,183,99995,283,100010,483,99994,283,100013,183,99993,183,100038,183,99990,183,100051,183,99960,183,100060,100,99950,100,100064,100,99946,100,100072,100,99945,100,100076,100,99933,100,100107,100,99930,100
2019-06-28 09:32:32.309735300,100009,183,99995,283,100010,383,99994,283,100013,183,99993,183,100038,183,99990,183,100051,183,99960,183,100060,100,99950,100,100064,100,99946,100,100072,100,99945,100,100076,100,99933,100,100107,100,99930,100
2019-06-28 09:32:39.178803830,100009,183,99995,283,100010,383,99994,283,100013,183,99993,183,100038,183,99990,183,100051,183,99960,183,100060,100,99950,100,100072,100,99946,100,100076,100,99945,100,100107,100,99933,100,100108,100,99930,100
2019-06-28 09:32:40.000000000,100009,516,99995,616,100010,300,99994,200,100013,100,99993,100,100038,100,99990,100,100051,100,99960,100,100060,100,99950,100,100072,100,99946,100,100076,100,99945,100,100107,100,99933,100,100108,100,99930,100
2019-06-28 09:32:50.000000000,100009,308,99995,408,100010,508,99994,408,100013,100,99993,100,100038,100,99990,100,100051,100,99960,100,100060,100,99950,100,100072,100,99946,100,100076,100,99945,100,100107,100,99933,100,100108,100,99930,100
2019-06-28 09:32:53.268343378,100009,308,99995,408,100010,408,99994,408,100013,100,99993,100,100038,100,99990,100,100051,100,99960,100,100060,100,99950,100,100072,100,99946,100,100076,100,99945,100,100107,100,99933,100,100108,100,99930,100
2019-06-28 09:32:54.573017514,100007,100,99995,408,100009,308,99994,408,100010,308,99993,100,100013,100,99990,100,100038,100,99960,100,100051,100,99950,100,100060,100,99946,100,100072,100,99945,100,100076,100,99933,100,100107,100,99930,100
2019-06-28 09:33:00.000000000,100007,241,99995,341,100009,237,99994,337,100010,237,99993,237,100013,100,99990,100,100038,100,99960,100,100051,100,99950,100,100060,100,99946,100,100072,100,99945,100,100076,100,99933,100,100107,100,99930,100
2019-06-28 09:33:10.000000000,100007,183,99995,283,100009,183,99994,283,100010,183,99993,183,100013,183,99990,183,100038,183,99960,183,100051,100,99950,100,100060,100,99946,100,100072,100,99945,100,100076,100,99933,100,100107,100,99930,100
2019-06-28 09:33:20.000000000,100007,183,99995,283,100009,183,99994,283,100010,183,99993,183,100013,183,99990,183,100038,183,99960,183,100051,100,99950,100,100060,100,99946,100,100072,100,99945,100,100076,100,99933,100,100107,100,99930,100
2019-06-28 09:33:28.373285393,100007,183,99995,283,100009,183,99994,283,100010,183,99993,183,100013,183,99990,183,100038,183,99960,183,100051,100,99950,100,100053,100,99946,100,100060,100,99945,100,100072,100,99933,100,100076,100,99930,100
2019-06-28 09:33:30.000000000,100007,204,99995,304,100009,204,99994,304,100010,204,99993,204,100013,204,99990,204,100038,100,99960,100,100051,100,99950,100,100053,100,99946,100,100060,100,99945,100,100072,100,99933,100,100076,100,99930,100
2019-06-28 09:33:40.000000000,100007,183,99995,283,100009,183,99994,283,100010,183,99993,183,100013,183,99990,183,100038,183,99960,183,100051,100,99950,100,100053,100,99946,100,100060,100,99945,100,100072,100,99933,100,100076,100,99930,100
2019-06-28 09:33:50.000000000,100007,308,99995,408,100009,308,99994,408,100010,100,99993,100,100013,100,99990,100,100038,100,99960,100,100051,100,99950,100,100053,100,99946,100,100060,100,99945,100,100072,100,99933,100,100076,100,99930,100
2019-06-28 09:33:50.651829619,100007,208,99995,408,100009,308,99994,408,100010,100,99993,100,100013,100,99960,100,100038,100,99950,100,100051,100,99946,100,100053,100,99945,100,100060,100,99933,100,100072,100,99930,100,100076,100,99928,100
2019-06-28 09:34:00.000000000,100009,516,99995,616,100010,100,99994,200,100013,100,99993,100,100038,100,99960,100,100051,100,99950,100,100053,100,99946,100,100060,100,99945,100,100072,100,99933,100,100076,100,99930,100,100107,100,99928,100
2019-06-28 09:34:09.458869409,100006,100,99995,616,100009,516,99994,200,100010,100,99993,100,100013,100,99960,100,100038,100,99950,100,100051,100,99946,100,100053,100,99945,100,100060,100,99933,100,100072,100,99930,100,100076,100,99928,100
2019-06-28 09:34:10.000000000,100006,241,99995,341,100009,237,99994,337,100010,237,99993,237,100013,100,99960,100,100038,100,99950,100,100051,100,99946,100,100053,100,99945,100,100060,100,99933,100,100072,100,99930,100,100076,100,99928,100
2019-06-28 09:34:14.347606816,100006,241,99995,341,100009,237,99994,337,100010,237,99993,237,100013,100,99960,100,100038,100,99950,100,100051,100,99946,100,100053,100,99945,100,100060,100,99933,100,100072,100,99930,100,100076,100,99928,100
2019-06-28 09:34:20.000000000,100006,183,99995,283,100009,183,99994,283,100010,183,99993,183,100013,183,99960,183,100038,183,99950,183,100051,100,99946,100,100053,100,99945,100,100060,100,99933,100,100072,100,99930,100,100076,100,99928,100
2019-06-28 09:34:30.000000000,100006,204,99995,304,100009,204,99994,304,100010,204,99993,204,100013,204,99960,204,100038,100,99950,100,100051,100,99946,100,100053,100,99945,100,100060,100,99933,100,100072,100,99930,100,100076,100,99928,100
2019-06-28 09:34:32.855072409,100006,304,99995,304,100009,204,99994,304,100010,204,99993,204,100013,204,99960,204,100038,100,99950,100,100051,100,99946,100,100053,100,99945,100,100060,100,99933,100,100072,100,99930,100,100076,100,99928,100
2019-06-28 09:34:36.958572865,100006,304,99995,204,100009,204,99994,304,100010,204,99993,204,100013,204,99960,204,100038,100,99950,100,100051,100,99946,100,100053,100,99945,100,100060,100,99933,100,100072,100,99930,100,100076,100,99928,100
2019-06-28 09:34:40.000000000,100006,616,99995,516,100009,100,99994,200,100010,100,99993,100,100013,100,99960,100,100038,100,99950,100,100051,100,99946,100,100053,100,99945,100,100060,100,99933,100,100072,100,99930,100,100076,100,99928,100
2019-06-28 09:34:50.000000000,100006,341,99995,241,100009,237,99994,337,100010,237,99993,237,100013,100,99960,100,100038,100,99950,100,100051,100,99946,100,100053,100,99945,100,100060,100,99933,100,100072,100,99930,100,100076,100,99928,100
2019-06-28 09:34:58.596930354,100006,341,99995,241,100009,237,99994,337,100010,237,99993,237,100013,100,99960,100,100038,100,99950,100,100051,100,99946,100,100053,100,99945,100,100060,100,99933,100,100072,100,99930,100,100076,100,99928,100
2019-06-28 09:35:00.000000000,100006,304,99995,204,100009,204,99994,304,100010,204,99993,204,100013,204,99960,204,100038,100,99950,100,100051,100,99946,100,100053,100,99945,100,100060,100,99933,100,100072,100,99930,100,100076,100,99928,100
2019-06-28 09:35:10.000000000,100006,616,99995,516,100009,100,99994,200,100010,100,99993,100,100013,100,99960,100,100038,100,99950,100,100051,100,99946,100,100053,100,99945,100,100060,100,99933,100,100072,100,99930,100,100076,100,99928,100
2019-06-28 09:35:12.184336592,100005,100,99995,516,100006,616,99994,200,100009,100,99993,100,100010,100,99960,100,100013,100,99950,100,100038,100,99946,100,100051,100,99945,100,100053,100,99933,100,100060,100,99930,100,100072,100,99928,100
2019-06-28 09:35:13.171076765,100005,100,99995,516,100006,616,99994,200,100009,100,99993,100,100010,100,99960,100,100013,100,99950,100,100038,100,99945,100,100051,100,99933,100,100053,100,99930,100,100060,100,99928,100,100072,100,99918,100
2019-06-28 09:35:20.000000000,100005,308,99995,308,100006,408,99994,408,100009,100,99993,100,100010,100,99960,100,100013,100,99950,100,100038,100,99945,100,100051,100,99933,100,100053,100,99930,100,100060,100,99928,100,100072,100,99918,100
2019-06-28 09:35:22.524666670,100005,308,99995,308,100006,408,99994,408,100009,100,99993,100,100010,100,99960,100,100013,100,99950,100,100038,100,99945,100,100051,100,99933,100,100053,100,99930,100,100060,100,99928,100,100072,100,99918,100
2019-06-28 09:35:30.000000000,100005,308,99995,308,100006,408,99994,408,100009,100,99993,100,100010,100,99960,100,100013,100,99950,100,100038,100,99945,100,100051,100,99933,100,100053,100,99930,100,100060,100,99928,100,100072,100,99918,100
2019-06-28 09:35:40.000000000,100005,204,99995,204,100006,304,99994,304,100009,204,99993,204,100010,204,99960,204,100013,100,99950,100,100038,100,99945,100,100051,100,99933,100,100053,100,99930,100,100060,100,99928,100,100072,100,99918,100
2019-06-28 09:35:50.000000000,100005,241,99995,241,100006,337,99994,337,100009,237,99993,237,100010,100,99960,100,100013,100,99950,100,100038,100,99945,100,100051,100,99933,100,100053,100,99930,100,100060,100,99928,100,100072,100,99918,100
2019-06-28 09:35:58.263954730,100005,241,99995,341,100006,337,99994,337,100009,237,99993,237,100010,100,99960,100,100038,100,99950,100,100051,100,99945,100,100053,100,99933,100,100060,100,99930,100,100072,100,99928,100,100076,100,99918,100
2019-06-28 09:36:00.000000000,100005,183,99995,283,100006,283,99994,283,100009,183,99993,183,100010,183,99960,183,100038,183,99950,183,100051,100,99945,100,100053,100,99933,100,100060,100,99930,100,100072,100,99928,100,100076,100,99918,100
2019-06-28 09:36:10.000000000,100005,183,99995,283,100006,283,99994,283,100009,183,99993,183,100010,183,99960,183,100038,183,99950,183,100051,100,99945,100,100053,100,99933,100,100060,100,99930,100,100072,100,99928,100,100076,100,99918,100
2019-06-28 09:36:20.000000000,100005,241,99995,341,100006,337,99994,337,100009,237,99993,237,100010,100,99960,100,100038,100,99950,100,100051,100,99945,100,100053,100,99933,100,100060,100,99930,100,100072,100,99928,100,100076,100,99918,100
2019-06-28 09:36:20.642780548,100005,241,99996,100,100006,337,99995,341,100009,237,99994,337,100010,100,99993,237,100038,100,99960,100,100051,100,99950,100,100053,100,99945,100,100060,100,99933,100,100072,100,99930,100,100076,100,99928,100
2019-06-28 09:36:27.353278428,100005,241,99996,200,100006,337,99995,341,100009,237,99994,237,100010,100,99993,237,100038,100,99960,100,100051,100,99950,100,100053,100,99945,100,100060,100,99933,100,100072,100,99930,100,100076,100,99928,100
2019-06-28 09:36:30.000000000,100005,308,99996,408,100006,408,99995,408,100009,100,99994,100,100010,100,99993,100,100038,100,99960,100,100051,100,99950,100,100053,100,99945,100,100060,100,99933,100,100072,100,99930,100,100076,100,99928,100
2019-06-28 09:36:32.651476522,100005,308,99996,408,100006,408,99995,408,100009,100,99994,100,100010,100,99993,100,100038,100,99960,100,100051,100,99950,100,100053,100,99945,100,100060,100,99933,100,100072,100,99930,100,100076,100,99928,100
2019-06-28 09:36:40.000000000,100005,308,99996,408,100006,408,99995,408,100009,100,99994,100,100010,100,99993,100,100038,100,99960,100,100051,100,99950,100,100053,100,99945,100,100060,100,99933,100,100072,100,99930,100,100076,100,99928,100
2019-06-28 09:36:50.000000000,100005,241,99996,341,100006,337,99995,337,100009,237,99994,237,100010,100,99993,100,100038,100,99960,100,100051,100,99950,100,100053,100,99945,100,100060,100,99933,100,100072,100,99930,100,100076,100,99928,100
2019-06-28 09:37:00.000000000,100005,516,99996,616,100006,200,99995,200,100009,100,99994,100,100010,100,99993,100,100038,100,99960,100,100051,100,99950,100,100053,100,99945,100,100060,100,99933,100,100072,100,99930,100,100076,100,99928,100
2019-06-28 09:37:10.000000000,100005,516,99996,616,100006,200,99995,200,100009,100,99994,100,100010,100,99993,100,100038,100,99960,100,100051,100,99950,100,100053,100,99945,100,100060,100,99933,100,100072,100,99930,100,100076,100,99928,100
2019-06-28 09:37:20.000000000,100005,308,99996,408,100006,408,99995,408,100009,100,99994,100,100010,100,99993,100,100038,100,99960,100,100051,100,99950,100,100053,100,99945,100,100060,100,99933,100,100072,100,99930,100,100076,100,99928,100
2019-06-28 09:37:24.716048921,100005,308,99996,408,100006,408,99995,408,100009,100,99994,100,100010,100,99993,100,100038,100,99960,100,100051,100,99950,100,100053,100,99945,100,100060,100,99933,100,100072,100,99930,100,100076,100,99928,100
2019-06-28 09:37:30.000000000,100005,241,99996,341,100006,337,99995,337,100009,237,99994,237,100010,100,99993,100,100038,100,99960,100,100051,100,99950,100,100053,100,99945,100,100060,100,99933,100,100072,100,99930,100,100076,100,99928,100
2019-06-28 09:37:40.000000000,100005,183,99996,283,100006,283,99995,283,100009,183,99994,183,100010,183,99993,183,100038,183,99960,183,100051,100,99950,100,100053,100,99945,100,100060,100,99933,100,100072,100,99930,100,100076,100,99928,100
2019-06-28 09:37:45.454027037,100005,283,99996,283,100006,283,99995,283,100009,183,99994,183,100010,183,99993,183,100038,183,99960,183,100051,100,99950,100,100053,100,99945,100,100060,100,99933,100,100072,100,99930,100,100076,100,99928,100
2019-06-28 09:37:50.000000000,100005,616,99996,616,100006,200,99995,200,100009,100,99994,100,100010,100,99993,100,100038,100,99960,100,100051,100,99950,100,100053,100,99945,100,100060,100,99933,100,100072,100,99930,100,100076,100,99928,100
2019-06-28 09:38:00.000000000,100005,341,99996,341,100006,337,99995,337,100009,237,99994,237,100010,100,99993,100,100038,100,99960,100,100051,100,99950,100,100053,100,99945,100,100060,100,99933,100,100072,100,99930,100,100076,100,99928,100
2019-06-28 09:38:00.945244993,100005,341,99996,341,100006,337,99995,337,100009,237,99994,237,100010,100,99993,100,100038,100,99960,100,100051,100,99950,100,100053,100,99945,100,100060,100,99933,100,100072,100,99930,100,100076,100,99928,100
2019-06-28 09:38:10.000000000,100005,283,99996,283,100006,283,99995,283,100009,183,99994,183,100010,183,99993,183,100038,183,99960,183,100051,100,99950,100,100053,100,99945,100,100060,100,99933,100,100072,100,99930,100,100076,100,99928,100
2019-06-28 09:38:15.387142018,100005,283,99996,283,100006,283,99995,283,100009,183,99994,183,100010,183,99993,183,100038,183,99960,183,100051,100,99950,100,100053,100,99945,100,100060,100,99933,100,100072,100,99930,100,100076,100,99928,100
2019-06-28 09:38:18.710759928,100005,283,99996,283,100006,283,99995,283,100009,183,99994,183,100010,183,99993,183,100038,183,99960,183,100051,100,99950,100,100053,100,99945,100,100060,100,99933,100,100072,100,99930,100,100076,100,99928,100
2019-06-28 09:38:20.000000000,100005,283,99996,283,100006,283,99995,283,100009,183,99994,183,100010,183,99993,183,100038,183,99960,183,100051,100,99950,100,100053,100,99945,100,100060,100,99933,100,100072,100,99930,100,100076,100,99928,100
2019-06-28 09:38:23.258604259,100005,283,99996,283,100006,283,99995,283,100009,183,99994,183,100010,183,99993,183,100038,183,99960,183,100051,100,99950,100,100053,100,99945,100,100060,100,99933,100,100072,100,99930,100,100076,100,99928,100
2019-06-28 09:38:24.154254231,100005,283,99996,283,100006,283,99995,283,100009,183,99994,183,100010,183,99993,183,100038,183,99960,183,100051,100,99950,100,100053,100,99945,100,100060,100,99933,100,100072,100,99930,100,100076,100,99928,100
2019-06-28 09:38:30.000000000,100005,341,99996,341,100006,337,99995,337,100009,237,99994,237,100010,100,99993,100,100038,100,99960,100,100051,100,99950,100,100053,100,99945,100,100060,100,99933,100,100072,100,99930,100,100076,100,99928,100
2019-06-28 09:38:40.000000000,100005,616,99996,616,100006,200,99995,200,100009,100,99994,100,100010,100,99993,100,100038,100,99960,100,100051,100,99950,100,100053,100,99945,100,100060,100,99933,100,100072,100,99930,100,100076,100,99928,100
2019-06-28 09:38:50.000000000,100005,341,99996,341,100006,337,99995,337,100009,237,99994,237,100010,100,99993,100,100038,100,99960,100,100051,100,99950,100,100053,100,99945,100,100060,100,99933,100,100072,100,99930,100,100076,100,99928,100
2019-06-28 09:39:00.000000000,100005,408,99996,408,100006,408,99995,408,100009,100,99994,100,100010,100,99993,100,100038,100,99960,100,100051,100,99950,100,100053,100,99945,100,100060,100,99933,100,100072,100,99930,100,100076,100,99928,100
2019-06-28 09:39:10.000000000,100005,408,99996,408,100006,408,99995,408,100009,100,99994,100,100010,100,99993,100,100038,100,99960,100,100051,100,99950,100,100053,100,99945,100,100060,100,99933,100,100072,100,99930,100,100076,100,99928,100
2019-06-28 09:39:20.000000000,100005,304,99996,304,100006,304,99995,304,100009,204,99994,204,100010,204,99993,204,100038,100,99960,100,100051,100,99950,100,100053,100,99945,100,100060,100,99933,100,100072,100,99930,100,100076,100,99928,100
2019-06-28 09:39:30.000000000,100005,283,99996,283,100006,283,99995,283,100009,183,99994,183,100010,183,99993,183,100038,183,99960,183,100051,100,99950,100,100053,100,99945,100,100060,100,99933,100,100072,100,99930,100,100076,100,99928,100
2019-06-28 09:39:40.000000000,100005,616,99996,616,100006,200,99995,200,100009,100,99994,100,100010,100,99993,100,100038,100,99960,100,100051,100,99950,100,100053,100,99945,100,100060,100,99933,100,100072,100,99930,100,100076,100,99928,100
2019-06-28 09:39:47.946235171,100005,616,99996,616,100006,200,99995,200,100009,100,99994,100,100010,100,99993,100,100038,100,99960,100,100051,100,99950,100,100053,100,99945,100,100060,100,99933,100,100072,100,99930,100,100076,100,99928,100
2019-06-28 09:39:50.000000000,100005,304,99996,304,100006,304,99995,304,100009,204,99994,204,100010,204,99993,204,100038,100,99960,100,100051,100,99950,100,100053,100,99945,100,100060,100,99933,100,100072,100,99930,100,100076,100,99928,100
2019-06-28 09:39:56.861123811,100005,304,99996,204,100006,304,99995,304,100009,204,99994,204,100010,204,99993,204,100038,100,99960,100,100051,100,99950,100,100053,100,99945,100,100060,100,99933,100,100072,100,99930,100,100076,100,99928,100
2019-06-28 09:40:00.000000000,100005,341,99996,241,100006,337,99995,337,100009,237,99994,237,100010,100,99993,100,100038,100,99960,100,100051,100,99950,100,100053,100,99945,100,100060,100,99933,100,100072,100,99930,100,100076,100,99928,100
2019-06-28 09:40:02.815791018,100005,341,99996,241,100006,337,99995,337,100009,237,99994,237,100010,100,99993,100,100038,100,99960,100,100051,100,99950,100,100053,100,99945,100,100060,100,99933,100,100072,100,99930,100,100076,100,99928,100
2019-06-28 09:40:10.000000000,100005,408,99996,308,100006,408,99995,408,100009,100,99994,100,100010,100,99993,100,100038,100,99960,100,100051,100,99950,100,100053,100,99945,100,100060,100,99933,100,100072,100,99930,100,100076,100,99928,100
2019-06-28 09:40:12.255428393,100005,408,99996,308,100006,408,99995,408,100009,100,99994,100,100010,100,99993,100,100038,100,99960,100,100051,100,99950,100,100053,100,99945,100,100060,100,99933,100,100072,100,99930,100,100076,100,99928,100
2019-06-28 09:40:17.190906879,100005,408,99996,208,100006,408,99995,408,100009,100,99994,100,100010,100,99993,100,100038,100,99960,100,100051,100,99950,100,100053,100,99945,100,100060,100,99930,100,100072,100,99928,100,100076,100,99918,100
2019-06-28 09:40:20.000000000,100005,341,99995,341,100006,337,99994,237,100009,237,99993,237,100010,100,99960,100,100038,100,99950,100,100051,100,99945,100,100053,100,99930,100,100060,100,99928,100,100072,100,99918,100,100076,100,99915,100
2019-06-28 09:40:27.812932287,100005,341,99995,341,100006,337,99994,237,100009,237,99993,237,100010,100,99960,100,100038,100,99950,100,100051,100,99945,100,100053,100,99930,100,100060,100,99928,100,100072,100,99918,100,100076,100,99915,100
2019-06-28 09:40:30.000000000,100005,616,99995,616,100006,200,99994,100,100009,100,99993,100,100010,100,99960,100,100038,100,99950,100,100051,100,99945,100,100053,100,99930,100,100060,100,99928,100,100072,100,99918,100,100076,100,99915,100
2019-06-28 09:40:31.290678800,100005,616,99995,516,100006,200,99994,100,100009,100,99993,100,100010,100,99960,100,100038,100,99950,100,100051,100,99945,100,100053,100,99930,100,100060,100,99928,100,100072,100,99918,100,100076,100,99915,100
2019-06-28 09:40:40.000000000,100005,616,99995,516,100006,200,99994,100,100009,100,99993,100,100010,100,99960,100,100038,100,99950,100,100051,100,99945,100,100053,100,99930,100,100060,100,99928,100,100072,100,99918,100,100076,100,99915,100
2019-06-28 09:40:43.268444254,100005,616,99995,516,100006,200,99994,100,100009,100,99993,100,100010,100,99960,100,100038,100,99950,100,100051,100,99945,100,100053,100,99930,100,100060,100,99928,100,100072,100,99918,100,100076,100,99915,100
2019-06-28 09:40:50.000000000,100005,616,99995,516,100006,200,99994,100,100009,100,99993,100,100010,100,99960,100,100038,100,99950,100,100051,100,99945,100,100053,100,99930,100,100060,100,99928,100,100072,100,99918,100,100076,100,99915,100
2019-06-28 09:41:00.000000000,100005,616,99995,516,100006,200,99994,100,100009,100,99993,100,100010,100,99960,100,100038,100,99950,100,100051,100,99945,100,100053,100,99930,100,100060,100,99928,100,100072,100,99918,100,100076,100,99915,100
2019-06-28 09:41:07.279123134,99996,100,99995,516,100005,616,99994,100,100006,200,99993,100,100009,100,99960,100,100010,100,99950,100,100038,100,99945,100,100051,100,99930,100,100053,100,99928,100,100060,100,99918,100,100072,100,99915,100
2019-06-28 09:41:08.904407183,99996,100,99995,516,100005,616,99994,100,100006,200,99993,100,100009,100,99960,100,100010,100,99950,100,100038,100,99945,100,100051,100,99930,100,100053,100,99928,100,100060,100,99918,100,100072,100,99915,100
2019-06-28 09:41:10.000000000,99996,241,99995,241,100005,337,99994,237,100006,337,99993,237,100009,100,99960,100,100010,100,99950,100,100038,100,99945,100,100051,100,99930,100,100053,100,99928,100,100060,100,99918,100,100072,100,99915,100
2019-06-28 09:41:11.279786418,99996,241,99995,241,100005,337,99994,237,100006,337,99993,237,100009,100,99960,100,100010,100,99950,100,100038,100,99945,100,100051,100,99930,100,100053,100,99928,100,100060,100,99918,100,100072,100,99915,100
2019-06-28 09:41:15.202472946,99996,241,99995,141,100005,337,99994,237,100006,337,99993,237,100009,100,99960,100,100010,100,99950,100,100038,100,99945,100,100051,100,99930,100,100053,100,99928,100,100060,100,99918,100,100072,100,99912,100
2019-06-28 09:41:20.000000000,99996,308,99994,308,100005,408,99993,308,100006,200,99960,100,100009,100,99950,100,100010,100,99945,100,100038,100,99930,100,100051,100,99928,100,100053,100,99918,100,100060,100,99912,100,100072,100,99903,100
2019-06-28 09:41:30.000000000,99996,241,99994,241,100005,337,99993,237,100006,337,99960,237,100009,100,99950,100,100010,100,99945,100,100038,100,99930,100,100051,100,99928,100,100053,100,99918,100,100060,100,99912,100,100072,100,99903,100
2019-06-28 09:41:40.000000000,99996,241,99994,241,100005,337,99993,237,100006,337,99960,237,100009,100,99950,100,100010,100,99945,100,100038,100,99930,100,100051,100,99928,100,100053,100,99918,100,100060,100,99912,100,100072,100,99903,100
2019-06-28 09:41:44.873232945,99996,241,99994,241,100005,337,99993,237,100006,337,99960,237,100009,100,99950,100,100010,100,99945,100,100038,100,99930,100,100051,100,99928,100,100053,100,99918,100,100060,100,99912,100,100072,100,99903,100
2019-06-28 09:41:47.382477924,99996,241,99994,141,100005,337,99993,237,100006,337,99960,237,100009,100,99950,100,100010,100,99945,100,100038,100,99930,100,100051,100,99928,100,100053,100,99918,100,100060,100,99912,100,100126,100,99903,100
2019-06-28 09:41:50.000000000,99996,308,99993,308,100005,408,99960,308,100006,200,99950,100,100009,100,99945,100,100010,100,99930,100,100038,100,99928,100,100051,100,99918,100,100053,100,99912,100,100060,100,99903,100,100126,100,99897,100
2019-06-28 09:42:00.000000000,99996,204,99993,204,100005,304,99960,204,100006,304,99950,204,100009,204,99945,204,100010,100,99930,100,100038,100,99928,100,100051,100,99918,100,100053,100,99912,100,100060,100,99903,100,100126,100,99897,100
2019-06-28 09:42:04.056342539,99996,204,99993,204,100005,304,99960,204,100006,304,99950,204,100009,204,99945,204,100010,100,99930,100,100038,100,99928,100,100051,100,99918,100,100053,100,99912,100,100060,100,99903,100,100126,100,99897,100
2019-06-28 09:42:04.170853814,99996,204,99993,204,100005,304,99960,204,100006,304,99950,204,100009,204,99945,204,100010,100,99930,100,100038,100,99928,100,100051,100,99918,100,100053,100,99912,100,100060,100,99903,100,100126,100,99897,100
2019-06-28 09:42:10.000000000,99996,183,99993,183,100005,283,99960,183,100006,283,99950,183,100009,183,99945,183,100010,183,99930,183,100038,100,99928,100,100051,100,99918,100,100053,100,99912,100,100060,100,99903,100,100126,100,99897,100
2019-06-28 09:42:12.812438820,99996,183,99993,183,100005,283,99960,183,100006,283,99950,183,100009,183,99945,183,100010,183,99930,183,100038,100,99928,100,100051,100,99918,100,100053,100,99912,100,100060,100,99903,100,100126,100,99897,100
2019-06-28 09:42:20.000000000,99996,183,99993,183,100005,283,99960,183,100006,283,99950,183,100009,183,99945,183,100010,183,99930,183,100038,100,99928,100,100051,100,99918,100,100053,100,99912,100,100060,100,99903,100,100126,100,99897,100
2019-06-28 09:42:21.986372597,99995,100,99993,183,99996,183,99960,183,100005,183,99950,183,100006,283,99945,183,100009,183,99930,183,100010,183,99928,100,100038,100,99918,100,100051,100,99912,100,100053,100,99903,100,100060,100,99897,100
2019-06-28 09:42:26.190344912,99995,100,99993,83,99996,183,99960,183,100005,183,99950,183,100006,283,99945,183,100009,183,99930,183,100010,183,99928,100,100038,100,99918,100,100051,100,99912,100,100053,100,99903,100,100060,100,99897,100
2019-06-28 09:42:30.000000000,99995,241,99960,241,99996,237,99950,237,100005,237,99945,237,100006,200,99930,100,100009,100,99928,100,100010,100,99918,100,100038,100,99912,100,100051,100,99903,100,100053,100,99897,100,100060,100,99896,100
2019-06-28 09:42:40.000000000,99995,204,99960,204,99996,204,99950,204,100005,204,99945,204,100006,304,99930,204,100009,100,99928,100,100010,100,99918,100,100038,100,99912,100,100051,100,99903,100,100053,100,99897,100,100060,100,99896,100
2019-06-28 09:42:45.971443111,99994,100,99960,204,99995,204,99950,204,99996,204,99945,204,100005,204,99930,204,100006,304,99928,100,100009,100,99918,100,100010,100,99912,100,100038,100,99903,100,100051,100,99897,100,100053,100,99896,100
2019-06-28 09:42:47.097789615,99994,100,99960,104,99995,204,99950,204,99996,204,99945,104,100005,204,99930,204,100006,304,99928,100,100009,100,99918,100,100010,100,99912,100,100038,100,99903,100,100051,100,99897,100,100053,100,99896,100
2019-06-28 09:42:50.000000000,99994,241,99950,241,99995,237,99930,237,99996,237,99928,237,100005,100,99918,100,100006,200,99912,100,100009,100,99903,100,100010,100,99897,100,100038,100,99896,100,100051,100,99877,100,100053,100,99855,100
2019-06-28 09:43:00.000000000,99994,183,99950,183,99995,183,99930,183,99996,183,99928,183,100005,183,99918,183,100006,283,99912,183,100009,100,99903,100,100010,100,99897,100,100038,100,99896,100,100051,100,99877,100,100053,100,99855,100
2019-06-28 09:43:07.532618619,99994,183,99950,83,99995,183,99930,183,99996,183,99928,83,100005,183,99918,183,100006,283,99912,183,100009,100,99903,100,100010,100,99897,100,100038,100,99896,100,100051,100,99877,100,100053,100,99855,100
2019-06-28 09:43:10.000000000,99994,308,99930,308,99995,308,99918,308,99996,100,99912,100,100005,100,99903,100,100006,200,99897,100,100009,100,99896,100,100010,100,99877,100,100038,100,99855,100,100051,100,99851,100,100053,100,99845,100
2019-06-28 09:43:20.000000000,99994,308,99930,308,99995,308,99918,308,99996,100,99912,100,100005,100,99903,100,100006,200,99897,100,100009,100,99896,100,100010,100,99877,100,100038,100,99855,100,100051,100,99851,100,100053,100,99845,100
2019-06-28 09:43:23.393141316,99994,308,99930,208,99995,308,99918,308,99996,100,99912,100,100005,100,99903,100,100006,200,99897,100,100009,100,99896,100,100010,100,99877,100,100038,100,99855,100,100051,100,99851,100,100053,100,99845,100
2019-06-28 09:43:28.773977872,99994,308,99930,108,99995,308,99918,308,99996,100,99912,100,100005,100,99903,100,100006,200,99897,100,100009,100,99896,100,100010,100,99877,100,100038,100,99855,100,100051,100,99851,100,100053,100,99845,100
2019-06-28 09:43:30.000000000,99994,204,99918,204,99995,204,99912,204,99996,204,99903,204,100005,204,99897,204,100006,200,99896,100,100009,100,99877,100,100010,100,99855,100,100038,100,99851,100,100051,100,99845,100,100053,100,99824,100
2019-06-28 09:43:34.008160857,99994,204,99918,204,99995,204,99912,204,99996,104,99903,204,100005,204,99897,204,100006,200,99896,100,100009,100,99877,100,100010,100,99855,100,100038,100,99851,100,100051,100,99845,100,100053,100,99824,100
2019-06-28 09:43:38.238350076,99994,204,99918,204,99995,204,99912,204,99996,104,99903,204,100005,204,99897,204,100006,200,99896,100,100009,100,99877,100,100010,100,99855,100,100038,100,99851,100,100051,100,99824,100,100053,100,99773,100
2019-06-28 09:43:40.000000000,99994,204,99918,204,99995,204,99912,204,100005,204,99903,204,100006,304,99897,204,100009,100,99896,100,100010,100,99877,100,100038,100,99855,100,100051,100,99851,100,100053,100,99824,100,100126,100,99773,100
2019-06-28 09:43:50.000000000,99994,241,99918,241,99995,237,99912,237,100005,237,99903,237,100006,200,99897,100,100009,100,99896,100,100010,100,99877,100,100038,100,99855,100,100051,100,99851,100,100053,100,99824,100,100126,100,99773,100
2019-06-28 09:44:00.000000000,99994,183,99918,183,99995,183,99912,183,100005,183,99903,183,100006,283,99897,183,100009,183,99896,183,100010,100,99877,100,100038,100,99855,100,100051,100,99851,100,100053,100,99824,100,100126,100,99773,100
2019-06-28 09:44:10.000000000,99994,204,99918,204,99995,204,99912,204,100005,204,99903,204,100006,304,99897,204,100009,100,99896,100,100010,100,99877,100,100038,100,99855,100,100051,100,99851,100,100053,100,99824,100,100126,100,99773,100
2019-06-28 09:44:20.000000000,99994,241,99918,241,99995,237,99912,237,100005,237,99903,237,100006,200,99897,100,100009,100,99896,100,100010,100,99877,100,100038,100,99855,100,100051,100,99851,100,100053,100,99824,100,100126,100,99773,100
2019-06-28 09:44:23.646159291,99994,241,99918,141,99995,237,99912,237,100005,237,99903,237,100006,200,99897,100,100009,100,99896,100,100010,100,99877,100,100038,100,99855,100,100051,100,99851,100,100053,100,99824,100,100126,100,99773,100
2019-06-28 09:44:25.435515879,99930,100,99918,141,99994,241,99912,237,99995,237,99903,237,100005,237,99897,100,100006,200,99896,100,100009,100,99877,100,100010,100,99855,100,100038,100,99851,100,100051,100,99824,100,100053,100,99773,100
2019-06-28 09:44:30.000000000,99930,308,99912,308,99994,308,99903,308,99995,100,99897,100,100005,100,99896,100,100006,200,99877,100,100009,100,99855,100,100010,100,99851,100,100038,100,99824,100,100051,100,99773,100,100053,100,99690,100
2019-06-28 09:44:34.599225904,99930,308,99912,208,99994,308,99903,308,99995,100,99897,100,100005,100,99896,100,100006,200,99877,100,100009,100,99855,100,100010,100,99851,100,100038,100,99824,100,100051,100,99773,100,100053,100,99690,100
2019-06-28 09:44:36.894974427,99930,308,99912,108,99994,308,99903,308,99995,100,99897,100,100005,100,99896,100,100006,200,99877,100,100009,100,99855,100,100010,100,99851,100,100038,100,99773,100,100051,100,99690,100,100053,100,99645,100
2019-06-28 09:44:40.000000000,99930,308,99903,308,99994,308,99897,308,99995,100,99896,100,100005,100,99877,100,100006,200,99855,100,100009,100,99851,100,100010,100,99773,100,100038,100,99690,100,100051,100,99645,100,100053,100,99625,100
2019-06-28 09:44:50.000000000,99930,183,99903,183,99994,183,99897,183,99995,183,99896,183,100005,183,99877,183,100006,283,99855,183,100009,100,99851,100,100010,100,99773,100,100038,100,99690,100,100051,100,99645,100,100053,100,99625,100
2019-06-28 09:45:00.000000000,99930,183,99903,183,99994,183,99897,183,99995,183,99896,183,100005,183,99877,183,100006,283,99855,183,100009,100,99851,100,100010,100,99773,100,100038,100,99690,100,100051,100,99645,100,100053,100,99625,100
2019-06-28 09:45:10.000000000,99930,204,99903,204,99994,204,99897,204,99995,204,99896,204,100005,204,99877,204,100006,200,99855,100,100009,100,99851,100,100010,100,99773,100,100038,100,99690,100,100051,100,99645,100,100053,100,99625,100
2019-06-28 09:45:13.458644798,99930,204,99903,104,99994,204,99897,204,99995,204,99896,204,100005,204,99877,204,100006,200,99855,100,100009,100,99851,100,100010,100,99773,100,100038,100,99690,100,100051,100,99645,100,100053,100,99625,100
2019-06-28 09:45:20.000000000,99930,308,99897,308,99994,308,99896,308,99995,100,99877,100,100005,100,99855,100,100006,200,99851,100,100009,100,99773,100,100010,100,99690,100,100038,100,99645,100,100051,100,99625,100,100053,100,99534,100
2019-06-28 09:45:20.745262264,99930,308,99897,208,99994,308,99896,308,99995,100,99877,100,100005,100,99855,100,100006,200,99851,100,100009,100,99773,100,100010,100,99690,100,100038,100,99645,100,100051,100,99625,100,100053,100,99534,100
2019-06-28 09:45:24.296393868,99930,308,99897,108,99994,308,99896,308,99995,100,99877,100,100005,100,99855,100,100006,200,99851,100,100009,100,99773,100,100010,100,99690,100,100038,100,99645,100,100051,100,99625,100,100053,100,99534,100
2019-06-28 09:45:29.372021681,99930,308,99897,108,99994,308,99896,308,99995,100,99877,100,100005,100,99855,100,100006,200,99851,100,100009,100,99773,100,100010,100,99690,100,100038,100,99645,100,100051,100,99625,100,100053,100,99534,100
2019-06-28 09:45:30.000000000,99930,308,99896,308,99994,308,99877,308,99995,100,99855,100,100005,100,99851,100,100006,200,99773,100,100009,100,99690,100,100010,100,99645,100,100038,100,99625,100,100051,100,99534,100,100053,100,99281,100
2019-06-28 09:45:40.000000000,99930,183,99896,183,99994,183,99877,183,99995,183,99855,183,100005,183,99851,183,100006,283,99773,183,100009,100,99690,100,100010,100,99645,100,100038,100,99625,100,100051,100,99534,100,100053,100,99281,100
2019-06-28 09:45:45.018612770,99897,100,99896,183,99930,183,99877,183,99994,183,99855,183,99995,183,99851,183,100005,183,99773,183,100006,283,99690,100,100009,100,99645,100,100010,100,99625,100,100038,100,99534,100,100051,100,99281,100
2019-06-28 09:45:50.000000000,99897,204,99896,204,99930,204,99877,204,99994,204,99855,204,99995,204,99851,204,100005,100,99773,100,100006,200,99690,100,100009,100,99645,100,100010,100,99625,100,100038,100,99534,100,100051,100,99281,100
2019-06-28 09:45:53.739821683,99897,204,99896,104,99930,204,99877,204,99994,204,99855,204,99995,204,99851,204,100005,100,99773,100,100006,200,99690,100,100009,100,99645,100,100010,100,99625,100,100038,100,99534,100,100051,100,98579,100
2019-06-28 09:46:00.000000000,99897,516,99877,516,99930,100,99855,100,99994,100,99851,100,99995,100,99773,100,100005,100,99690,100,100006,200,99645,100,100009,100,99625,100,100010,100,99534,100,100038,100,98579,100,100051,100,98372,100
2019-06-28 09:46:03.775092739,99897,516,99877,516,99930,100,99855,100,99994,100,99851,100,99995,100,99773,100,100005,100,99690,100,100006,200,99645,100,100009,100,99625,100,100010,100,99597,100,100038,100,99534,100,100051,100,98579,100
2019-06-28 09:46:10.000000000,99897,516,99877,516,99930,100,99855,100,99994,100,99851,100,99995,100,99773,100,100005,100,99690,100,100006,200,99645,100,100009,100,99625,100,100010,100,99597,100,100038,100,99534,100,100051,100,98579,100
2019-06-28 09:46:20.000000000,99897,241,99877,241,99930,237,99855,237,99994,237,99851,237,99995,100,99773,100,100005,100,99690,100,100006,200,99645,100,100009,100,99625,100,100010,100,99597,100,100038,100,99534,100,100051,100,98579,100
2019-06-28 09:46:30.000000000,99897,308,99877,308,99930,308,99855,308,99994,100,99851,100,99995,100,99773,100,100005,100,99690,100,100006,200,99645,100,100009,100,99625,100,100010,100,99597,100,100038,100,99534,100,100051,100,98579,100
2019-06-28 09:46:38.356585238,99897,308,99877,308,99930,308,99855,308,99994,100,99851,100,99995,100,99773,100,100005,100,99690,100,100006,200,99645,100,100009,100,99625,100,100010,100,99597,100,100038,100,99566,100,100051,100,99534,100
2019-06-28 09:46:40.000000000,99897,183,99877,183,99930,183,99855,183,99994,183,99851,183,99995,183,99773,183,100005,183,99690,183,100006,200,99645,100,100009,100,99625,100,100010,100,99597,100,100038,100,99566,100,100051,100,99534,100
2019-06-28 09:46:50.000000000,99897,204,99877,204,99930,204,99855,204,99994,204,99851,204,99995,204,99773,204,100005,100,99690,100,100006,200,99645,100,100009,100,99625,100,100010,100,99597,100,100038,100,99566,100,100051,100,99534,100
2019-06-28 09:47:00.000000000,99897,241,99877,241,99930,237,99855,237,99994,237,99851,237,99995,100,99773,100,100005,100,99690,100,100006,200,99645,100,100009,100,99625,100,100010,100,99597,100,100038,100,99566,100,100051,100,99534,100
2019-06-28 09:47:10.000000000,99897,308,99877,308,99930,308,99855,308,99994,100,99851,100,99995,100,99773,100,100005,100,99690,100,100006,200,99645,100,100009,100,99625,100,100010,100,99597,100,100038,100,99566,100,100051,100,99534,100
2019-06-28 09:47:11.296467610,99897,308,99877,208,99930,308,99855,208,99994,100,99851,100,99995,100,99773,100,100005,100,99690,100,100006,200,99645,100,100009,100,99625,100,100010,100,99597,100,100038,100,99566,100,100051,100,99534,100
2019-06-28 09:47:11.540041610,99896,100,99877,208,99897,308,99855,208,99930,208,99851,100,99994,100,99773,100,99995,100,99690,100,100005,100,99645,100,100006,200,99625,100,100009,100,99597,100,100010,100,99566,100,100038,100,99534,100
2019-06-28 09:47:20.000000000,99896,308,99851,308,99897,308,99773,308,99994,100,99690,100,99995,100,99645,100,100005,100,99625,100,100006,200,99597,100,100009,100,99566,100,100010,100,99534,100,100038,100,98579,100,100051,100,98372,100
2019-06-28 09:47:30.000000000,99896,183,99851,183,99897,183,99773,183,99994,183,99690,183,99995,183,99645,183,100005,183,99625,183,100006,200,99597,100,100009,100,99566,100,100010,100,99534,100,100038,100,98579,100,100051,100,98372,100
2019-06-28 09:47:40.000000000,99896,516,99851,516,99897,100,99773,100,99994,100,99690,100,99995,100,99645,100,100005,100,99625,100,100006,200,99597,100,100009,100,99566,100,100010,100,99534,100,100038,100,98579,100,100051,100,98372,100
2019-06-28 09:47:47.122218319,99896,516,99851,416,99897,100,99773,100,99994,100,99690,100,99995,100,99645,100,100005,100,99625,100,100006,200,99597,100,100009,100,99566,100,100010,100,99534,100,100038,100,98579,100,100051,100,98372,100
2019-06-28 09:47:50.000000000,99896,241,99773,241,99897,237,99690,237,99994,237,99645,237,99995,100,99625,100,100005,100,99597,100,100006,200,99566,100,100009,100,99534,100,100010,100,98579,100,100038,100,98372,100,100051,100,98358,100
2019-06-28 09:47:56.032765942,99877,100,99773,241,99896,241,99690,237,99897,237,99645,237,99994,237,99625,100,99995,100,99597,100,100005,100,99566,100,100006,200,99534,100,100009,100,98579,100,100010,100,98372,100,100038,100,98358,100
2019-06-28 09:47:56.666549233,99877,200,99773,241,99896,241,99690,237,99897,237,99645,237,99994,237,99625,100,99995,100,99597,100,100005,100,99566,100,100006,200,99534,100,100009,100,98579,100,100010,100,98372,100,100038,100,98358,100
2019-06-28 09:48:00.000000000,99877,341,99773,241,99896,237,99690,237,99897,237,99645,237,99994,100,99625,100,99995,100,99597,100,100005,100,99566,100,100006,200,99534,100,100009,100,98579,100,100010,100,98372,100,100038,100,98358,100
2019-06-28 09:48:03.687853431,99877,341,99773,241,99896,237,99690,237,99897,237,99645,237,99994,100,99625,100,99995,100,99597,100,100005,100,99566,100,100006,200,99534,100,100009,100,99405,100,100010,100,98579,100,100038,100,98372,100
2019-06-28 09:48:10.000000000,99877,408,99773,308,99896,308,99690,308,99897,100,99645,100,99994,100,99625,100,99995,100,99597,100,100005,100,99566,100,100006,200,99534,100,100009,100,99405,100,100010,100,98579,100,100038,100,98372,100
2019-06-28 09:48:20.000000000,99877,408,99773,308,99896,308,99690,308,99897,100,99645,100,99994,100,99625,100,99995,100,99597,100,100005,100,99566,100,100006,200,99534,100,100009,100,99405,100,100010,100,98579,100,100038,100,98372,100
2019-06-28 09:48:30.000000000,99877,616,99773,516,99896,100,99690,100,99897,100,99645,100,99994,100,99625,100,99995,100,99597,100,100005,100,99566,100,100006,200,99534,100,100009,100,99405,100,100010,100,98579,100,100038,100,98372,100
2019-06-28 09:48:33.138788784,99877,616,99773,416,99896,100,99690,100,99897,100,99645,100,99994,100,99625,100,99995,100,99597,100,100005,100,99566,100,100006,200,99534,100,100009,100,99405,100,100010,100,98579,100,100051,100,98372,100
2019-06-28 09:48:33.495995287,99877,616,99773,416,99896,100,99690,100,99897,100,99645,100,99994,100,99625,100,99995,100,99597,100,100005,100,99566,100,100006,200,99534,100,100009,100,99405,100,100010,100,99401,100,100051,100,98579,100
2019-06-28 09:48:40.000000000,99877,341,99690,241,99896,237,99645,237,99897,237,99625,237,99994,100,99597,100,99995,100,99566,100,100005,100,99534,100,100006,200,99405,100,100009,100,99401,100,100010,100,98579,100,100051,100,98372,100
2019-06-28 09:48:50.000000000,99877,283,99690,183,99896,183,99645,183,99897,183,99625,183,99994,183,99597,183,99995,183,99566,183,100005,100,99534,100,100006,200,99405,100,100009,100,99401,100,100010,100,98579,100,100051,100,98372,100
2019-06-28 09:49:00.000000000,99877,304,99690,204,99896,204,99645,204,99897,204,99625,204,99994,204,99597,204,99995,100,99566,100,100005,100,99534,100,100006,200,99405,100,100009,100,99401,100,100010,100,98579,100,100051,100,98372,100
2019-06-28 09:49:08.961322803,99877,304,99817,100,99896,204,99690,204,99897,204,99645,204,99994,204,99625,204,99995,100,99597,204,100005,100,99566,100,100006,200,99534,100,100009,100,99405,100,100010,100,99401,100,100051,100,98579,100
2019-06-28 09:49:10.000000000,99877,283,99817,183,99896,183,99690,183,99897,183,99645,183,99994,183,99625,183,99995,183,99597,183,100005,100,99566,100,100006,200,99534,100,100009,100,99405,100,100010,100,99401,100,100051,100,98579,100
2019-06-28 09:49:20.000000000,99877,283,99817,183,99896,183,99690,183,99897,183,99645,183,99994,183,99625,183,99995,183,99597,183,100005,100,99566,100,100006,200,99534,100,100009,100,99405,100,100010,100,99401,100,100051,100,98579,100
2019-06-28 09:49:30.000000000,99877,408,99817,308,99896,308,99690,308,99897,100,99645,100,99994,100,99625,100,99995,100,99597,100,100005,100,99566,100,100006,200,99534,100,100009,100,99405,100,100010,100,99401,100,100051,100,98579,100
2019-06-28 09:49:30.111220250,99877,408,99817,208,99896,308,99690,308,99897,100,99645,100,99994,100,99625,100,99995,100,99597,100,100005,100,99566,100,100006,200,99534,100,100009,100,99405,100,100010,100,99401,100,100051,100,98579,100
2019-06-28 09:49:31.854085629,99828,100,99817,208,99877,408,99690,308,99896,308,99645,100,99897,100,99625,100,99994,100,99597,100,99995,100,99566,100,100005,100,99534,100,100006,200,99405,100,100009,100,99401,100,100010,100,98579,100
2019-06-28 09:49:40.000000000,99828,308,99690,308,99877,408,99645,308,99896,100,99625,100,99897,100,99597,100,99994,100,99566,100,99995,100,99534,100,100005,100,99405,100,100006,200,99401,100,100009,100,98579,100,100010,100,98372,100
2019-06-28 09:49:49.037137301,99828,208,99690,308,99877,408,99645,308,99896,100,99625,100,99897,100,99597,100,99994,100,99566,100,99995,100,99534,100,100005,100,99405,100,100006,200,99401,100,100009,100,98579,100,100010,100,98372,100
2019-06-28 09:49:50.000000000,99877,408,99690,308,99896,308,99645,308,99897,100,99625,100,99994,100,99597,100,99995,100,99566,100,100005,100,99534,100,100006,200,99405,100,100009,100,99401,100,100010,100,98579,100,100051,100,98372,100
2019-06-28 09:50:00.000000000,99877,283,99690,183,99896,183,99645,183,99897,183,99625,183,99994,183,99597,183,99995,183,99566,183,100005,100,99534,100,100006,200,99405,100,100009,100,99401,100,100010,100,98579,100,100051,100,98372,100
2019-06-28 09:50:00.663304727,99707,100,99690,183,99877,283,99645,183,99896,183,99625,183,99897,183,99597,183,99994,183,99566,183,99995,183,99534,100,100005,100,99405,100,100006,200,99401,100,100009,100,98579,100,100010,100,98372,100
2019-06-28 09:50:07.172124976,99707,100,99690,183,99877,283,99645,183,99896,183,99625,183,99897,183,99597,183,99994,183,99566,183,99995,183,99534,100,100006,200,99405,100,100009,100,99401,100,100010,100,98579,100,100051,100,98372,100
2019-06-28 09:50:10.000000000,99707,183,99690,183,99877,283,99645,183,99896,183,99625,183,99897,183,99597,183,99994,183,99566,183,99995,100,99534,100,100006,200,99405,100,100009,100,99401,100,100010,100,98579,100,100051,100,98372,100
2019-06-28 09:50:20.000000000,99707,241,99690,241,99877,337,99645,237,99896,237,99625,237,99897,100,99597,100,99994,100,99566,100,99995,100,99534,100,100006,200,99405,100,100009,100,99401,100,100010,100,98579,100,100051,100,98372,100
2019-06-28 09:50:30.000000000,99707,308,99690,308,99877,408,99645,308,99896,100,99625,100,99897,100,99597,100,99994,100,99566,100,99995,100,99534,100,100006,200,99405,100,100009,100,99401,100,100010,100,98579,100,100051,100,98372,100
2019-06-28 09:50:40.000000000,99707,241,99690,241,99877,337,99645,237,99896,237,99625,237,99897,100,99597,100,99994,100,99566,100,99995,100,99534,100,100006,200,99405,100,100009,100,99401,100,100010,100,98579,100,100051,100,98372,100
2019-06-28 09:50:50.000000000,99707,183,99690,183,99877,283,99645,183,99896,183,99625,183,99897,183,99597,183,99994,183,99566,183,99995,100,99534,100,100006,200,99405,100,100009,100,99401,100,100010,100,98579,100,100051,100,98372,100
2019-06-28 09:51:00.000000000,99707,241,99690,241,99877,337,99645,237,99896,237,99625,237,99897,100,99597,100,99994,100,99566,100,99995,100,99534,100,100006,200,99405,100,100009,100,99401,100,100010,100,98579,100,100051,100,98372,100
2019-06-28 09:51:00.278457872,99707,141,99690,241,99877,337,99645,237,99896,237,99625,237,99897,100,99597,100,99994,100,99566,100,99995,100,99534,100,100006,200,99405,100,100009,100,99401,100,100010,100,98579,100,100051,100,98372,100
2019-06-28 09:51:10.000000000,99877,283,99690,183,99896,183,99645,183,99897,183,99625,183,99994,183,99597,183,99995,183,99566,183,100006,200,99534,100,100009,100,99405,100,100010,100,99401,100,100051,100,98579,100,100053,100,98372,100
2019-06-28 09:51:20.000000000,99877,283,99690,183,99896,183,99645,183,99897,183,99625,183,99994,183,99597,183,99995,183,99566,183,100006,200,99534,100,100009,100,99405,100,100010,100,99401,100,100051,100,98579,100,100053,100,98372,100
2019-06-28 09:51:23.202077318,99877,283,99707,100,99896,183,99690,183,99897,183,99645,183,99994,183,99625,183,99995,183,99597,183,100006,200,99566,183,100009,100,99534,100,100010,100,99405,100,100051,100,99401,100,100053,100,98579,100
2019-06-28 09:51:30.000000000,99877,616,99707,516,99896,100,99690,100,99897,100,99645,100,99994,100,99625,100,99995,100,99597,100,100006,200,99566,100,100009,100,99534,100,100010,100,99405,100,100051,100,99401,100,100053,100,98579,100
2019-06-28 09:51:30.123493875,99877,616,99707,616,99896,100,99690,100,99897,100,99645,100,99994,100,99625,100,99995,100,99597,100,100006,200,99566,100,100009,100,99534,100,100010,100,99405,100,100051,100,99401,100,100053,100,98579,100
2019-06-28 09:51:40.000000000,99877,341,99707,341,99896,237,99690,237,99897,237,99645,237,99994,100,99625,100,99995,100,99597,100,100006,200,99566,100,100009,100,99534,100,100010,100,99405,100,100051,100,99401,100,100053,100,98579,100
2019-06-28 09:51:48.008518049,99877,341,99707,341,99896,237,99690,237,99897,237,99645,237,99994,100,99625,100,99995,100,99597,100,100006,200,99566,100,100009,100,99534,100,100010,100,99405,100,100051,100,99401,100,100053,100,98579,100
2019-06-28 09:51:50.000000000,99877,341,99707,341,99896,237,99690,237,99897,237,99645,237,99994,100,99625,100,99995,100,99597,100,100006,200,99566,100,100009,100,99534,100,100010,100,99405,100,100051,100,99401,100,100053,100,98579,100
2019-06-28 09:51:54.059945021,99877,241,99707,341,99896,237,99690,237,99897,237,99645,237,99994,100,99625,100,99995,100,99597,100,100006,200,99566,100,100009,100,99534,100,100010,100,99405,100,100051,100,99401,100,100053,100,98579,100
2019-06-28 09:52:00.000000000,99877,308,99707,408,99896,308,99690,308,99897,100,99645,100,99994,100,99625,100,99995,100,99597,100,100006,200,99566,100,100009,100,99534,100,100010,100,99405,100,100051,100,99401,100,100053,100,98579,100
2019-06-28 09:52:10.000000000,99877,204,99707,304,99896,204,99690,204,99897,204,99645,204,99994,204,99625,204,99995,100,99597,100,100006,200,99566,100,100009,100,99534,100,100010,100,99405,100,100051,100,99401,100,100053,100,98579,100
2019-06-28 09:52:14.516317368,99877,204,99708,100,99896,204,99707,304,99897,204,99690,204,99994,204,99645,204,99995,100,99625,204,100006,100,99597,100,100009,100,99566,100,100010,100,99534,100,100051,100,99405,100,100053,100,99401,100
2019-06-28 09:52:20.000000000,99877,516,99708,516,99896,100,99707,200,99897,100,99690,100,99994,100,99645,100,99995,100,99625,100,100006,100,99597,100,100009,100,99566,100,100010,100,99534,100,100051,100,99405,100,100053,100,99401,100
2019-06-28 09:52:28.711869926,99877,416,99708,516,99896,100,99707,200,99897,100,99690,100,99994,100,99645,100,99995,100,99625,100,100006,100,99597,100,100009,100,99566,100,100010,100,99405,100,100051,100,99401,100,100053,100,98579,100
2019-06-28 09:52:30.000000000,99896,204,99708,204,99897,204,99707,304,99994,204,99690,204,99995,204,99645,204,100006,100,99625,100,100009,100,99597,100,100010,100,99566,100,100051,100,99405,100,100053,100,99401,100,100132,100,98579,100
2019-06-28 09:52:36.309355373,99896,204,99708,204,99897,204,99707,304,99994,204,99690,104,99995,204,99645,204,100006,100,99625,100,100009,100,99597,100,100010,100,99566,100,100051,100,99405,100,100053,100,99401,100,100132,100,98579,100
2019-06-28 09:52:40.000000000,99896,308,99708,308,99897,308,99707,408,99994,100,99645,100,99995,100,99625,100,100006,100,99597,100,100009,100,99566,100,100010,100,99405,100,100051,100,99401,100,100053,100,98579,100,100132,100,98372,100
2019-06-28 09:52:50.000000000,99896,204,99708,204,99897,204,99707,304,99994,204,99645,204,99995,204,99625,204,100006,100,99597,100,100009,100,99566,100,100010,100,99405,100,100051,100,99401,100,100053,100,98579,100,100132,100,98372,100
2019-06-28 09:53:00.000000000,99896,241,99708,241,99897,237,99707,337,99994,237,99645,237,99995,100,99625,100,100006,100,99597,100,100009,100,99566,100,100010,100,99405,100,100051,100,99401,100,100053,100,98579,100,100132,100,98372,100
2019-06-28 09:53:10.000000000,99896,204,99708,204,99897,204,99707,304,99994,204,99645,204,99995,204,99625,204,100006,100,99597,100,100009,100,99566,100,100010,100,99405,100,100051,100,99401,100,100053,100,98579,100,100132,100,98372,100
2019-06-28 09:53:18.851043910,99896,204,99708,204,99897,204,99707,304,99994,204,99645,204,99995,204,99625,204,100006,100,99597,100,100009,100,99566,100,100010,100,99405,100,100051,100,99401,100,100053,100,98579,100,100132,100,98372,100
2019-06-28 09:53:20.000000000,99896,308,99708,308,99897,308,99707,408,99994,100,99645,100,99995,100,99625,100,100006,100,99597,100,100009,100,99566,100,100010,100,99405,100,100051,100,99401,100,100053,100,98579,100,100132,100,98372,100
2019-06-28 09:53:23.658182453,99896,208,99708,308,99897,308,99707,408,99994,100,99645,100,99995,100,99625,100,100006,100,99597,100,100009,100,99566,100,100010,100,99405,100,100051,100,99401,100,100053,100,98579,100,100132,100,98372,100
2019-06-28 09:53:30.000000000,99897,308,99708,308,99994,308,99707,408,99995,100,99645,100,100006,100,99625,100,100009,100,99597,100,100010,100,99566,100,100051,100,99405,100,100053,100,99401,100,100132,100,98579,100,100155,100,98372,100
2019-06-28 09:53:30.850020536,99897,308,99877,100,99994,308,99708,308,99995,100,99707,408,100006,100,99645,100,100009,100,99625,100,100010,100,99597,100,100051,100,99566,100,100053,100,99405,100,100132,100,99401,100,100155,100,98579,100
2019-06-28 09:53:33.521668347,99897,308,99877,100,99994,308,99708,308,99995,100,99707,408,100006,100,99645,100,100009,100,99625,100,100010,100,99597,100,100051,100,99566,100,100053,100,99405,100,100132,100,99401,100,100155,100,98579,100
2019-06-28 09:53:40.000000000,99897,308,99877,308,99994,308,99708,308,99995,100,99707,200,100006,100,99645,100,100009,100,99625,100,100010,100,99597,100,100051,100,99566,100,100053,100,99405,100,100132,100,99401,100,100155,100,98579,100
2019-06-28 09:53:48.267305022,99897,208,99877,308,99994,308,99708,308,99995,100,99707,200,100006,100,99645,100,100009,100,99625,100,100010,100,99597,100,100051,100,99566,100,100053,100,99405,100,100132,100,99401,100,100155,100,98579,100
2019-06-28 09:53:50.000000000,99994,204,99877,204,99995,204,99708,204,100006,204,99707,304,100009,204,99645,204,100010,100,99625,100,100051,100,99597,100,100053,100,99566,100,100132,100,99405,100,100155,100,99401,100,100228,100,98579,100
2019-06-28 09:53:50.716842961,99994,104,99877,204,99995,204,99708,204,100006,204,99707,304,100009,204,99645,204,100010,100,99625,100,100051,100,99597,100,100053,100,99566,100,100132,100,99405,100,100155,100,99401,100,100228,100,98579,100
2019-06-28 09:54:00.000000000,99995,241,99877,241,100006,237,99708,237,100009,237,99707,337,100010,100,99645,100,100051,100,99625,100,100053,100,99597,100,100132,100,99566,100,100155,100,99405,100,100228,100,99401,100,100250,100,98579,100
2019-06-28 09:54:10.000000000,99995,241,99877,241,100006,237,99708,237,100009,237,99707,337,100010,100,99645,100,100051,100,99625,100,100053,100,99597,100,100132,100,99566,100,100155,100,99405,100,100228,100,99401,100,100250,100,98579,100
2019-06-28 09:54:17.866824799,99995,141,99877,241,100006,237,99708,237,100009,237,99707,337,100010,100,99645,100,100051,100,99625,100,100053,100,99597,100,100132,100,99566,100,100155,100,99405,100,100228,100,99401,100,100250,100,98579,100
2019-06-28 09:54:20.000000000,100006,204,99877,204,100009,204,99708,204,100010,204,99707,304,100051,204,99645,204,100053,100,99625,100,100132,100,99597,100,100155,100,99566,100,100228,100,99405,100,100250,100,99401,100,100384,100,98579,100
2019-06-28 09:54:24.358429976,100006,104,99877,204,100009,204,99708,204,100010,204,99707,304,100051,204,99645,204,100053,100,99597,100,100132,100,99566,100,100155,100,99405,100,100228,100,99401,100,100250,100,98579,100,100384,100,98372,100
2019-06-28 09:54:30.000000000,100009,241,99877,241,100010,237,99708,237,100051,237,99707,337,100053,100,99645,100,100132,100,99597,100,100155,100,99566,100,100228,100,99405,100,100250,100,99401,100,100384,100,98579,100,100402,100,98372,100
2019-06-28 09:54:40.000000000,100009,204,99877,204,100010,204,99708,204,100051,204,99707,304,100053,204,99645,204,100132,100,99597,100,100155,100,99566,100,100228,100,99405,100,100250,100,99401,100,100384,100,98579,100,100402,100,98372,100
2019-06-28 09:54:49.288262465,100009,204,99877,204,100010,204,99708,204,100051,204,99707,304,100053,204,99645,204,100111,100,99597,100,100132,100,99566,100,100155,100,99405,100,100228,100,99401,100,100250,100,98579,100,100384,100,98372,100
2019-06-28 09:54:50.000000000,100009,241,99877,241,100010,237,99708,237,100051,237,99707,337,100053,100,99645,100,100111,100,99597,100,100132,100,99566,100,100155,100,99405,100,100228,100,99401,100,100250,100,98579,100,100384,100,98372,100
2019-06-28 09:55:00.000000000,100009,183,99877,183,100010,183,99708,183,100051,183,99707,283,100053,183,99645,183,100111,183,99597,183,100132,100,99566,100,100155,100,99405,100,100228,100,99401,100,100250,100,98579,100,100384,100,98372,100
2019-06-28 09:55:01.016299053,100009,183,99877,183,100010,183,99708,183,100051,183,99707,183,100053,183,99645,183,100111,183,99597,183,100132,100,99566,100,100155,100,99405,100,100228,100,99401,100,100250,100,98579,100,100384,100,98372,100
2019-06-28 09:55:10.000000000,100009,241,99877,241,100010,237,99708,237,100051,237,99707,237,100053,100,99645,100,100111,100,99597,100,100132,100,99566,100,100155,100,99405,100,100228,100,99401,100,100250,100,98579,100,100384,100,98372,100
2019-06-28 09:55:16.013926538,100009,241,99877,241,100010,237,99729,100,100051,237,99708,237,100053,100,99707,237,100111,100,99645,100,100132,100,99597,100,100155,100,99566,100,100228,100,99405,100,100250,100,99401,100,100384,100,98579,100
2019-06-28 09:55:19.223039807,100009,141,99877,241,100010,237,99729,100,100051,237,99708,237,100053,100,99707,237,100111,100,99645,100,100132,100,99597,100,100155,100,99566,100,100228,100,99405,100,100250,100,99401,100,100384,100,98579,100
2019-06-28 09:55:20.000000000,100010,183,99877,183,100051,183,99729,183,100053,183,99708,183,100111,183,99707,183,100132,183,99645,183,100155,100,99597,100,100228,100,99566,100,100250,100,99405,100,100384,100,99401,100,100402,100,98579,100
2019-06-28 09:55:22.735203599,100010,183,99877,183,100014,100,99729,183,100051,183,99708,183,100053,183,99707,183,100111,183,99645,183,100132,183,99597,100,100155,100,99566,100,100228,100,99405,100,100250,100,99401,100,100384,100,98579,100
2019-06-28 09:55:28.357003755,100010,183,99877,183,100014,100,99729,183,100051,183,99708,183,100052,100,99707,183,100053,183,99645,183,100111,183,99597,100,100132,183,99566,100,100155,100,99405,100,100228,100,99401,100,100250,100,98579,100
2019-06-28 09:55:30.000000000,100010,308,99877,308,100014,308,99729,308,100051,100,99708,100,100052,100,99707,100,100053,100,99645,100,100111,100,99597,100,100132,100,99566,100,100155,100,99405,100,100228,100,99401,100,100250,100,98579,100
2019-06-28 09:55:40.000000000,100010,241,99877,241,100014,237,99729,237,100051,237,99708,237,100052,100,99707,100,100053,100,99645,100,100111,100,99597,100,100132,100,99566,100,100155,100,99405,100,100228,100,99401,100,100250,100,98579,100
2019-06-28 09:55:45.133136648,99984,100,99877,241,100010,241,99729,237,100014,237,99708,237,100051,237,99707,100,100052,100,99645,100,100053,100,99597,100,100111,100,99566,100,100132,100,99405,100,100155,100,99401,100,100228,100,98579,100
2019-06-28 09:55:46.598137113,99984,100,99877,141,100010,241,99729,237,100014,237,99708,237,100051,237,99707,100,100052,100,99645,100,100053,100,99597,100,100111,100,99566,100,100132,100,99405,100,100155,100,99401,100,100228,100,98579,100
2019-06-28 09:55:50.000000000,99984,183,99729,183,100010,183,99708,183,100014,183,99707,183,100051,183,99645,183,100052,183,99597,183,100053,100,99566,100,100111,100,99405,100,100132,100,99401,100,100155,100,98579,100,100228,100,98372,100
2019-06-28 09:55:56.466238970,99949,100,99729,183,99984,183,99708,183,100010,183,99707,183,100014,183,99645,183,100051,183,99597,183,100052,183,99566,100,100053,100,99405,100,100111,100,99401,100,100132,100,98579,100,100155,100,98372,100
2019-06-28 09:55:57.625975430,99949,100,99729,83,99984,183,99708,183,100010,183,99707,183,100014,183,99645,183,100051,183,99597,183,100052,183,99566,100,100053,100,99405,100,100111,100,99401,100,100132,100,98579,100,100155,100,98372,100
2019-06-28 09:56:00.000000000,99949,516,99708,516,99984,100,99707,100,100010,100,99645,100,100014,100,99597,100,100051,100,99566,100,100052,100,99405,100,100053,100,99401,100,100111,100,98579,100,100132,100,98372,100,100155,100,,
2019-06-28 09:56:00.119501689,99949,516,99708,516,99984,100,99707,100,100010,100,99680,100,100014,100,99645,100,100051,100,99597,100,100052,100,99566,100,100053,100,99405,100,100111,100,99401,100,100132,100,98579,100,100155,100,98372,100
2019-06-28 09:56:10.000000000,99949,308,99708,308,99984,308,99707,308,100010,100,99680,100,100014,100,99645,100,100051,100,99597,100,100052,100,99566,100,100053,100,99405,100,100111,100,99401,100,100132,100,98579,100,100155,100,98372,100
2019-06-28 09:56:10.566478157,99899,100,99708,308,99949,308,99707,308,99984,308,99680,100,100010,100,99645,100,100014,100,99597,100,100051,100,99566,100,100052,100,99405,100,100053,100,99401,100,100111,100,98579,100,100155,100,98372,100
2019-06-28 09:56:12.877929791,99899,100,99708,308,99949,308,99707,308,99984,308,99680,100,100010,100,99645,100,100014,100,99597,100,100051,100,99566,100,100052,100,99405,100,100053,100,99401,100,100067,100,98579,100,100111,100,98372,100
2019-06-28 09:56:17.748274273,99877,100,99708,308,99899,100,99707,308,99949,308,99680,100,99984,308,99645,100,100010,100,99597,100,100014,100,99566,100,100051,100,99405,100,100052,100,99401,100,100053,100,98579,100,100067,100,98372,100
2019-06-28 09:56:20.000000000,99877,241,99708,241,99899,237,99707,237,99949,237,99680,237,99984,100,99645,100,100010,100,99597,100,100014,100,99566,100,100051,100,99405,100,100052,100,99401,100,100053,100,98579,100,100067,100,98372,100
2019-06-28 09:56:22.936200739,99877,241,99708,241,99899,237,99707,237,99949,237,99680,237,99984,100,99645,100,100010,100,99597,100,100014,100,99566,100,100051,100,99405,100,100052,100,99401,100,100053,100,98579,100,100067,100,98372,100
2019-06-28 09:56:29.533952269,99877,241,99708,241,99899,237,99707,237,99949,237,99680,237,99984,100,99652,100,100010,100,99645,100,100014,100,99597,100,100051,100,99566,100,100052,100,99405,100,100053,100,99401,100,100067,100,98579,100
2019-06-28 09:56:30.000000000,99877,183,99708,183,99899,183,99707,183,99949,183,99680,183,99984,183,99652,183,100010,183,99645,183,100014,100,99597,100,100051,100,99566,100,100052,100,99405,100,100053,100,99401,100,100067,100,98579,100
2019-06-28 09:56:40.000000000,99877,516,99708,516,99899,100,99707,100,99949,100,99680,100,99984,100,99652,100,100010,100,99645,100,100014,100,99597,100,100051,100,99566,100,100052,100,99405,100,100053,100,99401,100,100067,100,98579,100
2019-06-28 09:56:50.000000000,99877,183,99708,183,99899,183,99707,183,99949,183,99680,183,99984,183,99652,183,100010,183,99645,183,100014,100,99597,100,100051,100,99566,100,100052,100,99405,100,100053,100,99401,100,100067,100,98579,100
2019-06-28 09:56:52.135410208,99877,83,99708,183,99899,183,99707,183,99949,183,99680,183,99984,183,99652,183,100010,183,99645,183,100014,100,99597,100,100051,100,99566,100,100052,100,99405,100,100053,100,99401,100,100067,100,98579,100
2019-06-28 09:57:00.000000000,99899,183,99708,183,99949,183,99707,183,99984,183,99680,183,100010,183,99652,183,100014,183,99645,183,100051,100,99597,100,100052,100,99566,100,100053,100,99405,100,100067,100,99401,100,100071,100,98579,100
2019-06-28 09:57:10.000000000,99899,241,99708,241,99949,237,99707,237,99984,237,99680,237,100010,100,99652,100,100014,100,99645,100,100051,100,99597,100,100052,100,99566,100,100053,100,99405,100,100067,100,99401,100,100071,100,98579,100
2019-06-28 09:57:11.785489158,99899,241,99869,100,99949,237,99708,241,99984,237,99707,237,100010,100,99680,237,100051,100,99652,100,100052,100,99645,100,100053,100,99597,100,100067,100,99566,100,100071,100,99405,100,100155,100,99401,100
2019-06-28 09:57:20.000000000,99899,308,99869,308,99949,308,99708,308,99984,100,99707,100,100010,100,99680,100,100051,100,99652,100,100052,100,99645,100,100053,100,99597,100,100067,100,99566,100,100071,100,99405,100,100155,100,99401,100
2019-06-28 09:57:27.732274424,99899,308,99869,308,99949,308,99730,100,99984,100,99708,308,100010,100,99707,100,100051,100,99680,100,100052,100,99652,100,100053,100,99645,100,100067,100,99597,100,100071,100,99566,100,100155,100,99405,100
2019-06-28 09:57:30.000000000,99899,308,99869,308,99949,308,99730,308,99984,100,99708,100,100010,100,99707,100,100051,100,99680,100,100052,100,99652,100,100053,100,99645,100,100067,100,99597,100,100071,100,99566,100,100155,100,99405,100
2019-06-28 09:57:40.000000000,99899,241,99869,241,99949,237,99730,237,99984,237,99708,237,100010,100,99707,100,100051,100,99680,100,100052,100,99652,100,100053,100,99645,100,100067,100,99597,100,100071,100,99566,100,100155,100,99405,100
2019-06-28 09:57:50.000000000,99899,241,99869,241,99949,237,99730,237,99984,237,99708,237,100010,100,99707,100,100051,100,99680,100,100052,100,99652,100,100053,100,99645,100,100067,100,99597,100,100071,100,99566,100,100155,100,99405,100
2019-06-28 09:58:00.000000000,99899,516,99869,516,99949,100,99730,100,99984,100,99708,100,100010,100,99707,100,100051,100,99680,100,100052,100,99652,100,100053,100,99645,100,100067,100,99597,100,100071,100,99566,100,100155,100,99405,100
2019-06-28 09:58:10.000000000,99899,204,99869,204,99949,204,99730,204,99984,204,99708,204,100010,204,99707,204,100051,100,99680,100,100052,100,99652,100,100053,100,99645,100,100067,100,99597,100,100071,100,99566,100,100155,100,99405,100
2019-06-28 09:58:20.000000000,99899,241,99869,241,99949,237,99730,237,99984,237,99708,237,100010,100,99707,100,100051,100,99680,100,100052,100,99652,100,100053,100,99645,100,100067,100,99597,100,100071,100,99566,100,100155,100,99405,100
2019-06-28 09:58:30.000000000,99899,241,99869,241,99949,237,99730,237,99984,237,99708,237,100010,100,99707,100,100051,100,99680,100,100052,100,99652,100,100053,100,99645,100,100067,100,99597,100,100071,100,99566,100,100155,100,99405,100
2019-06-28 09:58:35.312138233,99899,241,99869,241,99949,237,99730,237,99984,237,99708,237,100010,100,99707,100,100051,100,99680,100,100052,100,99652,100,100067,100,99645,100,100071,100,99597,100,100155,100,99566,100,100250,100,99405,100
2019-06-28 09:58:40.000000000,99899,204,99869,204,99949,204,99730,204,99984,204,99708,204,100010,204,99707,204,100051,100,99680,100,100052,100,99652,100,100067,100,99645,100,100071,100,99597,100,100155,100,99566,100,100250,100,99405,100
2019-06-28 09:58:50.000000000,99899,308,99869,308,99949,308,99730,308,99984,100,99708,100,100010,100,99707,100,100051,100,99680,100,100052,100,99652,100,100067,100,99645,100,100071,100,99597,100,100155,100,99566,100,100250,100,99405,100
2019-06-28 09:58:56.916697823,99899,208,99869,208,99949,308,99730,308,99984,100,99708,100,100010,100,99707,100,100051,100,99680,100,100052,100,99652,100,100067,100,99645,100,100071,100,99597,100,100155,100,99566,100,100250,100,99405,100
2019-06-28 09:59:00.000000000,99949,241,99730,241,99984,237,99708,237,100010,237,99707,237,100051,100,99680,100,100052,100,99652,100,100067,100,99645,100,100071,100,99597,100,100155,100,99566,100,100250,100,99405,100,100402,100,99401,100
2019-06-28 09:59:10.000000000,99949,516,99730,516,99984,100,99708,100,100010,100,99707,100,100051,100,99680,100,100052,100,99652,100,100067,100,99645,100,100071,100,99597,100,100155,100,99566,100,100250,100,99405,100,100402,100,99401,100
2019-06-28 09:59:20.000000000,99949,183,99730,183,99984,183,99708,183,100010,183,99707,183,100051,183,99680,183,100052,183,99652,183,100067,100,99645,100,100071,100,99597,100,100155,100,99566,100,100250,100,99405,100,100402,100,99401,100
2019-06-28 09:59:22.165921336,99949,183,99877,100,99984,183,99730,183,100010,183,99708,183,100051,183,99707,183,100052,183,99680,183,100067,100,99652,183,100071,100,99645,100,100155,100,99597,100,100250,100,99566,100,100402,100,99405,100
2019-06-28 09:59:24.499316276,99949,83,99877,100,99984,183,99730,183,100010,183,99708,183,100051,183,99707,183,100052,183,99680,183,100067,100,99652,183,100071,100,99645,100,100155,100,99597,100,100250,100,99566,100,100402,100,99405,100
2019-06-28 09:59:30.000000000,99984,204,99877,204,100010,204,99730,204,100051,204,99708,204,100052,204,99707,204,100067,100,99680,100,100071,100,99652,100,100155,100,99645,100,100250,100,99597,100,100402,100,99566,100,100738,100,99405,100
2019-06-28 09:59:32.555199699,99984,104,99877,204,100010,204,99730,204,100051,204,99708,204,100052,204,99707,204,100067,100,99680,100,100071,100,99652,100,100155,100,99645,100,100250,100,99597,100,100402,100,99566,100,100738,100,99405,100
2019-06-28 09:59:40.000000000,100010,204,99877,204,100051,204,99730,204,100052,204,99708,204,100067,204,99707,204,100071,100,99680,100,100155,100,99652,100,100250,100,99645,100,100402,100,99597,100,100738,100,99566,100,100824,100,99405,100
2019-06-28 09:59:50.000000000,100010,183,99877,183,100051,183,99730,183,100052,183,99708,183,100067,183,99707,183,100071,183,99680,183,100155,100,99652,100,100250,100,99645,100,100402,100,99597,100,100738,100,99566,100,100824,100,99405,100
2019-06-28 09:59:55.231911844,100010,183,99877,183,100051,183,99730,183,100052,183,99708,183,100067,183,99707,183,100071,183,99680,183,100155,100,99652,100,100250,100,99645,100,100402,100,99597,100,100466,100,99566,100,100738,100,99405,100
2019-06-28 09:59:57.494449078,100010,183,99949,100,100051,183,99877,183,100052,183,99730,183,100067,183,99708,183,100071,183,99707,183,100155,100,99680,183,100250,100,99652,100,100402,100,99645,100,100466,100,99597,100,100738,100,99566,100
2019-06-28 10:00:00.000000000,100010,241,99949,241,100051,237,99877,237,100052,237,99730,237,100067,100,99708,100,100071,100,99707,100,100155,100,99680,100,100250,100,99652,100,100402,100,99645,100,100466,100,99597,100,100738,100,99566,100
2019-06-28 10:00:03.145632089,100010,141,99949,241,100051,237,99877,237,100052,237,99730,237,100067,100,99708,100,100071,100,99707,100,100155,100,99680,100,100250,100,99652,100,100402,100,99645,100,100466,100,99597,100,100738,100,99566,100
2019-06-28 10:00:08.519503523,100010,141,99949,241,100033,100,99877,237,100051,237,99730,237,100052,237,99708,100,100067,100,99707,100,100071,100,99680,100,100155,100,99652,100,100250,100,99645,100,100402,100,99597,100,100466,100,99566,100
2019-06-28 10:00:10.000000000,100033,516,99949,516,100051,100,99877,100,100052,100,99730,100,100067,100,99708,100,100071,100,99707,100,100155,100,99680,100,100250,100,99652,100,100402,100,99645,100,100466,100,99597,100,100738,100,99566,100
2019-06-28 10:00:16.126408010,100033,516,99984,100,100051,100,99949,516,100052,100,99877,100,100067,100,99730,100,100071,100,99708,100,100155,100,99707,100,100250,100,99680,100,100402,100,99652,100,100466,100,99645,100,100738,100,99597,100
2019-06-28 10:00:16.517954473,100033,516,99984,200,100051,100,99949,516,100052,100,99877,100,100067,100,99730,100,100071,100,99708,100,100155,100,99707,100,100250,100,99680,100,100402,100,99652,100,100466,100,99645,100,100738,100,99597,100
2019-06-28 10:00:20.000000000,100033,516,99984,616,100051,100,99949,100,100052,100,99877,100,100067,100,99730,100,100071,100,99708,100,100155,100,99707,100,100250,100,99680,100,100402,100,99652,100,100466,100,99645,100,100738,100,99597,100
2019-06-28 10:00:24.831874244,100033,516,99984,616,100051,100,99949,100,100052,100,99877,100,100067,100,99730,100,100071,100,99708,100,100155,100,99707,100,100402,100,99680,100,100466,100,99652,100,100494,100,99645,100,100738,100,99597,100
2019-06-28 10:00:30.000000000,100033,204,99984,304,100051,204,99949,204,100052,204,99877,204,100067,204,99730,204,100071,100,99708,100,100155,100,99707,100,100402,100,99680,100,100466,100,99652,100,100494,100,99645,100,100738,100,99597,100
2019-06-28 10:00:40.000000000,100033,308,99984,408,100051,308,99949,308,100052,100,99877,100,100067,100,99730,100,100071,100,99708,100,100155,100,99707,100,100402,100,99680,100,100466,100,99652,100,100494,100,99645,100,100738,100,99597,100
2019-06-28 10:00:49.790601413,100033,308,99984,408,100051,308,99949,308,100052,100,99877,100,100067,100,99730,100,100071,100,99708,100,100155,100,99707,100,100402,100,99680,100,100466,100,99652,100,100494,100,99645,100,100738,100,99597,100
2019-06-28 10:00:50.000000000,100033,308,99984,408,100051,308,99949,308,100052,100,99877,100,100067,100,99730,100,100071,100,99708,100,100155,100,99707,100,100402,100,99680,100,100466,100,99652,100,100494,100,99645,100,100738,100,99597,100
2019-06-28 10:00:52.374922175,100033,308,99984,408,100051,308,99949,308,100052,100,99877,100,100067,100,99730,100,100071,100,99708,100,100155,100,99707,100,100402,100,99680,100,100494,100,99652,100,100738,100,99645,100,100809,100,99597,100
2019-06-28 10:00:57.722341396,100033,308,99984,508,100051,308,99949,208,100052,100,99877,100,100067,100,99730,100,100071,100,99708,100,100155,100,99707,100,100402,100,99680,100,100494,100,99652,100,100738,100,99645,100,100809,100,99597,100
2019-06-28 10:01:00.000000000,100033,308,99984,508,100051,308,99877,308,100052,100,99730,100,100067,100,99708,100,100071,100,99707,100,100155,100,99680,100,100402,100,99652,100,100494,100,99645,100,100738,100,99597,100,100809,100,99566,100
2019-06-28 10:01:10.000000000,100033,183,99984,383,100051,183,99877,183,100052,183,99730,183,100067,183,99708,183,100071,183,99707,183,100155,100,99680,100,100402,100,99652,100,100494,100,99645,100,100738,100,99597,100,100809,100,99566,100
2019-06-28 10:01:20.000000000,100033,516,99984,716,100051,100,99877,100,100052,100,99730,100,100067,100,99708,100,100071,100,99707,100,100155,100,99680,100,100402,100,99652,100,100494,100,99645,100,100738,100,99597,100,100809,100,99566,100
2019-06-28 10:01:20.664879212,100033,516,99984,716,100051,100,99877,100,100052,100,99730,100,100067,100,99708,100,100071,100,99707,100,100155,100,99680,100,100402,100,99652,100,100494,100,99645,100,100738,100,99597,100,100809,100,99566,100
2019-06-28 10:01:23.295188329,100033,516,99984,716,100051,100,99877,100,100052,100,99730,100,100067,100,99708,100,100071,100,99707,100,100155,100,99680,100,100402,100,99652,100,100494,100,99645,100,100738,100,99597,100,100809,100,99566,100
2019-06-28 10:01:30.000000000,100033,241,99984,441,100051,237,99877,237,100052,237,99730,237,100067,100,99708,100,100071,100,99707,100,100155,100,99680,100,100402,100,99652,100,100494,100,99645,100,100738,100,99597,100,100809,100,99566,100
2019-06-28 10:01:30.452522563,100033,241,99984,441,100051,237,99877,237,100052,237,99730,237,100067,100,99708,100,100071,100,99707,100,100155,100,99680,100,100402,100,99652,100,100494,100,99645,100,100714,100,99597,100,100738,100,99566,100
2019-06-28 10:01:40.000000000,100033,204,99984,404,100051,204,99877,204,100052,204,99730,204,100067,204,99708,204,100071,100,99707,100,100155,100,99680,100,100402,100,99652,100,100494,100,99645,100,100714,100,99597,100,100738,100,99566,100
2019-06-28 10:01:43.244333140,100033,204,99984,504,100051,204,99877,204,100052,204,99730,204,100067,204,99708,204,100071,100,99707,100,100155,100,99680,100,100402,100,99652,100,100494,100,99645,100,100714,100,99597,100,100738,100,99566,100
2019-06-28 10:01:50.000000000,100033,183,99984,483,100051,183,99877,183,100052,183,99730,183,100067,183,99708,183,100071,183,99707,183,100155,100,99680,100,100402,100,99652,100,100494,100,99645,100,100714,100,99597,100,100738,100,99566,100
2019-06-28 10:01:55.885095238,100033,183,99984,483,100051,83,99877,183,100052,183,99730,183,100067,183,99708,183,100071,183,99707,183,100155,100,99680,100,100402,100,99652,100,100494,100,99645,100,100714,100,99597,100,100738,100,99566,100
2019-06-28 10:02:00.000000000,100033,241,99984,541,100052,237,99877,237,100067,237,99730,237,100071,100,99708,100,100155,100,99707,100,100402,100,99680,100,100494,100,99652,100,100714,100,99645,100,100738,100,99597,100,100809,100,99566,100
2019-06-28 10:02:05.551791236,100033,141,99984,541,100052,237,99877,237,100067,237,99730,237,100071,100,99708,100,100155,100,99707,100,100402,100,99680,100,100494,100,99652,100,100714,100,99645,100,100738,100,99597,100,100809,100,99566,100
2019-06-28 10:02:10.000000000,100052,204,99984,504,100067,204,99877,204,100071,204,99730,204,100155,204,99708,204,100402,100,99707,100,100494,100,99680,100,100714,100,99652,100,100738,100,99645,100,100809,100,99597,100,100824,100,99566,100
2019-06-28 10:02:20.000000000,100052,204,99984,504,100067,204,99877,204,100071,204,99730,204,100155,204,99708,204,100402,100,99707,100,100494,100,99680,100,100714,100,99652,100,100738,100,99645,100,100809,100,99597,100,100824,100,99566,100
2019-06-28 10:02:21.062484116,100052,204,100010,100,100067,204,99984,504,100071,204,99877,204,100155,204,99730,204,100402,100,99708,204,100494,100,99707,100,100714,100,99680,100,100738,100,99652,100,100809,100,99645,100,100824,100,99597,100
2019-06-28 10:02:24.948487109,100052,104,100010,100,100067,204,99984,504,100071,204,99877,204,100155,204,99730,204,100402,100,99708,204,100494,100,99707,100,100714,100,99680,100,100738,100,99652,100,100809,100,99645,100,100824,100,99597,100
2019-06-28 10:02:30.000000000,100067,241,100010,241,100071,237,99984,537,100155,237,99877,237,100402,100,99730,100,100494,100,99708,100,100714,100,99707,100,100738,100,99680,100,100809,100,99652,100,100824,100,99645,100,100888,100,99597,100
2019-06-28 10:02:39.317291115,100067,141,100010,241,100071,237,99984,537,100155,237,99877,237,100402,100,99730,100,100494,100,99708,100,100714,100,99707,100,100738,100,99680,100,100809,100,99652,100,100824,100,99645,100,100888,100,99597,100
2019-06-28 10:02:40.000000000,100071,516,100010,516,100155,100,99984,400,100402,100,99877,100,100494,100,99730,100,100714,100,99708,100,100738,100,99707,100,100809,100,99680,100,100824,100,99652,100,100888,100,99645,100,100958,100,99597,100
2019-06-28 10:02:42.646190153,100071,416,100010,516,100155,100,99984,400,100402,100,99877,100,100494,100,99730,100,100738,100,99708,100,100809,100,99707,100,100824,100,99680,100,100888,100,99652,100,100958,100,99645,100,100988,100,99597,100
2019-06-28 10:02:50.000000000,100155,183,100010,183,100402,183,99984,483,100494,183,99877,183,100738,183,99730,183,100809,183,99708,183,100824,100,99707,100,100888,100,99680,100,100958,100,99652,100,100988,100,99645,100,101188,100,99597,100
2019-06-28 10:03:00.000000000,100155,241,100010,241,100402,237,99984,537,100494,237,99877,237,100738,100,99730,100,100809,100,99708,100,100824,100,99707,100,100888,100,99680,100,100958,100,99652,100,100988,100,99645,100,101188,100,99597,100
2019-06-28 10:03:10.000000000,100155,516,100010,516,100402,100,99984,400,100494,100,99877,100,100738,100,99730,100,100809,100,99708,100,100824,100,99707,100,100888,100,99680,100,100958,100,99652,100,100988,100,99645,100,101188,100,99597,100
2019-06-28 10:03:20.000000000,100155,241,100010,241,100402,237,99984,537,100494,237,99877,237,100738,100,99730,100,100809,100,99708,100,100824,100,99707,100,100888,100,99680,100,100958,100,99652,100,100988,100,99645,100,101188,100,99597,100
2019-06-28 10:03:22.447286363,100155,241,100010,241,100402,237,99984,537,100494,237,99877,237,100738,100,99730,100,100809,100,99708,100,100824,100,99707,100,100888,100,99680,100,100958,100,99652,100,100988,100,99645,100,101107,100,99597,100
2019-06-28 10:03:25.877422984,100155,141,100010,241,100402,237,99984,537,100494,237,99877,237,100738,100,99730,100,100809,100,99708,100,100824,100,99707,100,100888,100,99680,100,100958,100,99652,100,100988,100,99645,100,101107,100,99597,100
2019-06-28 10:03:29.444301011,100155,41,100010,241,100402,237,99984,537,100494,237,99877,237,100738,100,99730,100,100809,100,99708,100,100824,100,99707,100,100888,100,99680,100,100958,100,99652,100,100988,100,99645,100,101188,100,99597,100
2019-06-28 10:03:30.000000000,100402,516,100010,516,100494,100,99984,400,100738,100,99877,100,100809,100,99730,100,100824,100,99708,100,100888,100,99707,100,100958,100,99680,100,100988,100,99652,100,101188,100,99645,100,,,99597,100
2019-06-28 10:03:39.912204163,100402,516,100155,100,100494,100,100010,516,100738,100,99984,400,100809,100,99877,100,100824,100,99730,100,100888,100,99708,100,100958,100,99707,100,100988,100,99680,100,101188,100,99652,100,,,99645,100
2019-06-28 10:03:40.000000000,100402,516,100155,516,100494,100,100010,100,100738,100,99984,400,100809,100,99877,100,100824,100,99730,100,100888,100,99708,100,100958,100,99707,100,100988,100,99680,100,101188,100,99652,100,,,99645,100
2019-06-28 10:03:50.000000000,100402,241,100155,241,100494,237,100010,237,100738,237,99984,537,100809,100,99877,100,100824,100,99730,100,100888,100,99708,100,100958,100,99707,100,100988,100,99680,100,101188,100,99652,100,,,99645,100
2019-06-28 10:04:00.000000000,100402,241,100155,241,100494,237,100010,237,100738,237,99984,537,100809,100,99877,100,100824,100,99730,100,100888,100,99708,100,100958,100,99707,100,100988,100,99680,100,101188,100,99652,100,,,99645,100
2019-06-28 10:04:07.374576540,100402,241,100155,341,100494,237,100010,237,100738,237,99984,537,100809,100,99877,100,100824,100,99708,100,100888,100,99707,100,100958,100,99680,100,100988,100,99652,100,101188,100,99645,100,,,99597,100
2019-06-28 10:04:08.006271774,100402,141,100155,341,100494,237,100010,237,100738,237,99984,537,100809,100,99877,100,100824,100,99708,100,100888,100,99707,100,100958,100,99680,100,100988,100,99652,100,101188,100,99645,100,,,99597,100
2019-06-28 10:04:10.000000000,100494,204,100155,304,100738,204,100010,204,100809,204,99984,504,100824,204,99877,204,100888,100,99708,100,100958,100,99707,100,100988,100,99680,100,101188,100,99652,100,,,99645,100,,,99597,100
2019-06-28 10:04:20.000000000,100494,516,100155,616,100738,100,100010,100,100809,100,99984,400,100824,100,99877,100,100888,100,99708,100,100958,100,99707,100,100988,100,99680,100,101188,100,99652,100,,,99645,100,,,99597,100
2019-06-28 10:04:21.433537140,100494,416,100155,616,100738,100,100010,100,100809,100,99984,400,100824,100,99877,100,100888,100,99708,100,100958,100,99707,100,100988,100,99680,100,101188,100,99652,100,,,99645,100,,,99597,100
2019-06-28 10:04:22.145852410,100494,416,100155,616,100738,100,100010,100,100809,100,99984,400,100815,100,99877,100,100824,100,99708,100,100888,100,99707,100,100958,100,99652,100,100988,100,99645,100,101188,100,99597,100,,,99566,100
2019-06-28 10:04:28.839400796,100494,316,100155,616,100738,100,100010,100,100809,100,99984,400,100815,100,99877,100,100824,100,99708,100,100888,100,99707,100,100988,100,99652,100,101188,100,99645,100,,,99597,100,,,99566,100
2019-06-28 10:04:30.000000000,100738,204,100155,304,100809,204,100010,204,100815,204,99984,504,100824,204,99877,204,100888,100,99708,100,100988,100,99707,100,101188,100,99652,100,,,99645,100,,,99597,100,,,99566,100
2019-06-28 10:04:34.257434741,100738,204,100597,100,100809,204,100155,304,100815,204,100010,204,100824,204,99984,504,100888,100,99877,204,100988,100,99708,100,101188,100,99707,100,,,99652,100,,,99645,100,,,99597,100
2019-06-28 10:04:40.000000000,100738,204,100597,204,100809,204,100155,304,100815,204,100010,204,100824,204,99984,504,100888,100,99877,100,100988,100,99708,100,101188,100,99707,100,,,99652,100,,,99645,100,,,99597,100
2019-06-28 10:04:40.332252557,100738,204,100597,204,100809,204,100155,304,100815,204,100010,204,100824,204,99984,504,100855,100,99877,100,100988,100,99708,100,101188,100,99707,100,,,99652,100,,,99645,100,,,99597,100
2019-06-28 10:04:50.000000000,100738,308,100597,308,100809,308,100155,408,100815,100,100010,100,100824,100,99984,400,100855,100,99877,100,100988,100,99708,100,101188,100,99707,100,,,99652,100,,,99645,100,,,99597,100
2019-06-28 10:04:57.011985479,100738,308,100597,308,100809,308,100590,100,100815,100,100155,408,100824,100,100010,100,100855,100,99984,400,100988,100,99877,100,101188,100,99708,100,,,99707,100,,,99652,100,,,99645,100
2019-06-28 10:05:00.000000000,100738,204,100597,204,100809,204,100590,204,100815,204,100155,304,100824,204,100010,204,100855,100,99984,400,100988,100,99877,100,101188,100,99708,100,,,99707,100,,,99652,100,,,99645,100
2019-06-28 10:05:10.000000000,100738,183,100597,183,100809,183,100590,183,100815,183,100155,283,100824,183,100010,183,100855,183,99984,483,100988,100,99877,100,101188,100,99708,100,,,99707,100,,,99652,100,,,99645,100
2019-06-28 10:05:16.801778338,100738,183,100597,83,100809,183,100590,183,100815,183,100155,283,100824,183,100010,183,100855,183,99984,483,100988,100,99877,100,101188,100,99708,100,,,99707,100,,,99652,100,,,99645,100
2019-06-28 10:05:20.000000000,100738,308,100590,308,100809,308,100155,408,100815,100,100010,100,100824,100,99984,400,100855,100,99877,100,100988,100,99708,100,101188,100,99707,100,,,99652,100,,,99645,100,,,99597,100
2019-06-28 10:05:27.704081306,100738,308,100598,100,100809,308,100590,308,100815,100,100155,408,100824,100,100010,100,100855,100,99984,300,100988,100,99877,100,101188,100,99708,100,,,99707,100,,,99652,100,,,99645,100
2019-06-28 10:05:29.329244765,100651,100,100598,100,100738,308,100590,308,100809,308,100155,408,100815,100,100010,100,100824,100,99984,300,100855,100,99877,100,100988,100,99708,100,101188,100,99707,100,,,99652,100,,,99645,100
2019-06-28 10:05:30.000000000,100651,308,100598,308,100738,308,100590,308,100809,100,100155,200,100815,100,100010,100,100824,100,99984,300,100855,100,99877,100,100988,100,99708,100,101188,100,99707,100,,,99652,100,,,99645,100
