,ask_price_1,ask_size_1,bid_price_1,bid_size_1,ask_price_2,ask_size_2,bid_price_2,bid_size_2,ask_price_3,ask_size_3,bid_price_3,bid_size_3,ask_price_4,ask_size_4,bid_price_4,bid_size_4,ask_price_5,ask_size_5,bid_price_5,bid_size_5,ask_price_6,ask_size_6,bid_price_6,bid_size_6,ask_price_7,ask_size_7,bid_price_7,bid_size_7,ask_price_8,ask_size_8,bid_price_8,bid_size_8,ask_price_9,ask_size_9,bid_price_9,bid_size_9,ask_price_10,ask_size_10,bid_price_10,bid_size_10
2019-06-28 09:30:00.000000000,,,99913,100,,,,,,,,,,,,,,,,,,,,,,,,,,,,,,,,,,,,
2019-06-28 09:30:00.000000002,100111,100,99913,100,,,,,,,,,,,,,,,,,,,,,,,,,,,,,,,,,,,,
2019-06-28 09:30:00.000000004,100111,100,99982,100,,,99913,100,,,,,,,,,,,,,,,,,,,,,,,,,,,,,,,,
2019-06-28 09:30:00.000000008,100111,100,100054,100,,,99982,100,,,99913,100,,,,,,,,,,,,,,,,,,,,,,,,,,,,
2019-06-28 09:30:00.000000009,100111,100,100054,100,,,99982,100,,,99913,100,,,99905,100,,,,,,,,,,,,,,,,,,,,,,,,
2019-06-28 09:30:00.000000011,100111,100,99982,100,,,99975,100,,,99913,100,,,99908,100,,,99905,100,,,,,,,,,,,,,,,,,,,,
2019-06-28 09:30:00.000000012,100111,100,100019,100,,,99982,100,,,99975,100,,,99959,100,,,99913,100,,,99908,100,,,99905,100,,,,,,,,,,,,
2019-06-28 09:30:00.000000014,100111,100,100019,100,100141,100,99982,100,,,99975,100,,,99959,100,,,99913,100,,,99908,100,,,99905,100,,,,,,,,,,,,
2019-06-28 09:30:00.000000015,100111,100,99982,100,100141,100,99975,100,,,99974,100,,,99959,100,,,99913,100,,,99908,100,,,99905,100,,,,,,,,,,,,
2019-06-28 09:30:00.000000016,100111,100,100019,100,100141,100,99982,100,,,99975,100,,,99974,100,,,99959,100,,,99913,100,,,99908,100,,,99905,100,,,,,,,,
2019-06-28 09:30:00.000000017,100054,100,100019,100,100111,100,99982,100,100141,100,99975,100,,,99974,100,,,99959,100,,,99913,100,,,99908,100,,,99905,100,,,,,,,,
2019-06-28 09:30:00.000000019,100054,100,100019,100,100111,100,99982,100,100141,100,99975,100,,,99974,100,,,99959,100,,,99913,100,,,99908,100,,,99905,100,,,99848,100,,,,
2019-06-28 09:30:00.000000023,100054,100,100019,100,100111,100,99991,100,100125,100,99982,100,100141,100,99975,100,,,99974,100,,,99959,100,,,99913,100,,,99908,100,,,99905,100,,,99848,100
2019-06-28 09:30:00.000000025,100054,100,100019,200,100111,100,99991,100,100125,100,99982,100,100141,200,99975,100,,,99974,100,,,99959,100,,,99913,100,,,99908,100,,,99905,100,,,99848,100
2019-06-28 09:30:00.000000028,100054,100,100019,100,100111,100,99991,100,100125,100,99982,100,100141,200,99975,100,,,99974,100,,,99959,100,,,99913,100,,,99908,100,,,99905,100,,,99848,100
2019-06-28 09:30:00.000000030,100054,100,100019,100,100111,100,99991,100,100125,100,99982,100,100141,200,99975,100,100148,100,99974,100,,,99959,100,,,99913,100,,,99908,100,,,99905,100,,,99848,100
2019-06-28 09:30:00.000000032,100054,100,100019,100,100068,100,99991,100,100111,100,99982,100,100125,100,99975,100,100141,200,99974,100,100148,100,99959,100,,,99913,100,,,99908,100,,,99905,100,,,99848,100
2019-06-28 09:30:00.000000035,100054,100,100020,100,100068,100,100019,100,100111,100,99991,100,100125,100,99982,100,100141,200,99975,100,100148,100,99974,100,,,99972,100,,,99959,100,,,99914,100,,,99913,100
2019-06-28 09:30:00.000000036,100054,100,100019,100,100068,100,99991,100,100111,100,99982,100,100125,100,99975,100,100141,200,99974,100,100148,100,99972,100,,,99959,100,,,99914,100,,,99913,100,,,99908,100
2019-06-28 09:30:00.000000041,100054,100,100019,100,100068,100,99991,100,100111,100,99982,100,100125,100,99975,100,100141,200,99974,100,100148,100,99972,100,100151,100,99959,100,,,99914,100,,,99913,100,,,99908,100
2019-06-28 09:30:00.000000042,100054,100,99991,100,100068,100,99982,100,100111,100,99975,100,100125,100,99974,100,100141,200,99972,100,100148,100,99959,100,100151,100,99914,100,,,99913,100,,,99908,100,,,99905,100
2019-06-28 09:30:00.000000043,100020,100,99991,100,100054,100,99982,100,100068,100,99975,100,100111,100,99974,100,100125,100,99972,100,100141,200,99959,100,100148,100,99914,100,100151,100,99913,100,,,99908,100,,,99905,100
2019-06-28 09:30:00.000000044,100020,100,99991,100,100054,100,99982,100,100068,100,99975,100,100111,100,99974,100,100125,100,99972,100,100141,200,99959,100,100148,100,99914,100,100151,100,99913,100,,,99908,100,,,99905,100
2019-06-28 09:30:00.000000052,100020,100,99991,100,100054,100,99982,100,100068,100,99975,100,100111,100,99974,100,100125,100,99972,100,100141,200,99959,100,100148,100,99914,100,100151,100,99913,100,,,99908,100,,,99905,100
2019-06-28 09:30:00.000000053,100020,100,99991,100,100054,100,99982,100,100068,100,99975,100,100111,100,99974,100,100125,100,99972,100,100141,200,99959,100,100148,100,99915,100,100151,100,99914,100,,,99913,100,,,99908,100
2019-06-28 09:30:00.000000058,100020,100,100019,100,100024,100,99991,100,100054,100,99982,100,100068,100,99975,100,100111,100,99974,100,100125,100,99972,100,100141,200,99959,100,100148,100,99944,100,100151,100,99915,100,,,99914,100
2019-06-28 09:30:00.000000059,100020,200,100019,100,100024,100,99991,100,100054,100,99982,100,100068,100,99975,100,100111,100,99974,100,100125,100,99972,100,100141,200,99959,100,100148,100,99944,100,100151,100,99915,100,,,99914,100
2019-06-28 09:30:00.000000061,100020,200,100019,200,100024,100,99991,100,100054,100,99986,100,100068,100,99982,100,100111,100,99975,100,100125,100,99974,100,100141,200,99972,100,100148,100,99959,100,100151,100,99944,100,,,99915,100
2019-06-28 09:30:00.000000066,100020,200,100019,200,100024,100,100014,100,100054,100,99991,100,100068,100,99986,100,100111,100,99982,100,100125,100,99975,100,100141,200,99974,200,100148,100,99972,100,100151,100,99959,100,,,99952,100
2019-06-28 09:30:00.000000067,100020,200,100019,300,100024,100,100014,100,100054,100,99991,100,100068,100,99986,100,100078,100,99982,100,100111,100,99975,100,100125,100,99974,200,100141,200,99972,100,100148,100,99959,100,100151,100,99952,100
2019-06-28 09:30:00.000000070,100020,200,100019,300,100024,100,100014,100,100054,100,99991,100,100068,100,99986,100,100078,100,99982,100,100111,100,99975,100,100125,100,99974,200,100141,200,99972,100,100148,100,99959,100,100151,100,99952,100
2019-06-28 09:30:00.000000073,100020,200,100019,300,100024,100,100014,100,100054,100,99991,100,100068,100,99986,100,100078,100,99982,100,100109,100,99975,100,100111,100,99974,200,100125,100,99972,100,100141,200,99959,100,100148,100,99952,100
2019-06-28 09:30:00.000000075,100020,200,100019,200,100024,100,100014,100,100054,100,99991,100,100068,100,99986,100,100078,100,99982,100,100109,100,99975,100,100111,100,99974,200,100125,100,99972,100,100141,200,99959,100,100148,100,99952,100
2019-06-28 09:30:00.000000076,100020,200,100019,100,100024,100,100014,100,100054,100,99991,100,100068,100,99986,100,100078,100,99982,100,100109,100,99975,100,100111,100,99974,200,100125,100,99972,100,100141,200,99959,100,100148,100,99952,100
2019-06-28 09:30:00.000000077,100020,200,100019,100,100024,100,100014,100,100054,100,99991,100,100068,100,99986,100,100078,100,99982,100,100109,100,99975,100,100111,100,99974,200,100125,100,99972,100,100141,200,99959,100,100148,100,99952,100
2019-06-28 09:30:00.000000082,100020,200,100014,100,100024,100,99991,100,100054,100,99986,100,100068,100,99982,100,100074,100,99975,100,100078,100,99974,200,100109,100,99972,100,100111,100,99959,100,100125,100,99952,100,100129,100,99944,100
2019-06-28 09:30:00.000000085,100020,200,100014,100,100024,100,99991,100,100054,100,99986,100,100068,100,99982,100,100074,100,99975,100,100078,100,99974,200,100109,100,99972,100,100111,100,99959,100,100125,100,99952,100,100129,100,99944,100
2019-06-28 09:30:00.000000086,100020,200,100014,100,100024,100,99991,100,100054,100,99986,100,100068,100,99982,100,100074,100,99975,100,100078,100,99974,200,100109,100,99972,100,100111,100,99959,100,100125,100,99952,100,100129,100,99944,100
2019-06-28 09:30:00.000000088,100020,200,100014,100,100024,100,99991,100,100054,100,99986,100,100068,100,99982,100,100074,100,99975,100,100075,100,99974,200,100078,100,99972,100,100109,100,99959,100,100111,100,99952,100,100125,100,99944,100
2019-06-28 09:30:00.000000092,100020,200,100014,100,100024,100,99991,100,100054,100,99986,100,100068,100,99982,100,100074,100,99975,100,100075,100,99974,200,100078,100,99972,100,100109,100,99959,100,100111,100,99952,100,100125,100,99944,100
2019-06-28 09:30:00.000000094,100020,200,100019,100,100024,100,100014,100,100054,100,99991,100,100068,100,99986,100,100074,100,99982,100,100075,100,99975,100,100078,100,99974,200,100109,100,99972,100,100111,100,99959,100,100125,100,99952,100
2019-06-28 09:30:00.000000096,100020,200,100019,100,100024,100,100014,100,100054,100,99991,100,100068,100,99986,100,100074,100,99982,100,100075,100,99975,100,100078,100,99974,200,100109,100,99972,100,100111,100,99959,100,100125,100,99952,100
2019-06-28 09:30:00.000000097,100020,200,100019,100,100024,100,100014,100,100054,100,99993,100,100068,100,99991,100,100074,100,99986,100,100075,100,99982,100,100078,100,99975,100,100109,100,99974,200,100111,100,99972,100,100125,100,99959,100
2019-06-28 09:30:00.000000098,100020,200,100019,100,100024,100,100014,100,100054,100,99993,100,100068,100,99991,100,100074,100,99986,100,100075,100,99982,100,100078,100,99976,100,100109,100,99975,100,100111,100,99974,200,100125,100,99972,100
2019-06-28 09:30:00.000000099,100020,200,100014,100,100024,100,99993,100,100054,100,99991,100,100068,100,99986,100,100074,100,99982,100,100075,100,99976,100,100078,100,99975,100,100109,100,99974,200,100111,100,99972,100,100125,100,99959,100
2019-06-28 09:30:02.625450680,100020,200,99993,100,100024,100,99991,100,100054,100,99986,100,100068,100,99982,100,100074,100,99976,100,100075,100,99975,100,100078,100,99974,200,100109,100,99972,100,100111,100,99959,100,100125,100,99952,100
2019-06-28 09:30:10.000000000,100020,284,99993,184,100024,184,99991,184,100054,184,99986,184,100068,184,99982,184,100074,100,99976,100,100075,100,99975,100,100078,100,99974,200,100109,100,99972,100,100111,100,99959,100,100125,100,99952,100
2019-06-28 09:30:14.436582051,100020,284,99993,84,100024,184,99991,184,100054,184,99986,184,100068,184,99982,184,100074,100,99976,100,100075,100,99975,100,100078,100,99974,200,100109,100,99972,100,100111,100,99959,100,100125,100,99952,100
2019-06-28 09:30:20.000000000,100020,537,99991,437,100024,100,99986,100,100054,100,99982,100,100068,100,99976,100,100074,100,99975,100,100075,100,99974,200,100078,100,99972,100,100109,100,99959,100,100111,100,99952,100,100125,100,99944,100
2019-06-28 09:30:30.000000000,100020,267,99991,167,100024,167,99986,167,100054,167,99982,167,100068,167,99976,167,100074,167,99975,167,100075,100,99974,200,100078,100,99972,100,100109,100,99959,100,100111,100,99952,100,100125,100,99944,100
2019-06-28 09:30:40.000000000,100020,368,99991,268,100024,268,99986,268,100054,100,99982,100,100068,100,99976,100,100074,100,99975,100,100075,100,99974,200,100078,100,99972,100,100109,100,99959,100,100111,100,99952,100,100125,100,99944,100
2019-06-28 09:30:44.690130749,100020,368,99991,268,100024,268,99986,268,100054,100,99982,100,100068,100,99976,100,100074,100,99975,100,100075,100,99974,200,100078,100,99972,100,100109,100,99959,100,100111,100,99952,100,100125,100,99944,100
2019-06-28 09:30:50.000000000,100020,315,99991,215,100024,211,99986,211,100054,211,99982,211,100068,100,99976,100,100074,100,99975,100,100075,100,99974,200,100078,100,99972,100,100109,100,99959,100,100111,100,99952,100,100125,100,99944,100
2019-06-28 09:30:55.254187410,100020,315,99991,215,100024,211,99986,211,100054,211,99982,211,100068,100,99976,100,100074,100,99975,100,100075,100,99974,200,100078,100,99972,100,100109,100,99959,100,100111,100,99952,100,100125,100,99951,100
2019-06-28 09:31:00.000000000,100020,537,99991,437,100024,100,99986,100,100054,100,99982,100,100068,100,99976,100,100074,100,99975,100,100075,100,99974,200,100078,100,99972,100,100109,100,99959,100,100111,100,99952,100,100125,100,99951,100
2019-06-28 09:31:10.000000000,100020,368,99991,268,100024,268,99986,268,100054,100,99982,100,100068,100,99976,100,100074,100,99975,100,100075,100,99974,200,100078,100,99972,100,100109,100,99959,100,100111,100,99952,100,100125,100,99951,100
2019-06-28 09:31:15.041473436,100020,368,99991,268,100024,268,99986,268,100049,100,99982,100,100054,100,99976,100,100068,100,99975,100,100074,100,99974,200,100075,100,99972,100,100078,100,99959,100,100109,100,99952,100,100111,100,99951,100
2019-06-28 09:31:20.000000000,100020,368,99991,268,100024,268,99986,268,100049,100,99982,100,100054,100,99976,100,100068,100,99975,100,100074,100,99974,200,100075,100,99972,100,100078,100,99959,100,100109,100,99952,100,100111,100,99951,100
2019-06-28 09:31:22.550670461,100020,368,99994,100,100024,268,99991,268,100049,100,99986,268,100054,100,99982,100,100068,100,99976,100,100074,100,99975,100,100075,100,99974,200,100078,100,99972,100,100109,100,99959,100,100111,100,99952,100
2019-06-28 09:31:26.314915575,100020,268,99994,100,100024,268,99991,268,100049,100,99986,268,100054,100,99982,100,100068,100,99976,100,100074,100,99975,100,100075,100,99974,200,100078,100,99972,100,100109,100,99959,100,100111,100,99952,100
2019-06-28 09:31:27.830495956,100020,268,100011,100,100024,268,99994,100,100049,100,99991,268,100054,100,99986,168,100068,100,99982,100,100074,100,99976,100,100075,100,99975,100,100078,100,99974,200,100109,100,99972,100,100111,100,99959,100
2019-06-28 09:31:30.000000000,100020,215,100011,215,100024,211,99994,211,100049,211,99991,211,100054,100,99982,100,100068,100,99976,100,100074,100,99975,100,100075,100,99974,200,100078,100,99972,100,100109,100,99959,100,100111,100,99952,100
2019-06-28 09:31:40.000000000,100020,167,100011,167,100024,167,99994,167,100049,167,99991,167,100054,167,99982,167,100068,167,99976,167,100074,100,99975,100,100075,100,99974,200,100078,100,99972,100,100109,100,99959,100,100111,100,99952,100
2019-06-28 09:31:50.000000000,100020,167,100011,167,100024,167,99994,167,100049,167,99991,167,100054,167,99982,167,100068,167,99976,167,100074,100,99975,100,100075,100,99974,200,100078,100,99972,100,100109,100,99959,100,100111,100,99952,100
2019-06-28 09:31:53.066930151,100020,167,100011,167,100024,167,99994,167,100049,167,99991,167,100054,167,99982,167,100068,167,99976,167,100074,100,99975,100,100075,100,99974,200,100078,100,99972,100,100109,100,99959,100,100111,100,99952,100
2019-06-28 09:31:57.052526741,100020,167,100011,167,100024,167,99994,167,100049,167,99991,167,100054,167,99982,167,100068,167,99976,167,100074,100,99975,100,100075,100,99974,200,100078,100,99972,100,100109,100,99959,100,100125,100,99952,100
2019-06-28 09:32:00.000000000,100020,268,100011,268,100024,268,99994,268,100049,100,99991,100,100054,100,99982,100,100068,100,99976,100,100074,100,99975,100,100075,100,99974,200,100078,100,99972,100,100109,100,99959,100,100125,100,99952,100
2019-06-28 09:32:02.349728615,100020,268,100011,268,100024,268,99994,268,100049,100,99991,100,100054,100,99982,100,100068,100,99976,100,100074,100,99975,100,100075,100,99974,200,100078,100,99972,100,100109,100,99959,100,100125,100,99952,100
2019-06-28 09:32:10.000000000,100020,268,100011,268,100024,268,99994,268,100049,100,99991,100,100054,100,99982,100,100068,100,99976,100,100074,100,99975,100,100075,100,99974,200,100078,100,99972,100,100109,100,99959,100,100125,100,99952,100
2019-06-28 09:32:10.156488324,100020,268,100011,268,100024,268,99994,268,100049,100,99991,100,100054,100,99982,100,100068,100,99976,100,100074,100,99975,100,100075,100,99974,200,100078,100,99972,100,100109,100,99952,100,100125,100,99951,100
2019-06-28 09:32:19.938649475,100019,100,100011,268,100020,268,99994,268,100024,268,99991,100,100049,100,99982,100,100054,100,99976,100,100068,100,99975,100,100074,100,99974,200,100075,100,99972,100,100078,100,99952,100,100109,100,99951,100
2019-06-28 09:32:20.000000000,100019,437,100011,437,100020,100,99994,100,100024,100,99991,100,100049,100,99982,100,100054,100,99976,100,100068,100,99975,100,100074,100,99974,200,100075,100,99972,100,100078,100,99952,100,100109,100,99951,100
2019-06-28 09:32:30.000000000,100019,184,100011,184,100020,184,99994,184,100024,184,99991,184,100049,184,99982,184,100054,100,99976,100,100068,100,99975,100,100074,100,99974,200,100075,100,99972,100,100078,100,99952,100,100109,100,99951,100
2019-06-28 09:32:37.893004858,100019,84,100011,184,100020,184,99994,184,100024,184,99991,184,100049,184,99982,184,100054,100,99976,100,100068,100,99975,100,100074,100,99974,200,100075,100,99972,100,100078,100,99951,100,100109,100,99941,100
2019-06-28 09:32:40.000000000,100020,215,100011,215,100024,211,99994,211,100049,211,99991,211,100054,100,99982,100,100068,100,99976,100,100074,100,99975,100,100075,100,99974,200,100078,100,99972,100,100109,100,99951,100,100125,100,99941,100
2019-06-28 09:32:45.005755217,100020,215,100019,100,100024,211,100011,215,100049,211,99994,211,100054,100,99991,211,100068,100,99982,100,100074,100,99976,100,100075,100,99975,100,100078,100,99974,200,100109,100,99972,100,100125,100,99951,100
2019-06-28 09:32:50.000000000,100020,167,100019,167,100024,167,100011,167,100049,167,99994,167,100054,167,99991,167,100068,167,99982,167,100074,100,99976,100,100075,100,99975,100,100078,100,99974,200,100109,100,99972,100,100125,100,99951,100
2019-06-28 09:32:55.171583450,100020,167,100019,167,100024,167,100011,167,100049,167,99994,167,100054,167,99991,167,100068,167,99982,167,100074,100,99976,100,100075,100,99975,100,100078,100,99974,200,100109,100,99972,100,100125,100,99951,100
2019-06-28 09:33:00.000000000,100020,437,100019,437,100024,100,100011,100,100049,100,99994,100,100054,100,99991,100,100068,100,99982,100,100074,100,99976,100,100075,100,99975,100,100078,100,99974,200,100109,100,99972,100,100125,100,99951,100
2019-06-28 09:33:00.609381648,100020,437,100019,537,100024,100,100011,100,100049,100,99994,100,100054,100,99991,100,100068,100,99982,100,100074,100,99976,100,100075,100,99975,100,100078,100,99974,200,100109,100,99972,100,100125,100,99951,100
2019-06-28 09:33:10.000000000,100020,437,100019,537,100024,100,100011,100,100049,100,99994,100,100054,100,99991,100,100068,100,99982,100,100074,100,99976,100,100075,100,99975,100,100078,100,99974,200,100109,100,99972,100,100125,100,99951,100
2019-06-28 09:33:20.000000000,100020,167,100019,267,100024,167,100011,167,100049,167,99994,167,100054,167,99991,167,100068,167,99982,167,100074,100,99976,100,100075,100,99975,100,100078,100,99974,200,100109,100,99972,100,100125,100,99951,100
2019-06-28 09:33:30.000000000,100020,268,100019,368,100024,268,100011,268,100049,100,99994,100,100054,100,99991,100,100068,100,99982,100,100074,100,99976,100,100075,100,99975,100,100078,100,99974,200,100109,100,99972,100,100125,100,99951,100
2019-06-28 09:33:31.696660296,100020,268,100019,368,100024,268,100011,268,100049,100,99994,100,100054,100,99991,100,100068,100,99982,100,100074,100,99976,100,100075,100,99975,100,100078,100,99974,200,100109,100,99972,100,100125,100,99951,100
2019-06-28 09:33:40.000000000,100020,268,100019,368,100024,268,100011,268,100049,100,99994,100,100054,100,99991,100,100068,100,99982,100,100074,100,99976,100,100075,100,99975,100,100078,100,99974,200,100109,100,99972,100,100125,100,99951,100
2019-06-28 09:33:50.000000000,100020,437,100019,537,100024,100,100011,100,100049,100,99994,100,100054,100,99991,100,100068,100,99982,100,100074,100,99976,100,100075,100,99975,100,100078,100,99974,200,100109,100,99972,100,100125,100,99951,100
2019-06-28 09:33:52.050291259,100020,437,100019,437,100024,100,100011,100,100049,100,99994,100,100054,100,99991,100,100068,100,99982,100,100074,100,99976,100,100075,100,99975,100,100078,100,99974,200,100109,100,99972,100,100125,100,99951,100
2019-06-28 09:34:00.000000000,100020,167,100019,167,100024,167,100011,167,100049,167,99994,167,100054,167,99991,167,100068,167,99982,167,100074,100,99976,100,100075,100,99975,100,100078,100,99974,200,100109,100,99972,100,100125,100,99951,100
2019-06-28 09:34:06.297588243,100020,167,100019,67,100024,167,100011,167,100049,167,99994,167,100054,167,99991,167,100068,167,99982,167,100074,100,99976,100,100075,100,99975,100,100078,100,99974,200,100109,100,99972,100,100125,100,99951,100
2019-06-28 09:34:10.000000000,100020,437,100011,437,100024,100,99994,100,100049,100,99991,100,100054,100,99982,100,100068,100,99976,100,100074,100,99975,100,100075,100,99974,200,100078,100,99972,100,100109,100,99951,100,100125,100,99941,100
2019-06-28 09:34:16.640148807,100020,437,100011,337,100024,100,99994,100,100049,100,99991,100,100054,100,99982,100,100068,100,99976,100,100074,100,99975,100,100075,100,99974,200,100078,100,99972,100,100109,100,99951,100,100125,100,99941,100
2019-06-28 09:34:20.000000000,100020,268,99994,268,100024,268,99991,268,100049,100,99982,100,100054,100,99976,100,100068,100,99975,100,100074,100,99974,200,100075,100,99972,100,100078,100,99951,100,100109,100,99941,100,100125,100,99936,100
2019-06-28 09:34:30.000000000,100020,184,99994,184,100024,184,99991,184,100049,184,99982,184,100054,184,99976,184,100068,100,99975,100,100074,100,99974,200,100075,100,99972,100,100078,100,99951,100,100109,100,99941,100,100125,100,99936,100
2019-06-28 09:34:30.368894901,100020,184,99994,84,100024,184,99991,184,100049,184,99982,184,100054,184,99976,184,100068,100,99975,100,100074,100,99974,200,100075,100,99972,100,100078,100,99951,100,100109,100,99936,100,100125,100,99933,100
2019-06-28 09:34:40.000000000,100020,167,99991,167,100024,167,99982,167,100049,167,99976,167,100054,167,99975,167,100068,167,99974,267,100074,100,99972,100,100075,100,99951,100,100078,100,99936,100,100109,100,99933,100,100125,100,99915,100
2019-06-28 09:34:50.000000000,100020,167,99991,167,100024,167,99982,167,100049,167,99976,167,100054,167,99975,167,100068,167,99974,267,100074,100,99972,100,100075,100,99951,100,100078,100,99936,100,100109,100,99933,100,100125,100,99915,100
2019-06-28 09:34:52.977138092,100020,167,99991,67,100024,167,99982,167,100049,167,99976,167,100054,167,99975,167,100068,167,99974,267,100074,100,99972,100,100075,100,99951,100,100078,100,99936,100,100109,100,99933,100,100125,100,99915,100
2019-06-28 09:34:55.486059205,100020,167,99991,67,100024,167,99982,167,100049,167,99976,167,100054,167,99975,167,100068,167,99974,267,100075,100,99972,100,100078,100,99951,100,100109,100,99936,100,100125,100,99933,100,100151,100,99915,100
2019-06-28 09:35:00.000000000,100020,215,99982,215,100024,211,99976,211,100049,211,99975,211,100054,100,99974,200,100068,100,99972,100,100075,100,99951,100,100078,100,99936,100,100109,100,99933,100,100125,100,99915,100,100151,100,99914,100
2019-06-28 09:35:10.000000000,100020,184,99982,184,100024,184,99976,184,100049,184,99975,184,100054,184,99974,284,100068,100,99972,100,100075,100,99951,100,100078,100,99936,100,100109,100,99933,100,100125,100,99915,100,100151,100,99914,100
2019-06-28 09:35:20.000000000,100020,184,99982,184,100024,184,99976,184,100049,184,99975,184,100054,184,99974,284,100068,100,99972,100,100075,100,99951,100,100078,100,99936,100,100109,100,99933,100,100125,100,99915,100,100151,100,99914,100
2019-06-28 09:35:22.766475637,100020,184,99982,184,100024,184,99976,184,100049,184,99975,184,100054,184,99974,284,100068,100,99972,100,100075,100,99951,100,100078,100,99936,100,100109,100,99933,100,100125,100,99915,100,100151,100,99914,100
2019-06-28 09:35:30.000000000,100020,184,99982,184,100024,184,99976,184,100049,184,99975,184,100054,184,99974,284,100068,100,99972,100,100075,100,99951,100,100078,100,99936,100,100109,100,99933,100,100125,100,99915,100,100151,100,99914,100
2019-06-28 09:35:40.000000000,100020,215,99982,215,100024,211,99976,211,100049,211,99975,211,100054,100,99974,200,100068,100,99972,100,100075,100,99951,100,100078,100,99936,100,100109,100,99933,100,100125,100,99915,100,100151,100,99914,100
2019-06-28 09:35:50.000000000,100020,215,99982,215,100024,211,99976,211,100049,211,99975,211,100054,100,99974,200,100068,100,99972,100,100075,100,99951,100,100078,100,99936,100,100109,100,99933,100,100125,100,99915,100,100151,100,99914,100
2019-06-28 09:36:00.000000000,100020,268,99982,268,100024,268,99976,268,100049,100,99975,100,100054,100,99974,200,100068,100,99972,100,100075,100,99951,100,100078,100,99936,100,100109,100,99933,100,100125,100,99915,100,100151,100,99914,100
2019-06-28 09:36:10.000000000,100020,268,99982,268,100024,268,99976,268,100049,100,99975,100,100054,100,99974,200,100068,100,99972,100,100075,100,99951,100,100078,100,99936,100,100109,100,99933,100,100125,100,99915,100,100151,100,99914,100
2019-06-28 09:36:20.000000000,100020,167,99982,167,100024,167,99976,167,100049,167,99975,167,100054,167,99974,267,100068,167,99972,167,100075,100,99951,100,100078,100,99936,100,100109,100,99933,100,100125,100,99915,100,100151,100,99914,100
2019-06-28 09:36:30.000000000,100020,268,99982,268,100024,268,99976,268,100049,100,99975,100,100054,100,99974,200,100068,100,99972,100,100075,100,99951,100,100078,100,99936,100,100109,100,99933,100,100125,100,99915,100,100151,100,99914,100
2019-06-28 09:36:40.000000000,100020,437,99982,437,100024,100,99976,100,100049,100,99975,100,100054,100,99974,200,100068,100,99972,100,100075,100,99951,100,100078,100,99936,100,100109,100,99933,100,100125,100,99915,100,100151,100,99914,100
2019-06-28 09:36:45.925795850,100020,337,99982,437,100024,100,99976,100,100049,100,99975,100,100054,100,99974,200,100068,100,99972,100,100075,100,99951,100,100078,100,99936,100,100109,100,99933,100,100125,100,99915,100,100151,100,99914,100
2019-06-28 09:36:50.000000000,100024,437,99982,437,100049,100,99976,100,100054,100,99975,100,100068,100,99974,200,100075,100,99972,100,100078,100,99951,100,100109,100,99936,100,100125,100,99933,100,100151,100,99915,100,100162,100,99914,100
2019-06-28 09:37:00.000000000,100024,167,99982,167,100049,167,99976,167,100054,167,99975,167,100068,167,99974,267,100075,167,99972,167,100078,100,99951,100,100109,100,99936,100,100125,100,99933,100,100151,100,99915,100,100162,100,99914,100
2019-06-28 09:37:00.068649382,100024,167,99992,100,100049,167,99982,167,100054,167,99976,167,100068,167,99975,167,100075,167,99974,267,100078,100,99972,167,100109,100,99951,100,100125,100,99936,100,100151,100,99933,100,100162,100,99915,100
2019-06-28 09:37:08.688886310,100024,167,99992,100,100049,167,99982,167,100054,167,99976,167,100068,167,99975,167,100075,67,99974,267,100078,100,99972,167,100109,100,99951,100,100125,100,99936,100,100151,100,99933,100,100162,100,99915,100
2019-06-28 09:37:10.000000000,100024,437,99992,437,100049,100,99982,100,100054,100,99976,100,100068,100,99975,100,100078,100,99974,200,100109,100,99972,100,100125,100,99951,100,100151,100,99936,100,100162,100,99933,100,100221,100,99915,100
2019-06-28 09:37:20.000000000,100024,437,99992,437,100049,100,99982,100,100054,100,99976,100,100068,100,99975,100,100078,100,99974,200,100109,100,99972,100,100125,100,99951,100,100151,100,99936,100,100162,100,99933,100,100221,100,99915,100
2019-06-28 09:37:29.480141987,100024,437,99992,437,100049,100,99982,100,100054,100,99976,100,100068,100,99975,100,100078,100,99974,200,100109,100,99972,100,100125,100,99951,100,100151,100,99936,100,100162,100,99915,100,100221,100,99914,100
2019-06-28 09:37:30.000000000,100024,215,99992,215,100049,211,99982,211,100054,211,99976,211,100068,100,99975,100,100078,100,99974,200,100109,100,99972,100,100125,100,99951,100,100151,100,99936,100,100162,100,99915,100,100221,100,99914,100
2019-06-28 09:37:32.516009110,100024,215,99992,315,100049,211,99982,211,100054,211,99976,211,100068,100,99975,100,100078,100,99974,200,100109,100,99972,100,100125,100,99951,100,100151,100,99936,100,100162,100,99915,100,100221,100,99914,100
2019-06-28 09:37:35.262733644,100019,100,99992,315,100024,215,99982,211,100049,211,99976,211,100054,211,99975,100,100068,100,99974,200,100078,100,99972,100,100109,100,99951,100,100125,100,99936,100,100151,100,99915,100,100162,100,99914,100
2019-06-28 09:37:40.000000000,100019,268,99992,368,100024,268,99982,268,100049,100,99976,100,100054,100,99975,100,100068,100,99974,200,100078,100,99972,100,100109,100,99951,100,100125,100,99936,100,100151,100,99915,100,100162,100,99914,100
2019-06-28 09:37:48.256764654,100019,268,99992,368,100024,268,99982,268,100049,100,99976,100,100054,100,99975,100,100068,100,99974,200,100078,100,99972,100,100109,100,99951,100,100125,100,99936,100,100151,100,99915,100,100162,100,99914,100
2019-06-28 09:37:50.000000000,100019,437,99992,537,100024,100,99982,100,100049,100,99976,100,100054,100,99975,100,100068,100,99974,200,100078,100,99972,100,100109,100,99951,100,100125,100,99936,100,100151,100,99915,100,100162,100,99914,100
2019-06-28 09:37:51.745968058,100019,437,99992,437,100024,100,99982,100,100049,100,99976,100,100054,100,99975,100,100068,100,99974,200,100078,100,99972,100,100109,100,99936,100,100125,100,99915,100,100151,100,99914,100,100162,100,99913,100
2019-06-28 09:38:00.000000000,100019,437,99992,437,100024,100,99982,100,100049,100,99976,100,100054,100,99975,100,100068,100,99974,200,100078,100,99972,100,100109,100,99936,100,100125,100,99915,100,100151,100,99914,100,100162,100,99913,100
2019-06-28 09:38:10.000000000,100019,215,99992,215,100024,211,99982,211,100049,211,99976,211,100054,100,99975,100,100068,100,99974,200,100078,100,99972,100,100109,100,99936,100,100125,100,99915,100,100151,100,99914,100,100162,100,99913,100
2019-06-28 09:38:20.000000000,100019,437,99992,437,100024,100,99982,100,100049,100,99976,100,100054,100,99975,100,100068,100,99974,200,100078,100,99972,100,100109,100,99936,100,100125,100,99915,100,100151,100,99914,100,100162,100,99913,100
2019-06-28 09:38:21.366158382,100019,437,99992,337,100024,100,99982,100,100049,100,99975,100,100054,100,99974,200,100068,100,99972,100,100078,100,99936,100,100109,100,99915,100,100125,100,99914,100,100151,100,99913,100,100162,100,99908,100
2019-06-28 09:38:30.000000000,100019,268,99982,268,100024,268,99975,268,100049,100,99974,200,100054,100,99972,100,100068,100,99936,100,100078,100,99915,100,100109,100,99914,100,100125,100,99913,100,100151,100,99908,100,100162,100,99905,100
2019-06-28 09:38:40.000000000,100019,167,99982,167,100024,167,99975,167,100049,167,99974,267,100054,167,99972,167,100068,167,99936,167,100078,100,99915,100,100109,100,99914,100,100125,100,99913,100,100151,100,99908,100,100162,100,99905,100
2019-06-28 09:38:47.827921687,100019,67,99982,167,100024,167,99975,167,100049,67,99974,267,100054,167,99972,167,100068,167,99936,167,100078,100,99915,100,100109,100,99914,100,100125,100,99913,100,100151,100,99908,100,100162,100,99905,100
2019-06-28 09:38:50.000000000,100024,215,99982,215,100054,211,99975,211,100068,211,99974,311,100078,100,99972,100,100109,100,99936,100,100125,100,99915,100,100151,100,99914,100,100162,100,99913,100,100221,100,99908,100,100264,100,99905,100
2019-06-28 09:38:53.543980574,100024,215,99982,215,100054,211,99975,211,100068,211,99974,311,100078,100,99972,100,100109,100,99936,100,100125,100,99915,100,100151,100,99914,100,100162,100,99913,100,100221,100,99908,100,100250,100,99905,100
2019-06-28 09:39:00.000000000,100024,268,99982,268,100054,268,99975,268,100068,100,99974,200,100078,100,99972,100,100109,100,99936,100,100125,100,99915,100,100151,100,99914,100,100162,100,99913,100,100221,100,99908,100,100250,100,99905,100
2019-06-28 09:39:10.000000000,100024,167,99982,167,100054,167,99975,167,100068,167,99974,267,100078,167,99972,167,100109,167,99936,167,100125,100,99915,100,100151,100,99914,100,100162,100,99913,100,100221,100,99908,100,100250,100,99905,100
2019-06-28 09:39:10.526358117,100024,67,99982,167,100054,167,99975,167,100068,167,99974,167,100078,167,99972,167,100109,167,99936,167,100125,100,99915,100,100151,100,99914,100,100162,100,99913,100,100221,100,99908,100,100250,100,99905,100
2019-06-28 09:39:17.855246023,100024,67,99982,167,100054,167,99975,167,100068,167,99974,167,100078,167,99972,67,100109,167,99936,167,100125,100,99915,100,100151,100,99914,100,100162,100,99913,100,100221,100,99908,100,100250,100,99905,100
2019-06-28 09:39:20.000000000,100054,268,99982,268,100068,268,99975,268,100078,100,99974,100,100109,100,99936,100,100125,100,99915,100,100151,100,99914,100,100162,100,99913,100,100221,100,99908,100,100250,100,99905,100,100258,100,99899,100
2019-06-28 09:39:30.000000000,100054,184,99982,184,100068,184,99975,184,100078,184,99974,184,100109,184,99936,184,100125,100,99915,100,100151,100,99914,100,100162,100,99913,100,100221,100,99908,100,100250,100,99905,100,100258,100,99899,100
2019-06-28 09:39:40.000000000,100054,215,99982,215,100068,211,99975,211,100078,211,99974,211,100109,100,99936,100,100125,100,99915,100,100151,100,99914,100,100162,100,99913,100,100221,100,99908,100,100250,100,99905,100,100258,100,99899,100
2019-06-28 09:39:50.000000000,100054,268,99982,268,100068,268,99975,268,100078,100,99974,100,100109,100,99936,100,100125,100,99915,100,100151,100,99914,100,100162,100,99913,100,100221,100,99908,100,100250,100,99905,100,100258,100,99899,100
2019-06-28 09:40:00.000000000,100054,167,99982,167,100068,167,99975,167,100078,167,99974,167,100109,167,99936,167,100125,167,99915,167,100151,100,99914,100,100162,100,99913,100,100221,100,99908,100,100250,100,99905,100,100258,100,99899,100
2019-06-28 09:40:03.737783853,100018,100,99982,167,100054,67,99975,167,100068,167,99974,167,100078,167,99936,167,100109,167,99915,167,100125,167,99914,100,100151,100,99913,100,100162,100,99908,100,100221,100,99905,100,100250,100,99899,100
2019-06-28 09:40:05.887884845,100018,100,99982,167,100054,67,99975,167,100057,100,99974,167,100068,167,99936,167,100078,167,99915,167,100109,167,99914,100,100125,167,99913,100,100151,100,99908,100,100162,100,99905,100,100221,100,99899,100
2019-06-28 09:40:10.000000000,100018,437,99982,437,100057,100,99975,100,100068,100,99974,100,100078,100,99936,100,100109,100,99915,100,100125,100,99914,100,100151,100,99913,100,100162,100,99908,100,100221,100,99905,100,100250,100,99899,100
2019-06-28 09:40:20.000000000,100018,167,99982,167,100057,167,99975,167,100068,167,99974,167,100078,167,99936,167,100109,167,99915,167,100125,100,99914,100,100151,100,99913,100,100162,100,99908,100,100221,100,99905,100,100250,100,99899,100
2019-06-28 09:40:30.000000000,100018,184,99982,184,100057,184,99975,184,100068,184,99974,184,100078,184,99936,184,100109,100,99915,100,100125,100,99914,100,100151,100,99913,100,100162,100,99908,100,100221,100,99905,100,100250,100,99899,100
2019-06-28 09:40:40.000000000,100018,268,99982,268,100057,268,99975,268,100068,100,99974,100,100078,100,99936,100,100109,100,99915,100,100125,100,99914,100,100151,100,99913,100,100162,100,99908,100,100221,100,99905,100,100250,100,99899,100
2019-06-28 09:40:50.000000000,100018,437,99982,437,100057,100,99975,100,100068,100,99974,100,100078,100,99936,100,100109,100,99915,100,100125,100,99914,100,100151,100,99913,100,100162,100,99908,100,100221,100,99905,100,100250,100,99899,100
2019-06-28 09:41:00.000000000,100018,437,99982,437,100057,100,99975,100,100068,100,99974,100,100078,100,99936,100,100109,100,99915,100,100125,100,99914,100,100151,100,99913,100,100162,100,99908,100,100221,100,99905,100,100250,100,99899,100
2019-06-28 09:41:06.674888424,100018,337,99982,437,100057,100,99975,100,100068,100,99974,100,100078,100,99936,100,100109,100,99915,100,100125,100,99914,100,100151,100,99913,100,100162,100,99908,100,100221,100,99905,100,100250,100,99899,100
2019-06-28 09:41:10.000000000,100057,167,99982,167,100068,167,99975,167,100078,167,99974,167,100109,167,99936,167,100125,167,99915,167,100151,100,99914,100,100162,100,99913,100,100221,100,99908,100,100250,100,99905,100,100258,100,99899,100
2019-06-28 09:41:20.000000000,100057,215,99982,215,100068,211,99975,211,100078,211,99974,211,100109,100,99936,100,100125,100,99915,100,100151,100,99914,100,100162,100,99913,100,100221,100,99908,100,100250,100,99905,100,100258,100,99899,100
2019-06-28 09:41:30.000000000,100057,437,99982,437,100068,100,99975,100,100078,100,99974,100,100109,100,99936,100,100125,100,99915,100,100151,100,99914,100,100162,100,99913,100,100221,100,99908,100,100250,100,99905,100,100258,100,99899,100
2019-06-28 09:41:40.000000000,100057,184,99982,184,100068,184,99975,184,100078,184,99974,184,100109,184,99936,184,100125,100,99915,100,100151,100,99914,100,100162,100,99913,100,100221,100,99908,100,100250,100,99905,100,100258,100,99899,100
2019-06-28 09:41:50.000000000,100057,437,99982,437,100068,100,99975,100,100078,100,99974,100,100109,100,99936,100,100125,100,99915,100,100151,100,99914,100,100162,100,99913,100,100221,100,99908,100,100250,100,99905,100,100258,100,99899,100
2019-06-28 09:42:00.000000000,100057,437,99982,437,100068,100,99975,100,100078,100,99974,100,100109,100,99936,100,100125,100,99915,100,100151,100,99914,100,100162,100,99913,100,100221,100,99908,100,100250,100,99905,100,100258,100,99899,100
2019-06-28 09:42:03.750924793,100057,437,99982,437,100068,100,99975,100,100078,100,99974,100,100109,100,99936,100,100125,100,99915,100,100151,100,99914,100,100162,100,99913,100,100221,100,99908,100,100250,100,99905,100,100258,100,99899,100
2019-06-28 09:42:10.000000000,100057,184,99982,184,100068,184,99975,184,100078,184,99974,184,100109,184,99936,184,100125,100,99915,100,100151,100,99914,100,100162,100,99913,100,100221,100,99908,100,100250,100,99905,100,100258,100,99899,100
2019-06-28 09:42:20.000000000,100057,215,99982,215,100068,211,99975,211,100078,211,99974,211,100109,100,99936,100,100125,100,99915,100,100151,100,99914,100,100162,100,99913,100,100221,100,99908,100,100250,100,99905,100,100258,100,99899,100
2019-06-28 09:42:23.950472207,100057,115,99982,215,100068,211,99975,211,100078,211,99974,211,100109,100,99936,100,100125,100,99915,100,100151,100,99914,100,100162,100,99913,100,100221,100,99908,100,100250,100,99905,100,100258,100,99899,100
2019-06-28 09:42:30.000000000,100068,268,99982,268,100078,268,99975,268,100109,100,99974,100,100125,100,99936,100,100151,100,99915,100,100162,100,99914,100,100221,100,99913,100,100250,100,99908,100,100258,100,99905,100,100264,100,99899,100
2019-06-28 09:42:40.000000000,100068,184,99982,184,100078,184,99975,184,100109,184,99974,184,100125,184,99936,184,100151,100,99915,100,100162,100,99914,100,100221,100,99913,100,100250,100,99908,100,100258,100,99905,100,100264,100,99899,100
2019-06-28 09:42:44.070688006,100068,184,99982,184,100078,184,99975,184,100109,184,99974,184,100125,184,99936,184,100151,100,99915,100,100162,100,99914,100,100221,100,99913,100,100250,100,99908,100,100258,100,99905,100,100264,100,99899,100
2019-06-28 09:42:50.000000000,100068,167,99982,167,100078,167,99975,167,100109,167,99974,167,100125,167,99936,167,100151,167,99915,167,100162,100,99914,100,100221,100,99913,100,100250,100,99908,100,100258,100,99905,100,100264,100,99899,100
2019-06-28 09:43:00.000000000,100068,437,99982,437,100078,100,99975,100,100109,100,99974,100,100125,100,99936,100,100151,100,99915,100,100162,100,99914,100,100221,100,99913,100,100250,100,99908,100,100258,100,99905,100,100264,100,99899,100
2019-06-28 09:43:00.529802815,100068,437,99982,437,100078,100,99975,100,100109,100,99974,100,100125,100,99936,100,100151,100,99915,100,100162,100,99914,100,100221,100,99913,100,100250,100,99908,100,100258,100,99905,100,100264,100,99899,100
2019-06-28 09:43:06.163315848,100068,437,99982,437,100078,100,99975,100,100109,100,99974,100,100125,100,99936,100,100151,100,99914,100,100162,100,99913,100,100221,100,99908,100,100250,100,99905,100,100258,100,99899,100,100264,100,99860,100
2019-06-28 09:43:10.000000000,100068,268,99982,268,100078,268,99975,268,100109,100,99974,100,100125,100,99936,100,100151,100,99914,100,100162,100,99913,100,100221,100,99908,100,100250,100,99905,100,100258,100,99899,100,100264,100,99860,100
2019-06-28 09:43:18.036849352,100068,268,99982,268,100078,268,99975,268,100109,100,99936,100,100125,100,99914,100,100151,100,99913,100,100162,100,99908,100,100221,100,99905,100,100250,100,99899,100,100258,100,99860,100,100264,100,99848,100
2019-06-28 09:43:18.139681407,100068,168,99982,268,100078,268,99975,268,100109,100,99936,100,100125,100,99914,100,100151,100,99913,100,100162,100,99908,100,100221,100,99905,100,100250,100,99899,100,100258,100,99860,100,100264,100,99848,100
2019-06-28 09:43:20.000000000,100078,167,99982,167,100109,167,99975,167,100125,167,99936,167,100151,167,99914,167,100162,167,99913,167,100221,100,99908,100,100250,100,99905,100,100258,100,99899,100,100264,100,99860,100,100301,100,99848,100
2019-06-28 09:43:30.000000000,100078,268,99982,268,100109,268,99975,268,100125,100,99936,100,100151,100,99914,100,100162,100,99913,100,100221,100,99908,100,100250,100,99905,100,100258,100,99899,100,100264,100,99860,100,100301,100,99848,100
2019-06-28 09:43:40.000000000,100078,437,99982,437,100109,100,99975,100,100125,100,99936,100,100151,100,99914,100,100162,100,99913,100,100221,100,99908,100,100250,100,99905,100,100258,100,99899,100,100264,100,99860,100,100301,100,99848,100
2019-06-28 09:43:50.000000000,100078,268,99982,268,100109,268,99975,268,100125,100,99936,100,100151,100,99914,100,100162,100,99913,100,100221,100,99908,100,100250,100,99905,100,100258,100,99899,100,100264,100,99860,100,100301,100,99848,100
2019-06-28 09:44:00.000000000,100078,215,99982,215,100109,211,99975,211,100125,211,99936,211,100151,100,99914,100,100162,100,99913,100,100221,100,99908,100,100250,100,99905,100,100258,100,99899,100,100264,100,99860,100,100301,100,99848,100
2019-06-28 09:44:10.000000000,100078,184,99982,184,100109,184,99975,184,100125,184,99936,184,100151,184,99914,184,100162,100,99913,100,100221,100,99908,100,100250,100,99905,100,100258,100,99899,100,100264,100,99860,100,100301,100,99848,100
2019-06-28 09:44:13.999990265,100078,184,99982,184,100109,184,99975,184,100125,184,99936,184,100151,184,99914,184,100162,100,99913,100,100221,100,99908,100,100250,100,99899,100,100258,100,99860,100,100264,100,99848,100,100301,100,99829,100
2019-06-28 09:44:20.000000000,100078,437,99982,437,100109,100,99975,100,100125,100,99936,100,100151,100,99914,100,100162,100,99913,100,100221,100,99908,100,100250,100,99899,100,100258,100,99860,100,100264,100,99848,100,100301,100,99829,100
2019-06-28 09:44:20.330934026,100078,437,99982,437,100109,100,99975,100,100125,100,99914,100,100151,100,99913,100,100162,100,99908,100,100221,100,99899,100,100250,100,99860,100,100258,100,99848,100,100264,100,99829,100,100301,100,99720,100
2019-06-28 09:44:30.000000000,100078,167,99982,167,100109,167,99975,167,100125,167,99914,167,100151,167,99913,167,100162,167,99908,167,100221,100,99899,100,100250,100,99860,100,100258,100,99848,100,100264,100,99829,100,100301,100,99720,100
2019-06-28 09:44:40.000000000,100078,167,99982,167,100109,167,99975,167,100125,167,99914,167,100151,167,99913,167,100162,167,99908,167,100221,100,99899,100,100250,100,99860,100,100258,100,99848,100,100264,100,99829,100,100301,100,99720,100
2019-06-28 09:44:50.000000000,100078,437,99982,437,100109,100,99975,100,100125,100,99914,100,100151,100,99913,100,100162,100,99908,100,100221,100,99899,100,100250,100,99860,100,100258,100,99848,100,100264,100,99829,100,100301,100,99720,100
2019-06-28 09:45:00.000000000,100078,215,99982,215,100109,211,99975,211,100125,211,99914,211,100151,100,99913,100,100162,100,99908,100,100221,100,99899,100,100250,100,99860,100,100258,100,99848,100,100264,100,99829,100,100301,100,99720,100
2019-06-28 09:45:03.901562774,100078,215,99982,215,100109,111,99975,211,100125,211,99914,211,100151,100,99913,100,100162,100,99908,100,100221,100,99899,100,100250,100,99860,100,100258,100,99848,100,100264,100,99829,100,100301,100,99720,100
2019-06-28 09:45:10.000000000,100078,215,99982,215,100125,211,99975,211,100151,211,99914,211,100162,100,99913,100,100221,100,99908,100,100250,100,99899,100,100258,100,99860,100,100264,100,99848,100,100301,100,99829,100,100396,100,99720,100
2019-06-28 09:45:15.299459721,100078,215,99982,215,100125,211,99975,211,100151,211,99914,211,100162,100,99913,100,100221,100,99908,100,100250,100,99899,100,100258,100,99860,100,100264,100,99848,100,100301,100,99829,100,100396,100,99720,100
2019-06-28 09:45:17.327182686,100078,215,99982,115,100125,211,99975,211,100151,211,99914,211,100162,100,99913,100,100221,100,99908,100,100250,100,99899,100,100258,100,99860,100,100264,100,99848,100,100301,100,99829,100,100396,100,99720,100
2019-06-28 09:45:20.000000000,100078,268,99975,268,100125,268,99914,268,100151,100,99913,100,100162,100,99908,100,100221,100,99899,100,100250,100,99860,100,100258,100,99848,100,100264,100,99829,100,100301,100,99720,100,100396,100,99713,100
2019-06-28 09:45:28.886983183,100067,100,99975,268,100078,268,99914,268,100125,268,99913,100,100151,100,99908,100,100162,100,99899,100,100221,100,99860,100,100250,100,99848,100,100258,100,99829,100,100264,100,99720,100,100301,100,99713,100
2019-06-28 09:45:30.000000000,100067,167,99975,167,100078,167,99914,167,100125,167,99913,167,100151,167,99908,167,100162,167,99899,167,100221,100,99860,100,100250,100,99848,100,100258,100,99829,100,100264,100,99720,100,100301,100,99713,100
2019-06-28 09:45:40.000000000,100067,437,99975,437,100078,100,99914,100,100125,100,99913,100,100151,100,99908,100,100162,100,99899,100,100221,100,99860,100,100250,100,99848,100,100258,100,99829,100,100264,100,99720,100,100301,100,99713,100
2019-06-28 09:45:40.286005829,100067,437,99975,337,100078,100,99914,100,100125,100,99913,100,100151,100,99908,100,100162,100,99899,100,100221,100,99860,100,100250,100,99848,100,100258,100,99829,100,100264,100,99720,100,100301,100,99713,100
2019-06-28 09:45:50.000000000,100067,215,99914,215,100078,211,99913,211,100125,211,99908,211,100151,100,99899,100,100162,100,99860,100,100221,100,99848,100,100250,100,99829,100,100258,100,99720,100,100264,100,99713,100,100301,100,99708,100
2019-06-28 09:46:00.000000000,100067,268,99914,268,100078,268,99913,268,100125,100,99908,100,100151,100,99899,100,100162,100,99860,100,100221,100,99848,100,100250,100,99829,100,100258,100,99720,100,100264,100,99713,100,100301,100,99708,100
2019-06-28 09:46:10.000000000,100067,184,99914,184,100078,184,99913,184,100125,184,99908,184,100151,184,99899,184,100162,100,99860,100,100221,100,99848,100,100250,100,99829,100,100258,100,99720,100,100264,100,99713,100,100301,100,99708,100
2019-06-28 09:46:20.000000000,100067,167,99914,167,100078,167,99913,167,100125,167,99908,167,100151,167,99899,167,100162,167,99860,167,100221,100,99848,100,100250,100,99829,100,100258,100,99720,100,100264,100,99713,100,100301,100,99708,100
2019-06-28 09:46:30.000000000,100067,437,99914,437,100078,100,99913,100,100125,100,99908,100,100151,100,99899,100,100162,100,99860,100,100221,100,99848,100,100250,100,99829,100,100258,100,99720,100,100264,100,99713,100,100301,100,99708,100
2019-06-28 09:46:34.554491770,100067,437,99914,337,100078,100,99913,100,100125,100,99908,100,100151,100,99899,100,100162,100,99860,100,100221,100,99848,100,100250,100,99829,100,100258,100,99720,100,100264,100,99713,100,100301,100,99708,100
2019-06-28 09:46:36.016302352,100067,437,99914,237,100078,100,99913,100,100125,100,99908,100,100151,100,99899,100,100162,100,99860,100,100221,100,99848,100,100250,100,99829,100,100258,100,99720,100,100264,100,99713,100,100301,100,99708,100
2019-06-28 09:46:40.000000000,100067,268,99913,268,100078,268,99908,268,100125,100,99899,100,100151,100,99860,100,100162,100,99848,100,100221,100,99829,100,100250,100,99720,100,100258,100,99713,100,100264,100,99708,100,100301,100,99569,100
2019-06-28 09:46:42.354499062,100067,268,99913,168,100078,268,99908,268,100125,100,99899,100,100151,100,99860,100,100162,100,99848,100,100221,100,99829,100,100250,100,99720,100,100258,100,99713,100,100264,100,99708,100,100301,100,99569,100
2019-06-28 09:46:50.000000000,100067,215,99908,215,100078,211,99899,211,100125,211,99860,211,100151,100,99848,100,100162,100,99829,100,100221,100,99720,100,100250,100,99713,100,100258,100,99708,100,100264,100,99569,100,100301,100,99566,100
2019-06-28 09:47:00.000000000,100067,437,99908,437,100078,100,99899,100,100125,100,99860,100,100151,100,99848,100,100162,100,99829,100,100221,100,99720,100,100250,100,99713,100,100258,100,99708,100,100264,100,99569,100,100301,100,99566,100
2019-06-28 09:47:10.000000000,100067,167,99908,167,100078,167,99899,167,100125,167,99860,167,100151,167,99848,167,100162,167,99829,167,100221,100,99720,100,100250,100,99713,100,100258,100,99708,100,100264,100,99569,100,100301,100,99566,100
2019-06-28 09:47:15.743243290,100067,167,99908,167,100078,167,99899,167,100125,167,99860,167,100151,167,99848,167,100162,167,99829,167,100221,100,99720,100,100250,100,99713,100,100258,100,99708,100,100264,100,99569,100,100301,100,99566,100
2019-06-28 09:47:20.000000000,100067,215,99908,215,100078,211,99899,211,100125,211,99860,211,100151,100,99848,100,100162,100,99829,100,100221,100,99720,100,100250,100,99713,100,100258,100,99708,100,100264,100,99569,100,100301,100,99566,100
2019-06-28 09:47:30.000000000,100067,268,99908,268,100078,268,99899,268,100125,100,99860,100,100151,100,99848,100,100162,100,99829,100,100221,100,99720,100,100250,100,99713,100,100258,100,99708,100,100264,100,99569,100,100301,100,99566,100
2019-06-28 09:47:40.000000000,100067,215,99908,215,100078,211,99899,211,100125,211,99860,211,100151,100,99848,100,100162,100,99829,100,100221,100,99720,100,100250,100,99713,100,100258,100,99708,100,100264,100,99569,100,100301,100,99566,100
2019-06-28 09:47:50.000000000,100067,437,99908,437,100078,100,99899,100,100125,100,99860,100,100151,100,99848,100,100162,100,99829,100,100221,100,99720,100,100250,100,99713,100,100258,100,99708,100,100264,100,99569,100,100301,100,99566,100
2019-06-28 09:47:52.371785745,100067,437,99908,337,100078,100,99899,100,100125,100,99860,100,100151,100,99848,100,100162,100,99829,100,100221,100,99720,100,100250,100,99713,100,100258,100,99708,100,100264,100,99569,100,100301,100,99566,100
2019-06-28 09:48:00.000000000,100067,268,99899,268,100078,268,99860,268,100125,100,99848,100,100151,100,99829,100,100162,100,99720,100,100221,100,99713,100,100250,100,99708,100,100258,100,99569,100,100264,100,99566,100,100301,100,99486,100
2019-06-28 09:48:03.322141681,100067,268,99899,268,100078,268,99860,268,100125,100,99848,100,100151,100,99829,100,100162,100,99720,100,100221,100,99713,100,100250,100,99708,100,100258,100,99569,100,100264,100,99566,100,100301,100,99486,100
2019-06-28 09:48:10.000000000,100067,184,99899,184,100078,184,99860,184,100125,184,99848,184,100151,184,99829,184,100162,100,99720,100,100221,100,99713,100,100250,100,99708,100,100258,100,99569,100,100264,100,99566,100,100301,100,99486,100
2019-06-28 09:48:12.270137627,100067,184,99899,84,100078,184,99860,184,100125,184,99848,184,100151,184,99829,184,100162,100,99720,100,100221,100,99713,100,100250,100,99708,100,100258,100,99569,100,100264,100,99566,100,100301,100,99486,100
2019-06-28 09:48:12.550302150,100067,184,99899,84,100078,184,99860,184,100125,184,99848,184,100151,184,99829,184,100162,100,99720,100,100221,100,99713,100,100250,100,99708,100,100258,100,99569,100,100264,100,99566,100,100301,100,99486,100
2019-06-28 09:48:20.000000000,100067,215,99860,215,100078,211,99848,211,100125,211,99829,211,100151,100,99720,100,100162,100,99713,100,100221,100,99708,100,100250,100,99569,100,100258,100,99566,100,100264,100,99486,100,100301,100,99318,100
2019-06-28 09:48:30.000000000,100067,184,99860,184,100078,184,99848,184,100125,184,99829,184,100151,184,99720,184,100162,100,99713,100,100221,100,99708,100,100250,100,99569,100,100258,100,99566,100,100264,100,99486,100,100301,100,99318,100
2019-06-28 09:48:40.000000000,100067,215,99860,215,100078,211,99848,211,100125,211,99829,211,100151,100,99720,100,100162,100,99713,100,100221,100,99708,100,100250,100,99569,100,100258,100,99566,100,100264,100,99486,100,100301,100,99318,100
2019-06-28 09:48:50.000000000,100067,215,99860,215,100078,211,99848,211,100125,211,99829,211,100151,100,99720,100,100162,100,99713,100,100221,100,99708,100,100250,100,99569,100,100258,100,99566,100,100264,100,99486,100,100301,100,99318,100
2019-06-28 09:49:00.000000000,100067,167,99860,167,100078,167,99848,167,100125,167,99829,167,100151,167,99720,167,100162,167,99713,167,100221,100,99708,100,100250,100,99569,100,100258,100,99566,100,100264,100,99486,100,100301,100,99318,100
2019-06-28 09:49:05.820979066,99908,100,99860,167,100067,167,99848,167,100078,167,99829,167,100125,167,99720,167,100151,167,99713,167,100162,167,99708,100,100221,100,99569,100,100250,100,99566,100,100258,100,99486,100,100264,100,99318,100
2019-06-28 09:49:10.000000000,99908,184,99860,184,100067,184,99848,184,100078,184,99829,184,100125,184,99720,184,100151,100,99713,100,100162,100,99708,100,100221,100,99569,100,100250,100,99566,100,100258,100,99486,100,100264,100,99318,100
2019-06-28 09:49:14.602883304,99908,184,99860,184,100067,184,99848,184,100078,184,99829,184,100125,184,99720,184,100151,100,99713,100,100162,100,99708,100,100221,100,99569,100,100250,100,99566,100,100258,100,99486,100,100264,100,99318,100
2019-06-28 09:49:20.000000000,99908,268,99860,268,100067,268,99848,268,100078,100,99829,100,100125,100,99720,100,100151,100,99713,100,100162,100,99708,100,100221,100,99569,100,100250,100,99566,100,100258,100,99486,100,100264,100,99318,100
2019-06-28 09:49:26.725826946,99908,268,99860,268,100067,268,99848,268,100078,100,99829,100,100151,100,99720,100,100162,100,99713,100,100221,100,99708,100,100250,100,99569,100,100258,100,99566,100,100264,100,99486,100,100301,100,99318,100
2019-06-28 09:49:30.000000000,99908,167,99860,167,100067,167,99848,167,100078,167,99829,167,100151,167,99720,167,100162,167,99713,167,100221,100,99708,100,100250,100,99569,100,100258,100,99566,100,100264,100,99486,100,100301,100,99318,100
2019-06-28 09:49:40.000000000,99908,268,99860,268,100067,268,99848,268,100078,100,99829,100,100151,100,99720,100,100162,100,99713,100,100221,100,99708,100,100250,100,99569,100,100258,100,99566,100,100264,100,99486,100,100301,100,99318,100
2019-06-28 09:49:45.093932248,99908,268,99860,268,100067,268,99848,268,100078,100,99829,100,100162,100,99720,100,100221,100,99713,100,100250,100,99708,100,100258,100,99569,100,100264,100,99566,100,100301,100,99486,100,100396,100,99318,100
2019-06-28 09:49:46.466501843,99908,268,99860,168,100067,268,99848,268,100078,100,99829,100,100162,100,99720,100,100221,100,99713,100,100250,100,99708,100,100258,100,99569,100,100264,100,99566,100,100301,100,99318,100,100396,100,99065,100
2019-06-28 09:49:50.000000000,99908,167,99848,167,100067,167,99829,167,100078,167,99720,167,100162,167,99713,167,100221,167,99708,167,100250,100,99569,100,100258,100,99566,100,100264,100,99318,100,100301,100,99065,100,100396,100,98671,100
2019-06-28 09:49:58.027343127,99908,167,99848,67,100067,167,99829,167,100078,167,99720,67,100162,167,99713,167,100221,167,99708,167,100250,100,99569,100,100258,100,99566,100,100264,100,99318,100,100301,100,99065,100,100396,100,98671,100
2019-06-28 09:50:00.000000000,99908,268,99829,268,100067,268,99713,268,100078,100,99708,100,100162,100,99569,100,100221,100,99566,100,100250,100,99318,100,100258,100,99065,100,100264,100,98671,100,100301,100,98633,100,100396,100,98486,100
2019-06-28 09:50:10.000000000,99908,184,99829,184,100067,184,99713,184,100078,184,99708,184,100162,184,99569,184,100221,100,99566,100,100250,100,99318,100,100258,100,99065,100,100264,100,98671,100,100301,100,98633,100,100396,100,98486,100
2019-06-28 09:50:20.000000000,99908,215,99829,215,100067,211,99713,211,100078,211,99708,211,100162,100,99569,100,100221,100,99566,100,100250,100,99318,100,100258,100,99065,100,100264,100,98671,100,100301,100,98633,100,100396,100,98486,100
2019-06-28 09:50:30.000000000,99908,167,99829,167,100067,167,99713,167,100078,167,99708,167,100162,167,99569,167,100221,167,99566,167,100250,100,99318,100,100258,100,99065,100,100264,100,98671,100,100301,100,98633,100,100396,100,98486,100
2019-06-28 09:50:40.000000000,99908,268,99829,268,100067,268,99713,268,100078,100,99708,100,100162,100,99569,100,100221,100,99566,100,100250,100,99318,100,100258,100,99065,100,100264,100,98671,100,100301,100,98633,100,100396,100,98486,100
2019-06-28 09:50:43.080841486,99908,268,99829,268,100067,268,99713,268,100078,100,99708,100,100162,100,99569,100,100221,100,99566,100,100250,100,99318,100,100258,100,99142,100,100264,100,99065,100,100301,100,98671,100,100396,100,98633,100
2019-06-28 09:50:50.000000000,99908,167,99829,167,100067,167,99713,167,100078,167,99708,167,100162,167,99569,167,100221,167,99566,167,100250,100,99318,100,100258,100,99142,100,100264,100,99065,100,100301,100,98671,100,100396,100,98633,100
2019-06-28 09:50:58.581821833,99908,167,99829,167,100067,167,99713,167,100078,167,99708,167,100162,67,99569,167,100221,167,99566,167,100250,100,99433,100,100258,100,99318,100,100264,100,99142,100,100301,100,99065,100,100396,100,98671,100
2019-06-28 09:51:00.000000000,99908,437,99829,437,100067,100,99713,100,100078,100,99708,100,100221,100,99569,100,100250,100,99566,100,100258,100,99433,100,100264,100,99318,100,100301,100,99142,100,100396,100,99065,100,100448,100,98671,100
2019-06-28 09:51:10.000000000,99908,437,99829,437,100067,100,99713,100,100078,100,99708,100,100221,100,99569,100,100250,100,99566,100,100258,100,99433,100,100264,100,99318,100,100301,100,99142,100,100396,100,99065,100,100448,100,98671,100
2019-06-28 09:51:20.000000000,99908,184,99829,184,100067,184,99713,184,100078,184,99708,184,100221,184,99569,184,100250,100,99566,100,100258,100,99433,100,100264,100,99318,100,100301,100,99142,100,100396,100,99065,100,100448,100,98671,100
2019-06-28 09:51:30.000000000,99908,437,99829,437,100067,100,99713,100,100078,100,99708,100,100221,100,99569,100,100250,100,99566,100,100258,100,99433,100,100264,100,99318,100,100301,100,99142,100,100396,100,99065,100,100448,100,98671,100
2019-06-28 09:51:32.369359428,99908,437,99829,337,100067,100,99713,100,100078,100,99708,100,100221,100,99569,100,100250,100,99566,100,100258,100,99433,100,100264,100,99318,100,100301,100,99142,100,100396,100,99065,100,,,98671,100
2019-06-28 09:51:36.893570544,99848,100,99829,337,99908,437,99713,100,100067,100,99708,100,100078,100,99569,100,100221,100,99566,100,100250,100,99433,100,100258,100,99318,100,100264,100,99142,100,100301,100,99065,100,100396,100,98671,100
2019-06-28 09:51:40.000000000,99848,215,99713,215,99908,211,99708,211,100067,211,99569,211,100078,100,99566,100,100221,100,99433,100,100250,100,99318,100,100258,100,99142,100,100264,100,99065,100,100301,100,98671,100,100396,100,98633,100
2019-06-28 09:51:40.492803336,99848,215,99713,215,99908,211,99708,211,100067,211,99569,211,100078,100,99566,100,100221,100,99433,100,100250,100,99335,100,100258,100,99318,100,100264,100,99142,100,100301,100,99065,100,100396,100,98671,100
2019-06-28 09:51:43.934252411,99848,215,99713,215,99908,211,99708,211,100067,211,99569,211,100078,100,99566,100,100221,100,99433,100,100250,100,99335,100,100258,100,99330,100,100264,100,99318,100,100301,100,99142,100,100396,100,99065,100
2019-06-28 09:51:50.000000000,99848,268,99713,268,99908,268,99708,268,100067,100,99569,100,100078,100,99566,100,100221,100,99433,100,100250,100,99335,100,100258,100,99330,100,100264,100,99318,100,100301,100,99142,100,100396,100,99065,100
2019-06-28 09:52:00.000000000,99848,184,99713,184,99908,184,99708,184,100067,184,99569,184,100078,184,99566,184,100221,100,99433,100,100250,100,99335,100,100258,100,99330,100,100264,100,99318,100,100301,100,99142,100,100396,100,99065,100
2019-06-28 09:52:10.000000000,99848,215,99713,215,99908,211,99708,211,100067,211,99569,211,100078,100,99566,100,100221,100,99433,100,100250,100,99335,100,100258,100,99330,100,100264,100,99318,100,100301,100,99142,100,100396,100,99065,100
2019-06-28 09:52:10.395634538,99848,215,99713,215,99908,211,99708,211,100067,211,99569,211,100078,100,99566,100,100221,100,99433,100,100250,100,99335,100,100258,100,99330,100,100264,100,99318,100,100301,100,99242,100,100396,100,99142,100
2019-06-28 09:52:17.965648213,99848,215,99713,215,99908,211,99708,211,100067,211,99569,211,100078,100,99566,100,100221,100,99478,100,100250,100,99433,100,100258,100,99335,100,100264,100,99330,100,100301,100,99318,100,100396,100,99242,100
2019-06-28 09:52:20.000000000,99848,167,99713,167,99908,167,99708,167,100067,167,99569,167,100078,167,99566,167,100221,167,99478,167,100250,100,99433,100,100258,100,99335,100,100264,100,99330,100,100301,100,99318,100,100396,100,99242,100
2019-06-28 09:52:30.000000000,99848,437,99713,437,99908,100,99708,100,100067,100,99569,100,100078,100,99566,100,100221,100,99478,100,100250,100,99433,100,100258,100,99335,100,100264,100,99330,100,100301,100,99318,100,100396,100,99242,100
2019-06-28 09:52:33.888996085,99848,437,99713,437,99908,100,99708,100,100067,100,99569,100,100078,100,99563,100,100221,100,99478,100,100250,100,99433,100,100258,100,99335,100,100264,100,99330,100,100301,100,99318,100,100396,100,99242,100
2019-06-28 09:52:34.743190154,99848,437,99713,337,99908,100,99708,100,100067,100,99569,100,100078,100,99563,100,100221,100,99478,100,100250,100,99433,100,100258,100,99335,100,100264,100,99330,100,100301,100,99318,100,100396,100,99242,100
2019-06-28 09:52:35.861295814,99732,100,99713,337,99848,437,99708,100,99908,100,99569,100,100067,100,99563,100,100078,100,99478,100,100221,100,99433,100,100258,100,99335,100,100264,100,99330,100,100301,100,99318,100,100396,100,99242,100
2019-06-28 09:52:40.000000000,99732,268,99708,268,99848,268,99569,268,99908,100,99563,100,100067,100,99478,100,100078,100,99433,100,100221,100,99335,100,100258,100,99330,100,100264,100,99318,100,100301,100,99242,100,100396,100,99142,100
2019-06-28 09:52:50.000000000,99732,437,99708,437,99848,100,99569,100,99908,100,99563,100,100067,100,99478,100,100078,100,99433,100,100221,100,99335,100,100258,100,99330,100,100264,100,99318,100,100301,100,99242,100,100396,100,99142,100
2019-06-28 09:53:00.000000000,99732,268,99708,268,99848,268,99569,268,99908,100,99563,100,100067,100,99478,100,100078,100,99433,100,100221,100,99335,100,100258,100,99330,100,100264,100,99318,100,100301,100,99242,100,100396,100,99142,100
2019-06-28 09:53:10.000000000,99732,184,99708,184,99848,184,99569,184,99908,184,99563,184,100067,184,99478,184,100078,100,99433,100,100221,100,99335,100,100258,100,99330,100,100264,100,99318,100,100301,100,99242,100,100396,100,99142,100
2019-06-28 09:53:20.000000000,99732,437,99708,437,99848,100,99569,100,99908,100,99563,100,100067,100,99478,100,100078,100,99433,100,100221,100,99335,100,100258,100,99330,100,100264,100,99318,100,100301,100,99242,100,100396,100,99142,100
2019-06-28 09:53:27.573455727,99732,437,99708,337,99848,100,99569,100,99908,100,99563,100,100067,100,99478,100,100078,100,99433,100,100221,100,99335,100,100258,100,99330,100,100264,100,99318,100,100301,100,99242,100,100396,100,99142,100
2019-06-28 09:53:30.000000000,99732,437,99569,437,99848,100,99563,100,99908,100,99478,100,100067,100,99433,100,100078,100,99335,100,100221,100,99330,100,100258,100,99318,100,100264,100,99242,100,100301,100,99142,100,100396,100,99065,100
2019-06-28 09:53:38.743170952,99608,100,99569,437,99732,437,99563,100,99848,100,99478,100,99908,100,99433,100,100067,100,99335,100,100078,100,99318,100,100221,100,99242,100,100258,100,99142,100,100264,100,99065,100,100301,100,98671,100
2019-06-28 09:53:40.000000000,99608,167,99569,167,99732,167,99563,167,99848,167,99478,167,99908,167,99433,167,100067,167,99335,167,100078,100,99318,100,100221,100,99242,100,100258,100,99142,100,100264,100,99065,100,100301,100,98671,100
2019-06-28 09:53:47.864403450,99608,167,99569,167,99713,100,99563,167,99732,167,99478,167,99848,167,99433,167,99908,167,99335,167,100067,167,99318,100,100078,100,99242,100,100221,100,99142,100,100258,100,99065,100,100264,100,98671,100
2019-06-28 09:53:49.541780690,99608,167,99569,167,99713,100,99563,167,99732,167,99478,167,99823,100,99433,167,99848,167,99335,167,99908,167,99318,100,100067,167,99242,100,100078,100,99142,100,100221,100,99065,100,100258,100,98671,100
2019-06-28 09:53:49.841412134,99608,167,99569,167,99713,100,99563,167,99732,167,99478,167,99801,100,99433,167,99823,100,99335,167,99848,167,99318,100,99908,167,99242,100,100067,167,99142,100,100078,100,99065,100,100221,100,98671,100
2019-06-28 09:53:50.000000000,99608,184,99569,184,99713,184,99563,184,99732,184,99478,184,99801,184,99433,184,99823,100,99335,100,99848,100,99318,100,99908,100,99242,100,100067,100,99142,100,100078,100,99065,100,100221,100,98671,100
2019-06-28 09:53:57.477420257,99608,184,99569,184,99713,184,99563,184,99732,184,99517,100,99801,184,99478,184,99823,100,99433,184,99848,100,99335,100,99908,100,99318,100,100067,100,99242,100,100078,100,99142,100,100221,100,99065,100
2019-06-28 09:54:00.000000000,99608,184,99569,184,99713,184,99563,184,99732,184,99517,184,99801,184,99478,184,99823,100,99433,100,99848,100,99335,100,99908,100,99318,100,100067,100,99242,100,100078,100,99142,100,100221,100,99065,100
2019-06-28 09:54:00.645337901,99608,84,99569,184,99713,184,99563,184,99732,184,99517,184,99801,184,99478,184,99823,100,99433,100,99848,100,99335,100,99908,100,99318,100,100067,100,99242,100,100078,100,99142,100,100221,100,99065,100
2019-06-28 09:54:00.875243657,99608,84,99569,184,99713,184,99563,184,99732,184,99517,184,99764,100,99478,184,99801,184,99433,100,99823,100,99335,100,99848,100,99318,100,99908,100,99142,100,100067,100,99065,100,100078,100,98671,100
2019-06-28 09:54:03.071251417,99608,84,99569,184,99713,184,99563,184,99732,184,99517,184,99764,100,99478,184,99801,184,99433,100,99823,100,99335,100,99848,100,99318,100,100067,100,99142,100,100078,100,99065,100,100221,100,98671,100
2019-06-28 09:54:10.000000000,99713,184,99569,184,99732,184,99563,184,99764,184,99517,184,99801,184,99478,184,99823,100,99433,100,99848,100,99335,100,100067,100,99318,100,100078,100,99142,100,100221,100,99065,100,100258,100,98671,100
2019-06-28 09:54:20.000000000,99713,268,99569,268,99732,268,99563,268,99764,100,99517,100,99801,100,99478,100,99823,100,99433,100,99848,100,99335,100,100067,100,99318,100,100078,100,99142,100,100221,100,99065,100,100258,100,98671,100
2019-06-28 09:54:21.524274823,99664,100,99569,268,99713,268,99563,268,99732,268,99517,100,99764,100,99478,100,99801,100,99433,100,99823,100,99335,100,99848,100,99318,100,100067,100,99142,100,100078,100,99065,100,100221,100,98671,100
2019-06-28 09:54:30.000000000,99664,184,99569,184,99713,184,99563,184,99732,184,99517,184,99764,184,99478,184,99801,100,99433,100,99823,100,99335,100,99848,100,99318,100,100067,100,99142,100,100078,100,99065,100,100221,100,98671,100
2019-06-28 09:54:33.471336417,99664,184,99569,184,99713,184,99563,184,99718,100,99517,184,99732,184,99478,184,99764,184,99433,100,99801,100,99335,100,99823,100,99318,100,99848,100,99142,100,100067,100,99065,100,100078,100,98671,100
2019-06-28 09:54:37.045568496,99664,184,99658,100,99713,184,99569,184,99718,100,99563,184,99732,184,99517,84,99764,184,99478,184,99801,100,99433,100,99823,100,99335,100,99848,100,99318,100,100067,100,99142,100,100078,100,99065,100
2019-06-28 09:54:40.000000000,99664,167,99658,167,99713,167,99569,167,99718,167,99563,167,99732,167,99478,167,99764,167,99433,167,99801,100,99335,100,99823,100,99318,100,99848,100,99142,100,100067,100,99065,100,100078,100,98671,100
2019-06-28 09:54:50.000000000,99664,184,99658,184,99713,184,99569,184,99718,184,99563,184,99732,184,99478,184,99764,100,99433,100,99801,100,99335,100,99823,100,99318,100,99848,100,99142,100,100067,100,99065,100,100078,100,98671,100
2019-06-28 09:54:56.696402099,99664,84,99658,184,99713,184,99569,184,99718,184,99563,184,99732,184,99478,184,99764,100,99433,100,99801,100,99335,100,99823,100,99318,100,99848,100,99142,100,100067,100,99065,100,100078,100,98671,100
2019-06-28 09:55:00.000000000,99713,215,99658,215,99718,211,99569,211,99732,211,99563,211,99764,100,99478,100,99801,100,99433,100,99823,100,99335,100,99848,100,99318,100,100067,100,99142,100,100078,100,99065,100,100221,100,98671,100
2019-06-28 09:55:10.000000000,99713,215,99658,215,99718,211,99569,211,99732,211,99563,211,99764,100,99478,100,99801,100,99433,100,99823,100,99335,100,99848,100,99318,100,100067,100,99142,100,100078,100,99065,100,100221,100,98671,100
2019-06-28 09:55:20.000000000,99713,215,99658,215,99718,211,99569,211,99732,211,99563,211,99764,100,99478,100,99801,100,99433,100,99823,100,99335,100,99848,100,99318,100,100067,100,99142,100,100078,100,99065,100,100221,100,98671,100
2019-06-28 09:55:30.000000000,99713,215,99658,215,99718,211,99569,211,99732,211,99563,211,99764,100,99478,100,99801,100,99433,100,99823,100,99335,100,99848,100,99318,100,100067,100,99142,100,100078,100,99065,100,100221,100,98671,100
2019-06-28 09:55:40.000000000,99713,167,99658,167,99718,167,99569,167,99732,167,99563,167,99764,167,99478,167,99801,167,99433,167,99823,100,99335,100,99848,100,99318,100,100067,100,99142,100,100078,100,99065,100,100221,100,98671,100
2019-06-28 09:55:50.000000000,99713,167,99658,167,99718,167,99569,167,99732,167,99563,167,99764,167,99478,167,99801,167,99433,167,99823,100,99335,100,99848,100,99318,100,100067,100,99142,100,100078,100,99065,100,100221,100,98671,100
2019-06-28 09:55:56.647632174,99713,167,99658,67,99718,167,99569,167,99732,167,99563,167,99764,167,99478,167,99801,167,99433,167,99823,100,99335,100,99848,100,99318,100,100067,100,99142,100,100078,100,99065,100,100221,100,98671,100
2019-06-28 09:56:00.000000000,99713,437,99569,437,99718,100,99563,100,99732,100,99478,100,99764,100,99433,100,99801,100,99335,100,99823,100,99318,100,99848,100,99142,100,100067,100,99065,100,100078,100,98671,100,100221,100,98633,100
2019-06-28 09:56:10.000000000,99713,167,99569,167,99718,167,99563,167,99732,167,99478,167,99764,167,99433,167,99801,167,99335,167,99823,100,99318,100,99848,100,99142,100,100067,100,99065,100,100078,100,98671,100,100221,100,98633,100
2019-06-28 09:56:11.008837442,99663,100,99569,167,99713,167,99563,167,99718,167,99478,167,99732,167,99433,167,99764,167,99335,167,99801,167,99318,100,99823,100,99142,100,99848,100,99065,100,100067,100,98671,100,100078,100,98633,100
2019-06-28 09:56:20.000000000,99663,437,99569,437,99713,100,99563,100,99718,100,99478,100,99732,100,99433,100,99764,100,99335,100,99801,100,99318,100,99823,100,99142,100,99848,100,99065,100,100067,100,98671,100,100078,100,98633,100
2019-06-28 09:56:20.672557750,99663,437,99569,437,99713,100,99563,100,99718,100,99478,100,99732,100,99433,100,99764,100,99335,100,99801,100,99318,100,99823,100,99302,100,99848,100,99142,100,100067,100,99065,100,100078,100,98671,100
2019-06-28 09:56:26.167298412,99663,437,99569,337,99713,100,99563,100,99718,100,99478,100,99732,100,99433,100,99764,100,99335,100,99801,100,99318,100,99823,100,99302,100,99848,100,99142,100,100067,100,99065,100,100221,100,98671,100
2019-06-28 09:56:30.000000000,99663,437,99563,437,99713,100,99478,100,99718,100,99433,100,99732,100,99335,100,99764,100,99318,100,99801,100,99302,100,99823,100,99142,100,99848,100,99065,100,100067,100,98671,100,100221,100,98633,100
2019-06-28 09:56:40.000000000,99663,167,99563,167,99713,167,99478,167,99718,167,99433,167,99732,167,99335,167,99764,167,99318,167,99801,100,99302,100,99823,100,99142,100,99848,100,99065,100,100067,100,98671,100,100221,100,98633,100
2019-06-28 09:56:50.000000000,99663,268,99563,268,99713,268,99478,268,99718,100,99433,100,99732,100,99335,100,99764,100,99318,100,99801,100,99302,100,99823,100,99142,100,99848,100,99065,100,100067,100,98671,100,100221,100,98633,100
2019-06-28 09:56:52.491637545,99658,100,99563,268,99663,268,99478,268,99713,268,99433,100,99718,100,99335,100,99732,100,99318,100,99764,100,99302,100,99801,100,99142,100,99823,100,99065,100,100067,100,98671,100,100221,100,98633,100
2019-06-28 09:57:00.000000000,99658,437,99563,437,99663,100,99478,100,99713,100,99433,100,99718,100,99335,100,99732,100,99318,100,99764,100,99302,100,99801,100,99142,100,99823,100,99065,100,100067,100,98671,100,100221,100,98633,100
2019-06-28 09:57:05.811057490,99658,437,99563,337,99663,100,99478,100,99713,100,99433,100,99718,100,99335,100,99732,100,99318,100,99764,100,99302,100,99801,100,99142,100,99823,100,99065,100,100067,100,98671,100,100221,100,98633,100
2019-06-28 09:57:06.936304036,99658,437,99563,237,99663,100,99478,100,99713,100,99433,100,99718,100,99335,100,99732,100,99318,100,99764,100,99302,100,99801,100,99142,100,99823,100,99065,100,100067,100,98671,100,100221,100,98633,100
2019-06-28 09:57:10.000000000,99658,437,99478,437,99663,100,99433,100,99713,100,99335,100,99718,100,99318,100,99732,100,99302,100,99764,100,99142,100,99801,100,99065,100,99823,100,98671,100,100067,100,98633,100,100221,100,98407,100
2019-06-28 09:57:20.000000000,99658,268,99478,268,99663,268,99433,268,99713,100,99335,100,99718,100,99318,100,99732,100,99302,100,99764,100,99142,100,99801,100,99065,100,99823,100,98671,100,100067,100,98633,100,100221,100,98407,100
2019-06-28 09:57:27.512344731,99563,100,99478,268,99658,268,99433,268,99663,268,99335,100,99713,100,99318,100,99718,100,99302,100,99732,100,99142,100,99764,100,99065,100,99801,100,98671,100,99823,100,98633,100,100067,100,98407,100
2019-06-28 09:57:30.000000000,99563,167,99478,167,99658,167,99433,167,99663,167,99335,167,99713,167,99318,167,99718,167,99302,167,99732,100,99142,100,99764,100,99065,100,99801,100,98671,100,99823,100,98633,100,100067,100,98407,100
2019-06-28 09:57:32.807842521,99563,267,99478,167,99658,167,99433,167,99663,167,99335,167,99713,167,99318,167,99718,167,99302,167,99732,100,99142,100,99764,100,99065,100,99801,100,98671,100,99823,100,98633,100,100067,100,98407,100
2019-06-28 09:57:38.134876588,99563,267,99478,167,99658,167,99433,167,99663,167,99335,167,99713,167,99318,167,99718,167,99302,167,99732,100,99281,100,99764,100,99142,100,99801,100,99065,100,99823,100,98671,100,100067,100,98633,100
2019-06-28 09:57:40.000000000,99563,537,99478,437,99658,100,99433,100,99663,100,99335,100,99713,100,99318,100,99718,100,99302,100,99732,100,99281,100,99764,100,99142,100,99801,100,99065,100,99823,100,98671,100,100067,100,98633,100
2019-06-28 09:57:50.000000000,99563,284,99478,184,99658,184,99433,184,99663,184,99335,184,99713,184,99318,184,99718,100,99302,100,99732,100,99281,100,99764,100,99142,100,99801,100,99065,100,99823,100,98671,100,100067,100,98633,100
2019-06-28 09:58:00.000000000,99563,537,99478,437,99658,100,99433,100,99663,100,99335,100,99713,100,99318,100,99718,100,99302,100,99732,100,99281,100,99764,100,99142,100,99801,100,99065,100,99823,100,98671,100,100067,100,98633,100
2019-06-28 09:58:10.000000000,99563,267,99478,167,99658,167,99433,167,99663,167,99335,167,99713,167,99318,167,99718,167,99302,167,99732,100,99281,100,99764,100,99142,100,99801,100,99065,100,99823,100,98671,100,100067,100,98633,100
2019-06-28 09:58:17.940248099,99563,367,99478,167,99658,167,99433,167,99663,167,99335,167,99713,167,99318,167,99718,167,99302,167,99732,100,99281,100,99764,100,99142,100,99801,100,99065,100,99823,100,98671,100,100067,100,98633,100
2019-06-28 09:58:20.000000000,99563,415,99478,215,99658,211,99433,211,99663,211,99335,211,99713,100,99318,100,99718,100,99302,100,99732,100,99281,100,99764,100,99142,100,99801,100,99065,100,99823,100,98671,100,100067,100,98633,100
2019-06-28 09:58:30.000000000,99563,637,99478,437,99658,100,99433,100,99663,100,99335,100,99713,100,99318,100,99718,100,99302,100,99732,100,99281,100,99764,100,99142,100,99801,100,99065,100,99823,100,98671,100,100067,100,98633,100
2019-06-28 09:58:38.467202130,99563,537,99478,437,99658,100,99433,100,99663,100,99335,100,99713,100,99318,100,99718,100,99302,100,99732,100,99281,100,99764,100,99065,100,99801,100,98671,100,99823,100,98633,100,100067,100,98407,100
2019-06-28 09:58:40.000000000,99563,315,99478,215,99658,211,99433,211,99663,211,99335,211,99713,100,99318,100,99718,100,99302,100,99732,100,99281,100,99764,100,99065,100,99801,100,98671,100,99823,100,98633,100,100067,100,98407,100
2019-06-28 09:58:50.000000000,99563,267,99478,167,99658,167,99433,167,99663,167,99335,167,99713,167,99318,167,99718,167,99302,167,99732,100,99281,100,99764,100,99065,100,99801,100,98671,100,99823,100,98633,100,100067,100,98407,100
2019-06-28 09:58:58.911145936,99563,267,99478,167,99658,167,99433,167,99663,167,99335,167,99713,167,99318,167,99718,167,99302,167,99732,100,99281,100,99764,100,99250,100,99801,100,99065,100,99823,100,98671,100,100067,100,98633,100
2019-06-28 09:59:00.000000000,99563,315,99478,215,99658,211,99433,211,99663,211,99335,211,99713,100,99318,100,99718,100,99302,100,99732,100,99281,100,99764,100,99250,100,99801,100,99065,100,99823,100,98671,100,100067,100,98633,100
2019-06-28 09:59:06.901478578,99563,315,99478,215,99658,211,99433,211,99663,211,99335,211,99713,100,99318,100,99718,100,99302,100,99732,100,99281,100,99764,100,99276,100,99801,100,99250,100,99823,100,99065,100,100067,100,98671,100
2019-06-28 09:59:10.000000000,99563,315,99478,215,99658,211,99433,211,99663,211,99335,211,99713,100,99318,100,99718,100,99302,100,99732,100,99281,100,99764,100,99276,100,99801,100,99250,100,99823,100,99065,100,100067,100,98671,100
2019-06-28 09:59:12.091378469,99563,315,99478,215,99651,100,99433,211,99658,211,99335,211,99663,211,99318,100,99713,100,99302,100,99718,100,99281,100,99732,100,99276,100,99764,100,99250,100,99801,100,99065,100,99823,100,98671,100
2019-06-28 09:59:16.142483194,99563,315,99478,215,99570,100,99433,211,99651,100,99335,211,99658,211,99318,100,99663,211,99302,100,99713,100,99281,100,99718,100,99276,100,99732,100,99250,100,99764,100,99065,100,99801,100,98671,100
2019-06-28 09:59:19.107742768,99563,315,99479,100,99570,100,99478,215,99651,100,99433,211,99658,211,99335,211,99663,211,99318,100,99713,100,99302,100,99718,100,99281,100,99732,100,99276,100,99764,100,99250,100,99801,100,99065,100
2019-06-28 09:59:20.000000000,99563,315,99479,215,99570,211,99478,211,99651,211,99433,211,99658,100,99335,100,99663,100,99318,100,99713,100,99302,100,99718,100,99281,100,99732,100,99276,100,99764,100,99250,100,99801,100,99065,100
2019-06-28 09:59:30.000000000,99563,267,99479,167,99570,167,99478,167,99651,167,99433,167,99658,167,99335,167,99663,167,99318,167,99713,100,99302,100,99718,100,99281,100,99732,100,99276,100,99764,100,99250,100,99801,100,99065,100
2019-06-28 09:59:40.000000000,99563,284,99479,184,99570,184,99478,184,99651,184,99433,184,99658,184,99335,184,99663,100,99318,100,99713,100,99302,100,99718,100,99281,100,99732,100,99276,100,99764,100,99250,100,99801,100,99065,100
2019-06-28 09:59:50.000000000,99563,368,99479,268,99570,268,99478,268,99651,100,99433,100,99658,100,99335,100,99663,100,99318,100,99713,100,99302,100,99718,100,99281,100,99732,100,99276,100,99764,100,99250,100,99801,100,99065,100
2019-06-28 09:59:58.201880821,99563,368,99479,268,99570,268,99478,268,99651,100,99433,100,99658,100,99335,100,99663,100,99318,100,99713,100,99302,100,99718,100,99281,100,99732,100,99276,100,99764,100,99250,100,99801,100,99065,100
2019-06-28 10:00:00.000000000,99563,315,99479,215,99570,211,99478,211,99651,211,99433,211,99658,100,99335,100,99663,100,99318,100,99713,100,99302,100,99718,100,99281,100,99732,100,99276,100,99764,100,99250,100,99801,100,99065,100
2019-06-28 10:00:04.726417748,99563,315,99479,15,99570,211,99478,211,99651,211,99433,211,99658,100,99335,100,99663,100,99318,100,99713,100,99302,100,99718,100,99281,100,99732,100,99276,100,99764,100,99250,100,99801,100,99065,100
2019-06-28 10:00:10.000000000,99563,284,99478,184,99570,184,99433,184,99651,184,99335,184,99658,184,99318,184,99663,100,99302,100,99713,100,99281,100,99718,100,99276,100,99732,100,99250,100,99764,100,99065,100,99801,100,98715,100
2019-06-28 10:00:20.000000000,99563,267,99478,167,99570,167,99433,167,99651,167,99335,167,99658,167,99318,167,99663,167,99302,167,99713,100,99281,100,99718,100,99276,100,99732,100,99250,100,99764,100,99065,100,99801,100,98715,100
2019-06-28 10:00:27.591664533,99563,267,99478,67,99570,167,99433,167,99651,167,99335,167,99658,167,99318,167,99663,167,99302,167,99713,100,99281,100,99718,100,99276,100,99732,100,99250,100,99764,100,99065,100,99801,100,98715,100
2019-06-28 10:00:30.000000000,99563,315,99433,215,99570,211,99335,211,99651,211,99318,211,99658,100,99302,100,99663,100,99281,100,99713,100,99276,100,99718,100,99250,100,99732,100,99065,100,99764,100,98715,100,99801,100,98671,100
2019-06-28 10:00:31.004637937,99563,315,99433,215,99570,211,99335,211,99651,211,99318,211,99658,100,99302,100,99663,100,99281,100,99713,100,99276,100,99718,100,99250,100,99732,100,99214,100,99764,100,99065,100,99801,100,98715,100
2019-06-28 10:00:40.000000000,99563,368,99433,268,99570,268,99335,268,99651,100,99318,100,99658,100,99302,100,99663,100,99281,100,99713,100,99276,100,99718,100,99250,100,99732,100,99214,100,99764,100,99065,100,99801,100,98715,100
2019-06-28 10:00:50.000000000,99563,368,99433,268,99570,268,99335,268,99651,100,99318,100,99658,100,99302,100,99663,100,99281,100,99713,100,99276,100,99718,100,99250,100,99732,100,99214,100,99764,100,99065,100,99801,100,98715,100
2019-06-28 10:01:00.000000000,99563,315,99433,215,99570,211,99335,211,99651,211,99318,211,99658,100,99302,100,99663,100,99281,100,99713,100,99276,100,99718,100,99250,100,99732,100,99214,100,99764,100,99065,100,99801,100,98715,100
2019-06-28 10:01:04.674085046,99563,315,99433,115,99570,211,99335,211,99651,211,99318,211,99658,100,99302,100,99663,100,99281,100,99713,100,99276,100,99718,100,99214,100,99732,100,99065,100,99764,100,98715,100,99801,100,98671,100
2019-06-28 10:01:06.524325492,99563,315,99433,15,99570,211,99335,211,99651,211,99318,211,99658,100,99302,100,99663,100,99281,100,99713,100,99276,100,99718,100,99214,100,99732,100,99065,100,99764,100,98715,100,99801,100,98671,100
2019-06-28 10:01:08.693502545,99563,215,99433,15,99570,211,99335,211,99651,211,99318,211,99658,100,99302,100,99663,100,99281,100,99713,100,99276,100,99718,100,99214,100,99732,100,99065,100,99764,100,98715,100,99801,100,98671,100
2019-06-28 10:01:08.746699429,99563,215,99433,15,99570,211,99335,211,99651,211,99318,211,99658,100,99302,100,99663,100,99281,100,99713,100,99276,100,99718,100,99214,100,99732,100,99095,100,99764,100,99065,100,99801,100,98715,100
2019-06-28 10:01:10.000000000,99563,215,99335,215,99570,211,99318,211,99651,211,99302,211,99658,100,99281,100,99663,100,99276,100,99713,100,99214,100,99718,100,99095,100,99732,100,99065,100,99764,100,98715,100,99801,100,98671,100
2019-06-28 10:01:20.000000000,99563,437,99335,437,99570,100,99318,100,99651,100,99302,100,99658,100,99281,100,99663,100,99276,100,99713,100,99214,100,99718,100,99095,100,99732,100,99065,100,99764,100,98715,100,99801,100,98671,100
2019-06-28 10:01:30.000000000,99563,437,99335,437,99570,100,99318,100,99651,100,99302,100,99658,100,99281,100,99663,100,99276,100,99713,100,99214,100,99718,100,99095,100,99732,100,99065,100,99764,100,98715,100,99801,100,98671,100
2019-06-28 10:01:40.000000000,99563,268,99335,268,99570,268,99318,268,99651,100,99302,100,99658,100,99281,100,99663,100,99276,100,99713,100,99214,100,99718,100,99095,100,99732,100,99065,100,99764,100,98715,100,99801,100,98671,100
2019-06-28 10:01:50.000000000,99563,268,99335,268,99570,268,99318,268,99651,100,99302,100,99658,100,99281,100,99663,100,99276,100,99713,100,99214,100,99718,100,99095,100,99732,100,99065,100,99764,100,98715,100,99801,100,98671,100
2019-06-28 10:02:00.000000000,99563,167,99335,167,99570,167,99318,167,99651,167,99302,167,99658,167,99281,167,99663,167,99276,167,99713,100,99214,100,99718,100,99095,100,99732,100,99065,100,99764,100,98715,100,99801,100,98671,100
2019-06-28 10:02:07.370605743,99563,167,99335,167,99570,167,99318,167,99651,167,99302,167,99658,167,99283,100,99663,167,99281,167,99713,100,99276,167,99718,100,99214,100,99732,100,99095,100,99764,100,99065,100,99801,100,98715,100
2019-06-28 10:02:10.000000000,99563,268,99335,268,99570,268,99318,268,99651,100,99302,100,99658,100,99283,100,99663,100,99281,100,99713,100,99276,100,99718,100,99214,100,99732,100,99095,100,99764,100,99065,100,99801,100,98715,100
2019-06-28 10:02:20.000000000,99563,167,99335,167,99570,167,99318,167,99651,167,99302,167,99658,167,99283,167,99663,167,99281,167,99713,100,99276,100,99718,100,99214,100,99732,100,99095,100,99764,100,99065,100,99801,100,98715,100
2019-06-28 10:02:21.202699659,99563,67,99335,167,99570,167,99318,167,99651,167,99302,167,99658,167,99283,167,99663,167,99281,167,99713,100,99276,100,99718,100,99214,100,99732,100,99095,100,99764,100,99065,100,99801,100,98715,100
2019-06-28 10:02:30.000000000,99570,437,99335,437,99651,100,99318,100,99658,100,99302,100,99663,100,99283,100,99713,100,99281,100,99718,100,99276,100,99732,100,99214,100,99764,100,99095,100,99801,100,99065,100,100067,100,98715,100
2019-06-28 10:02:36.025143981,99562,100,99335,437,99570,437,99318,100,99651,100,99302,100,99658,100,99283,100,99663,100,99281,100,99713,100,99276,100,99718,100,99214,100,99732,100,99095,100,99764,100,99065,100,99801,100,98715,100
2019-06-28 10:02:40.000000000,99562,167,99335,167,99570,167,99318,167,99651,167,99302,167,99658,167,99283,167,99663,167,99281,167,99713,100,99276,100,99718,100,99214,100,99732,100,99095,100,99764,100,99065,100,99801,100,98715,100
2019-06-28 10:02:50.000000000,99562,215,99335,215,99570,211,99318,211,99651,211,99302,211,99658,100,99283,100,99663,100,99281,100,99713,100,99276,100,99718,100,99214,100,99732,100,99095,100,99764,100,99065,100,99801,100,98715,100
2019-06-28 10:02:52.415716980,99562,215,99335,215,99570,211,99318,211,99651,211,99302,311,99658,100,99281,100,99663,100,99276,100,99713,100,99214,100,99718,100,99095,100,99732,100,99065,100,99764,100,98715,100,99801,100,98671,100
2019-06-28 10:03:00.000000000,99562,215,99335,215,99570,211,99318,211,99651,211,99302,311,99658,100,99281,100,99663,100,99276,100,99713,100,99214,100,99718,100,99095,100,99732,100,99065,100,99764,100,98715,100,99801,100,98671,100
2019-06-28 10:03:05.565830762,99562,215,99335,115,99570,211,99318,211,99651,211,99302,311,99658,100,99281,100,99663,100,99276,100,99713,100,99214,100,99718,100,99095,100,99732,100,99065,100,99764,100,98715,100,99801,100,98671,100
2019-06-28 10:03:10.000000000,99562,215,99318,215,99570,211,99302,311,99651,211,99281,211,99658,100,99276,100,99663,100,99214,100,99713,100,99095,100,99718,100,99065,100,99732,100,98715,100,99764,100,98671,100,99801,100,98633,100
2019-06-28 10:03:16.311628181,99562,215,99318,215,99570,211,99302,311,99651,211,99281,211,99663,100,99276,100,99713,100,99214,100,99718,100,99095,100,99732,100,99065,100,99764,100,98715,100,99801,100,98671,100,100067,100,98633,100
2019-06-28 10:03:20.000000000,99562,184,99318,184,99570,184,99302,284,99651,184,99281,184,99663,184,99276,184,99713,100,99214,100,99718,100,99095,100,99732,100,99065,100,99764,100,98715,100,99801,100,98671,100,100067,100,98633,100
2019-06-28 10:03:30.000000000,99562,437,99318,437,99570,100,99302,200,99651,100,99281,100,99663,100,99276,100,99713,100,99214,100,99718,100,99095,100,99732,100,99065,100,99764,100,98715,100,99801,100,98671,100,100067,100,98633,100
2019-06-28 10:03:40.000000000,99562,437,99318,437,99570,100,99302,200,99651,100,99281,100,99663,100,99276,100,99713,100,99214,100,99718,100,99095,100,99732,100,99065,100,99764,100,98715,100,99801,100,98671,100,100067,100,98633,100
2019-06-28 10:03:50.000000000,99562,268,99318,268,99570,268,99302,368,99651,100,99281,100,99663,100,99276,100,99713,100,99214,100,99718,100,99095,100,99732,100,99065,100,99764,100,98715,100,99801,100,98671,100,100067,100,98633,100
2019-06-28 10:03:55.994373217,99562,268,99318,268,99570,268,99302,368,99651,100,99281,100,99663,100,99276,100,99713,100,99214,100,99718,100,99095,100,99732,100,99065,100,99764,100,98728,100,99801,100,98715,100,100067,100,98671,100
2019-06-28 10:04:00.000000000,99562,215,99318,215,99570,211,99302,311,99651,211,99281,211,99663,100,99276,100,99713,100,99214,100,99718,100,99095,100,99732,100,99065,100,99764,100,98728,100,99801,100,98715,100,100067,100,98671,100
2019-06-28 10:04:10.000000000,99562,215,99318,215,99570,211,99302,311,99651,211,99281,211,99663,100,99276,100,99713,100,99214,100,99718,100,99095,100,99732,100,99065,100,99764,100,98728,100,99801,100,98715,100,100067,100,98671,100
2019-06-28 10:04:14.788158568,99562,215,99318,115,99570,211,99302,311,99651,211,99281,211,99663,100,99276,100,99713,100,99214,100,99718,100,99095,100,99732,100,99065,100,99764,100,98728,100,99801,100,98715,100,100067,100,98671,100
2019-06-28 10:04:20.000000000,99562,437,99302,537,99570,100,99281,100,99651,100,99276,100,99663,100,99214,100,99713,100,99095,100,99718,100,99065,100,99732,100,98728,100,99764,100,98715,100,99801,100,98671,100,100067,100,98633,100
2019-06-28 10:04:29.421666384,99562,437,99302,537,99570,100,99281,100,99651,100,99276,100,99663,100,99214,100,99713,100,99095,100,99732,100,99065,100,99734,100,98728,100,99764,100,98715,100,99801,100,98671,100,100067,100,98633,100
2019-06-28 10:04:30.000000000,99562,268,99302,368,99570,268,99281,268,99651,100,99276,100,99663,100,99214,100,99713,100,99095,100,99732,100,99065,100,99734,100,98728,100,99764,100,98715,100,99801,100,98671,100,100067,100,98633,100
2019-06-28 10:04:40.000000000,99562,184,99302,284,99570,184,99281,184,99651,184,99276,184,99663,184,99214,184,99713,100,99095,100,99732,100,99065,100,99734,100,98728,100,99764,100,98715,100,99801,100,98671,100,100067,100,98633,100
2019-06-28 10:04:44.511268113,99562,184,99336,100,99570,184,99302,284,99651,184,99281,184,99663,184,99276,184,99713,100,99214,184,99732,100,99095,100,99734,100,99065,100,99764,100,98728,100,99801,100,98715,100,100067,100,98671,100
2019-06-28 10:04:49.892254970,99562,84,99336,100,99570,184,99302,284,99651,184,99281,184,99663,184,99276,184,99713,100,99214,184,99732,100,99095,100,99734,100,99065,100,99764,100,98728,100,99801,100,98715,100,100067,100,98633,100
2019-06-28 10:04:50.000000000,99570,215,99336,215,99651,211,99302,311,99663,211,99281,211,99713,100,99276,100,99732,100,99214,100,99734,100,99095,100,99764,100,99065,100,99801,100,98728,100,100067,100,98715,100,100258,100,98633,100
2019-06-28 10:05:00.000000000,99570,215,99336,215,99651,211,99302,311,99663,211,99281,211,99713,100,99276,100,99732,100,99214,100,99734,100,99095,100,99764,100,99065,100,99801,100,98728,100,100067,100,98715,100,100258,100,98633,100
2019-06-28 10:05:10.000000000,99570,215,99336,215,99651,211,99302,311,99663,211,99281,211,99713,100,99276,100,99732,100,99214,100,99734,100,99095,100,99764,100,99065,100,99801,100,98728,100,100067,100,98715,100,100258,100,98633,100
2019-06-28 10:05:15.070700713,99570,215,99550,100,99651,211,99336,215,99663,211,99302,311,99713,100,99281,211,99732,100,99276,100,99734,100,99214,100,99764,100,99095,100,99801,100,98728,100,100067,100,98715,100,100258,100,98633,100
2019-06-28 10:05:16.469919305,99570,215,99550,100,99651,211,99337,100,99663,211,99336,215,99713,100,99302,311,99732,100,99281,211,99734,100,99276,100,99764,100,99214,100,99801,100,99095,100,100067,100,98728,100,100258,100,98715,100
2019-06-28 10:05:20.000000000,99570,437,99550,437,99651,100,99337,100,99663,100,99336,100,99713,100,99302,200,99732,100,99281,100,99734,100,99276,100,99764,100,99214,100,99801,100,99095,100,100067,100,98728,100,100258,100,98715,100
2019-06-28 10:05:29.892562154,99570,337,99550,437,99651,100,99337,100,99663,100,99336,100,99713,100,99302,200,99732,100,99281,100,99734,100,99276,100,99764,100,99214,100,99801,100,99095,100,100067,100,98715,100,100258,100,98633,100
2019-06-28 10:05:30.000000000,99651,437,99550,437,99663,100,99337,100,99713,100,99336,100,99732,100,99302,200,99734,100,99281,100,99764,100,99276,100,99801,100,99214,100,100067,100,99095,100,100258,100,98715,100,100396,100,98633,100
2019-06-28 10:05:36.208688375,99605,100,99550,437,99651,437,99337,100,99663,100,99336,100,99713,100,99302,200,99732,100,99281,100,99734,100,99276,100,99764,100,99214,100,99801,100,99095,100,100067,100,98715,100,100258,100,98633,100
2019-06-28 10:05:40.000000000,99605,268,99550,268,99651,268,99337,268,99663,100,99336,100,99713,100,99302,200,99732,100,99281,100,99734,100,99276,100,99764,100,99214,100,99801,100,99095,100,100067,100,98715,100,100258,100,98633,100
2019-06-28 10:05:50.000000000,99605,167,99550,167,99651,167,99337,167,99663,167,99336,167,99713,167,99302,267,99732,167,99281,167,99734,100,99276,100,99764,100,99214,100,99801,100,99095,100,100067,100,98715,100,100258,100,98633,100
2019-06-28 10:05:56.673800271,99605,167,99575,100,99651,167,99550,167,99663,167,99337,167,99713,167,99336,167,99732,167,99302,267,99734,100,99281,167,99764,100,99276,100,99801,100,99214,100,100067,100,99095,100,100258,100,98715,100
2019-06-28 10:06:00.000000000,99605,167,99575,167,99651,167,99550,167,99663,167,99337,167,99713,167,99336,167,99732,167,99302,267,99734,100,99281,100,99764,100,99276,100,99801,100,99214,100,100067,100,99095,100,100258,100,98715,100
2019-06-28 10:06:08.945446936,99605,167,99575,167,99651,167,99550,167,99663,167,99337,167,99700,100,99336,167,99713,167,99302,267,99732,167,99276,100,99734,100,99214,100,99764,100,99095,100,99801,100,98715,100,100067,100,98633,100
2019-06-28 10:06:10.000000000,99605,215,99575,215,99651,211,99550,211,99663,211,99337,211,99700,100,99336,100,99713,100,99302,200,99732,100,99276,100,99734,100,99214,100,99764,100,99095,100,99801,100,98715,100,100067,100,98633,100
2019-06-28 10:06:10.295530985,99605,215,99575,115,99651,211,99550,211,99663,211,99337,211,99700,100,99336,100,99713,100,99302,200,99732,100,99276,100,99734,100,99214,100,99764,100,99095,100,99801,100,98715,100,100067,100,98633,100
2019-06-28 10:06:10.675892438,99605,215,99575,115,99651,211,99550,211,99663,111,99337,211,99700,100,99336,100,99713,100,99302,200,99732,100,99276,100,99734,100,99214,100,99764,100,99095,100,99801,100,98715,100,100067,100,98633,100
2019-06-28 10:06:10.745597652,99605,215,99575,115,99607,100,99550,211,99651,211,99337,211,99663,111,99336,100,99700,100,99302,200,99713,100,99276,100,99732,100,99214,100,99734,100,99095,100,99764,100,98715,100,99801,100,98633,100
2019-06-28 10:06:11.476166470,99605,115,99575,115,99607,100,99550,211,99651,211,99337,211,99663,111,99336,100,99669,100,99302,200,99700,100,99276,100,99713,100,99214,100,99732,100,99095,100,99734,100,98715,100,99764,100,98633,100
2019-06-28 10:06:20.000000000,99607,215,99550,215,99651,211,99337,211,99669,211,99336,211,99700,100,99302,200,99713,100,99276,100,99732,100,99214,100,99734,100,99095,100,99764,100,98715,100,99801,100,98633,100,100067,100,98407,100
2019-06-28 10:06:20.522602726,99607,215,99550,115,99651,211,99337,211,99669,211,99336,211,99700,100,99302,200,99713,100,99276,100,99732,100,99214,100,99734,100,99095,100,99764,100,98715,100,99801,100,98633,100,100067,100,98407,100
2019-06-28 10:06:30.000000000,99607,268,99337,268,99651,268,99336,268,99669,100,99302,200,99700,100,99276,100,99713,100,99214,100,99732,100,99095,100,99734,100,98715,100,99764,100,98633,100,99801,100,98407,100,100067,100,98342,100
2019-06-28 10:06:40.000000000,99607,215,99337,215,99651,211,99336,211,99669,211,99302,311,99700,100,99276,100,99713,100,99214,100,99732,100,99095,100,99734,100,98715,100,99764,100,98633,100,99801,100,98407,100,100067,100,98342,100
2019-06-28 10:06:44.780943392,99607,215,99352,100,99651,211,99337,215,99669,211,99336,211,99700,100,99302,311,99713,100,99276,100,99732,100,99214,100,99734,100,99095,100,99764,100,98715,100,99801,100,98407,100,100067,100,98342,100
2019-06-28 10:06:46.696091919,99607,215,99352,100,99651,211,99337,215,99669,211,99336,211,99675,100,99302,311,99700,100,99276,100,99713,100,99095,100,99732,100,98715,100,99734,100,98407,100,99764,100,98342,100,99801,100,,
2019-06-28 10:06:49.445406296,99607,215,99576,100,99651,211,99352,100,99669,211,99337,215,99675,100,99336,211,99700,100,99302,311,99713,100,99276,100,99732,100,99095,100,99734,100,98715,100,99764,100,98407,100,99801,100,98342,100
2019-06-28 10:06:50.000000000,99607,184,99576,184,99651,184,99352,184,99669,184,99337,184,99675,184,99336,184,99700,100,99302,200,99713,100,99276,100,99732,100,99095,100,99734,100,98715,100,99764,100,98407,100,99801,100,98342,100
2019-06-28 10:06:59.420200610,99607,184,99576,184,99651,184,99534,100,99669,184,99352,184,99675,184,99337,184,99700,100,99336,184,99713,100,99302,200,99732,100,99276,100,99734,100,99095,100,99764,100,98715,100,99801,100,98407,100
2019-06-28 10:07:00.000000000,99607,167,99576,167,99651,167,99534,167,99669,167,99352,167,99675,167,99337,167,99700,167,99336,167,99713,100,99302,200,99732,100,99276,100,99734,100,99095,100,99764,100,98715,100,99801,100,98407,100
2019-06-28 10:07:10.000000000,99607,184,99576,184,99651,184,99534,184,99669,184,99352,184,99675,184,99337,184,99700,100,99336,100,99713,100,99302,200,99732,100,99276,100,99734,100,99095,100,99764,100,98715,100,99801,100,98407,100
2019-06-28 10:07:20.000000000,99607,215,99576,215,99651,211,99534,211,99669,211,99352,211,99675,100,99337,100,99700,100,99336,100,99713,100,99302,200,99732,100,99276,100,99734,100,99095,100,99764,100,98715,100,99801,100,98407,100
2019-06-28 10:07:30.000000000,99607,167,99576,167,99651,167,99534,167,99669,167,99352,167,99675,167,99337,167,99700,167,99336,167,99713,100,99302,200,99732,100,99276,100,99734,100,99095,100,99764,100,98715,100,99801,100,98407,100
2019-06-28 10:07:33.015710718,99607,167,99576,67,99651,167,99534,67,99669,167,99352,167,99675,167,99337,167,99700,167,99336,167,99713,100,99302,200,99732,100,99276,100,99734,100,99095,100,99764,100,98715,100,99801,100,98407,100
2019-06-28 10:07:40.000000000,99607,268,99352,268,99651,268,99337,268,99669,100,99336,100,99675,100,99302,200,99700,100,99276,100,99713,100,99095,100,99732,100,98715,100,99734,100,98407,100,99764,100,98342,100,99801,100,,
2019-06-28 10:07:46.555332990,99576,100,99352,268,99607,268,99337,268,99651,268,99336,100,99669,100,99302,200,99675,100,99276,100,99700,100,99095,100,99713,100,98715,100,99732,100,98407,100,99734,100,98342,100,99764,100,,
2019-06-28 10:07:50.000000000,99576,184,99352,184,99607,184,99337,184,99651,184,99336,184,99669,184,99302,284,99675,100,99276,100,99700,100,99095,100,99713,100,98715,100,99732,100,98407,100,99734,100,98342,100,99764,100,,
2019-06-28 10:08:00.000000000,99576,184,99352,184,99607,184,99337,184,99651,184,99336,184,99669,184,99302,284,99675,100,99276,100,99700,100,99095,100,99713,100,98715,100,99732,100,98407,100,99734,100,98342,100,99764,100,,
2019-06-28 10:08:10.000000000,99576,437,99352,437,99607,100,99337,100,99651,100,99336,100,99669,100,99302,200,99675,100,99276,100,99700,100,99095,100,99713,100,98715,100,99732,100,98407,100,99734,100,98342,100,99764,100,,
2019-06-28 10:08:18.246840849,99576,437,99352,437,99607,100,99337,100,99651,100,99336,100,99669,100,99302,200,99675,100,99276,100,99700,100,99234,100,99713,100,99095,100,99732,100,98715,100,99734,100,98407,100,99764,100,98342,100
2019-06-28 10:08:20.000000000,99576,215,99352,215,99607,211,99337,211,99651,211,99336,211,99669,100,99302,200,99675,100,99276,100,99700,100,99234,100,99713,100,99095,100,99732,100,98715,100,99734,100,98407,100,99764,100,98342,100
2019-06-28 10:08:27.295947878,99550,100,99352,215,99576,215,99337,211,99607,211,99336,211,99651,211,99302,200,99669,100,99276,100,99675,100,99234,100,99700,100,99095,100,99713,100,98715,100,99732,100,98407,100,99734,100,98342,100
2019-06-28 10:08:30.000000000,99550,215,99352,215,99576,211,99337,211,99607,211,99336,211,99651,100,99302,200,99669,100,99276,100,99675,100,99234,100,99700,100,99095,100,99713,100,98715,100,99732,100,98407,100,99734,100,98342,100
2019-06-28 10:08:35.057399318,99550,215,99352,215,99576,311,99337,211,99607,211,99336,211,99651,100,99302,200,99669,100,99276,100,99675,100,99234,100,99700,100,99095,100,99713,100,98715,100,99732,100,98407,100,99734,100,98342,100
2019-06-28 10:08:40.000000000,99550,184,99352,184,99576,284,99337,184,99607,184,99336,184,99651,184,99302,284,99669,100,99276,100,99675,100,99234,100,99700,100,99095,100,99713,100,98715,100,99732,100,98407,100,99734,100,98342,100
2019-06-28 10:08:48.418645653,99550,184,99352,184,99576,284,99337,184,99607,184,99336,184,99651,184,99302,284,99669,100,99276,100,99675,100,99234,100,99700,100,99095,100,99713,100,99063,100,99732,100,98715,100,99734,100,98342,100
2019-06-28 10:08:50.000000000,99550,215,99352,215,99576,311,99337,211,99607,211,99336,211,99651,100,99302,200,99669,100,99276,100,99675,100,99234,100,99700,100,99095,100,99713,100,99063,100,99732,100,98715,100,99734,100,98342,100
