,ask_price_1,ask_size_1,bid_price_1,bid_size_1,ask_price_2,ask_size_2,bid_price_2,bid_size_2,ask_price_3,ask_size_3,bid_price_3,bid_size_3,ask_price_4,ask_size_4,bid_price_4,bid_size_4,ask_price_5,ask_size_5,bid_price_5,bid_size_5,ask_price_6,ask_size_6,bid_price_6,bid_size_6,ask_price_7,ask_size_7,bid_price_7,bid_size_7,ask_price_8,ask_size_8,bid_price_8,bid_size_8,ask_price_9,ask_size_9,bid_price_9,bid_size_9,ask_price_10,ask_size_10,bid_price_10,bid_size_10
2019-06-28 09:30:00.000000001,100072,100,99919,100,,,,,,,,,,,,,,,,,,,,,,,,,,,,,,,,,,,,
2019-06-28 09:30:00.000000004,100072,100,100026,100,,,99919,100,,,,,,,,,,,,,,,,,,,,,,,,,,,,,,,,
2019-06-28 09:30:00.000000006,100060,100,100026,100,100072,100,99920,100,,,99919,100,,,,,,,,,,,,,,,,,,,,,,,,,,,,
2019-06-28 09:30:00.000000008,100060,100,100026,100,100072,100,99920,100,,,99919,100,,,99879,100,,,99862,100,,,,,,,,,,,,,,,,,,,,
2019-06-28 09:30:00.000000009,100060,100,100026,100,100072,100,99977,100,,,99920,100,,,99919,100,,,99879,100,,,99862,100,,,,,,,,,,,,,,,,
2019-06-28 09:30:00.000000012,100060,100,100026,100,100072,100,99977,100,,,99935,100,,,99920,100,,,99919,100,,,99879,100,,,99862,100,,,,,,,,,,,,
2019-06-28 09:30:00.000000015,100060,100,100026,100,100072,100,99977,100,100077,100,99935,100,,,99920,100,,,99919,100,,,99879,100,,,99862,100,,,,,,,,,,,,
2019-06-28 09:30:00.000000016,100060,100,100026,100,100072,100,99977,100,100077,100,99968,100,100208,100,99935,100,,,99920,100,,,99919,100,,,99879,100,,,99862,100,,,,,,,,
2019-06-28 09:30:00.000000017,100060,100,100026,100,100072,100,99977,100,100077,100,99968,100,100208,100,99964,100,,,99935,100,,,99920,100,,,99919,100,,,99879,100,,,99862,100,,,,
2019-06-28 09:30:00.000000019,100060,100,100026,100,100072,100,99977,100,100077,100,99968,100,100208,100,99964,100,,,99947,100,,,99935,100,,,99920,100,,,99919,100,,,99879,100,,,99862,100
2019-06-28 09:30:00.000000021,100060,100,100026,100,100072,100,99977,100,100077,100,99968,100,100139,100,99964,100,100208,100,99947,100,,,99935,100,,,99920,100,,,99919,100,,,99879,100,,,99862,100
2019-06-28 09:30:00.000000023,100060,100,100026,100,100072,100,99991,100,100077,100,99977,100,100139,100,99968,100,100208,100,99964,100,,,99949,100,,,99947,100,,,99935,100,,,99920,100,,,99919,100
2019-06-28 09:30:00.000000027,100060,100,100026,100,100072,100,99991,100,100077,100,99977,100,100139,100,99968,100,100208,100,99964,100,,,99953,100,,,99949,100,,,99947,100,,,99935,100,,,99920,100
2019-06-28 09:30:00.000000028,100060,100,100026,100,100061,100,99991,100,100072,100,99977,100,100077,100,99968,100,100139,100,99964,100,100208,100,99953,100,,,99949,100,,,99947,100,,,99935,100,,,99920,100
2019-06-28 09:30:00.000000029,100060,100,100026,100,100061,100,99991,100,100072,100,99977,100,100077,100,99968,100,100139,100,99964,100,100208,100,99953,100,,,99949,100,,,99947,100,,,99935,100,,,99923,100
2019-06-28 09:30:00.000000030,100060,100,100026,100,100061,100,99991,100,100072,100,99977,100,100077,100,99968,100,100098,100,99964,100,100139,100,99953,100,100208,100,99949,100,,,99947,100,,,99935,100,,,99923,100
2019-06-28 09:30:00.000000031,100060,100,100026,100,100061,100,99991,100,100072,100,99977,100,100077,100,99968,100,100098,100,99964,100,100139,100,99953,100,100208,100,99949,100,,,99947,100,,,99935,100,,,99923,100
2019-06-28 09:30:00.000000032,100060,100,100026,100,100061,100,99991,100,100072,100,99977,100,100077,100,99968,100,100098,100,99964,100,100139,100,99953,100,100208,100,99949,100,,,99947,100,,,99935,100,,,99923,100
2019-06-28 09:30:00.000000033,100060,100,99977,100,100061,100,99968,100,100072,100,99964,100,100077,100,99959,100,100098,100,99953,100,100139,100,99949,100,100208,100,99947,100,,,99935,100,,,99923,100,,,99920,100
2019-06-28 09:30:00.000000034,100060,100,99977,100,100061,100,99968,100,100072,100,99964,100,100077,100,99959,100,100098,100,99953,100,100139,100,99949,100,100208,100,99947,100,,,99935,100,,,99923,100,,,99920,100
2019-06-28 09:30:00.000000041,100060,100,99977,100,100061,200,99968,100,100072,100,99964,100,100077,100,99959,100,100098,100,99953,100,100139,100,99949,100,100208,100,99947,100,,,99935,100,,,99923,100,,,99920,100
2019-06-28 09:30:00.000000042,100060,100,99991,100,100061,200,99977,100,100072,100,99968,100,100077,100,99964,100,100098,100,99959,100,100139,100,99953,100,100208,100,99949,100,,,99947,100,,,99935,100,,,99923,100
2019-06-28 09:30:00.000000043,100060,100,99991,100,100061,200,99977,100,100072,100,99968,100,100077,100,99964,100,100098,100,99959,100,100139,100,99954,100,100208,100,99953,100,,,99949,100,,,99947,100,,,99935,100
2019-06-28 09:30:00.000000044,100060,100,99991,100,100061,200,99977,100,100072,100,99968,100,100077,100,99964,100,100098,100,99959,100,100139,100,99954,100,100208,100,99953,100,,,99949,100,,,99947,100,,,99935,100
2019-06-28 09:30:00.000000045,100060,100,99977,100,100061,200,99968,100,100072,100,99964,100,100077,100,99959,100,100098,100,99954,100,100139,100,99953,100,100208,100,99949,100,,,99947,100,,,99935,100,,,99923,100
2019-06-28 09:30:00.000000049,100060,100,99968,100,100061,200,99964,100,100072,100,99959,100,100077,100,99954,100,100098,100,99953,100,100139,100,99949,100,100208,100,99947,100,,,99935,100,,,99923,100,,,99920,100
2019-06-28 09:30:00.000000052,99991,100,99977,100,100060,100,99968,100,100061,200,99964,100,100072,100,99959,100,100077,100,99954,100,100098,100,99953,100,100139,100,99949,100,100208,100,99947,100,100245,100,99935,100,,,99923,100
2019-06-28 09:30:00.000000054,99991,100,99968,100,100060,100,99964,100,100061,200,99959,100,100072,100,99954,100,100077,100,99953,100,100098,100,99949,100,100139,100,99947,100,100208,100,99935,100,100245,100,99923,100,,,99920,100
2019-06-28 09:30:00.000000058,99977,100,99968,100,99991,100,99964,100,100060,100,99959,100,100061,200,99954,100,100072,100,99953,100,100077,100,99949,100,100098,100,99947,100,100139,100,99935,100,100208,100,99923,100,100245,100,99920,100
2019-06-28 09:30:00.000000063,99977,200,99968,100,99991,100,99964,100,100060,100,99959,100,100061,200,99954,100,100072,100,99953,100,100077,100,99949,100,100098,100,99947,100,100139,100,99935,100,100208,100,99923,100,100245,100,99920,100
2019-06-28 09:30:00.000000065,99977,100,99968,100,99991,100,99964,100,100060,100,99959,100,100061,200,99954,100,100072,100,99953,100,100077,100,99949,100,100098,100,99947,100,100139,100,99935,100,100208,100,99923,100,100245,100,99920,100
2019-06-28 09:30:00.000000066,99976,100,99968,100,99977,100,99964,100,99991,100,99959,100,100060,100,99954,100,100061,200,99953,100,100072,100,99949,100,100077,100,99947,100,100098,100,99935,100,100139,100,99923,100,100208,100,99920,100
2019-06-28 09:30:00.000000067,99976,100,99968,100,99977,100,99964,100,99991,100,99959,100,100060,100,99954,100,100061,200,99953,100,100072,100,99949,100,100077,100,99947,100,100098,100,99935,100,100139,100,99923,100,100208,100,99920,100
2019-06-28 09:30:00.000000068,99976,100,99968,100,99977,100,99964,100,99991,100,99959,100,100060,100,99954,100,100061,200,99953,100,100069,100,99949,100,100072,100,99947,100,100077,100,99935,100,100098,100,99923,100,100139,100,99920,100
2019-06-28 09:30:00.000000070,99976,100,99968,100,99977,100,99964,100,99991,100,99959,100,100060,100,99954,100,100061,200,99953,100,100069,100,99949,100,100072,100,99947,100,100077,100,99935,100,100098,100,99923,100,100112,100,99920,100
2019-06-28 09:30:00.000000071,99977,100,99968,100,99991,100,99964,100,100060,100,99959,100,100061,200,99954,100,100069,100,99953,100,100072,100,99949,100,100077,100,99947,100,100098,100,99935,100,100112,100,99923,100,100139,100,99920,100
2019-06-28 09:30:00.000000073,99976,100,99968,100,99977,100,99964,100,99991,100,99959,100,100060,100,99954,100,100061,200,99953,100,100069,100,99949,100,100072,100,99947,100,100077,100,99935,100,100098,100,99923,100,100112,100,99920,100
2019-06-28 09:30:00.000000077,99976,100,99968,100,99977,100,99964,100,99991,100,99959,100,100024,100,99954,100,100060,100,99953,100,100061,200,99949,100,100069,100,99947,100,100072,100,99935,100,100077,100,99923,100,100098,100,99920,100
2019-06-28 09:30:00.000000079,99976,200,99968,100,99977,100,99964,100,99991,100,99959,100,100024,100,99954,100,100060,100,99953,100,100061,200,99949,100,100069,100,99947,100,100072,100,99935,100,100077,100,99927,100,100098,100,99923,100
2019-06-28 09:30:00.000000080,99976,200,99970,100,99977,100,99968,100,99991,200,99964,100,100024,100,99959,100,100060,100,99954,100,100061,200,99953,100,100069,100,99949,100,100072,100,99947,100,100077,100,99935,100,100098,100,99927,100
2019-06-28 09:30:00.000000082,99976,200,99970,100,99977,100,99968,100,99991,200,99964,100,100024,100,99959,100,100057,100,99954,100,100060,100,99953,100,100061,200,99949,100,100069,100,99947,100,100072,100,99935,100,100077,100,99927,100
2019-06-28 09:30:00.000000085,99976,200,99970,100,99977,100,99969,100,99991,200,99968,100,100024,100,99964,100,100057,100,99959,100,100060,100,99954,100,100061,200,99953,100,100069,100,99949,100,100072,100,99947,100,100077,100,99935,100
2019-06-28 09:30:00.000000087,99976,200,99969,100,99977,100,99968,100,99991,200,99964,100,100024,100,99959,100,100057,100,99954,100,100060,100,99953,100,100061,200,99949,100,100069,100,99947,100,100072,100,99935,100,100077,100,99927,100
2019-06-28 09:30:00.000000091,99976,200,99969,100,99977,100,99968,100,99991,200,99964,100,100024,100,99959,100,100057,100,99954,100,100060,100,99953,100,100061,200,99949,100,100069,100,99947,100,100072,100,99935,100,100077,100,99927,100
2019-06-28 09:30:00.000000092,99976,200,99970,100,99977,100,99969,100,99991,200,99968,100,100024,100,99964,100,100057,100,99959,100,100060,100,99954,100,100061,200,99953,100,100069,100,99949,100,100072,100,99947,100,100077,100,99935,100
2019-06-28 09:30:00.000000095,99976,200,99970,100,99977,100,99969,100,99991,200,99968,100,100024,100,99964,100,100057,100,99959,100,100060,100,99954,100,100061,200,99953,100,100069,100,99949,100,100072,100,99947,100,100077,100,99935,100
2019-06-28 09:30:00.000000099,99976,200,99970,100,99977,100,99969,100,99991,200,99968,100,100024,100,99964,100,100044,100,99959,100,100057,100,99954,100,100060,100,99953,100,100061,200,99949,100,100069,100,99947,100,100072,100,99935,100
2019-06-28 09:30:05.485715612,99976,200,99970,100,99977,100,99969,100,99991,200,99968,100,100024,100,99964,100,100044,100,99959,100,100057,100,99954,100,100060,100,99953,100,100061,200,99949,100,100068,100,99947,100,100069,100,99935,100
2019-06-28 09:30:07.745796122,99976,200,99970,100,99977,100,99969,100,99991,200,99968,100,100024,100,99964,100,100044,100,99959,100,100057,100,99954,100,100060,100,99953,100,100061,200,99949,100,100068,100,99947,100,100069,100,99935,100
2019-06-28 09:30:10.000000000,99976,299,99970,199,99977,199,99969,199,99991,299,99968,199,100024,199,99964,199,100044,199,99959,199,100057,100,99954,100,100060,100,99953,100,100061,200,99949,100,100068,100,99947,100,100069,100,99935,100
2019-06-28 09:30:17.589925369,99976,299,99970,199,99977,199,99969,99,99991,299,99968,199,100024,199,99964,199,100044,199,99959,199,100057,100,99954,100,100060,100,99953,100,100061,200,99949,100,100068,100,99947,100,100069,100,99935,100
2019-06-28 09:30:19.663766897,99976,299,99970,199,99977,199,99969,99,99991,299,99968,199,100024,199,99964,199,100044,199,99959,199,100048,100,99954,100,100057,100,99953,100,100060,100,99949,100,100061,200,99947,100,100068,100,99935,100
2019-06-28 09:30:20.000000000,99976,693,99970,593,99977,100,99968,100,99991,200,99964,100,100024,100,99959,100,100044,100,99954,100,100048,100,99953,100,100057,100,99949,100,100060,100,99947,100,100061,200,99935,100,100068,100,99927,100
2019-06-28 09:30:30.000000000,99976,446,99970,346,99977,346,99968,346,99991,200,99964,100,100024,100,99959,100,100044,100,99954,100,100048,100,99953,100,100057,100,99949,100,100060,100,99947,100,100061,200,99935,100,100068,100,99927,100
2019-06-28 09:30:40.000000000,99976,446,99970,346,99977,346,99968,346,99991,200,99964,100,100024,100,99959,100,100044,100,99954,100,100048,100,99953,100,100057,100,99949,100,100060,100,99947,100,100061,200,99935,100,100068,100,99927,100
2019-06-28 09:30:50.000000000,99976,299,99970,199,99977,199,99968,199,99991,299,99964,199,100024,199,99959,199,100044,199,99954,199,100048,100,99953,100,100057,100,99949,100,100060,100,99947,100,100061,200,99935,100,100068,100,99927,100
2019-06-28 09:31:00.000000000,99976,446,99970,346,99977,346,99968,346,99991,200,99964,100,100024,100,99959,100,100044,100,99954,100,100048,100,99953,100,100057,100,99949,100,100060,100,99947,100,100061,200,99935,100,100068,100,99927,100
2019-06-28 09:31:08.832975100,99976,446,99970,346,99977,346,99968,346,99991,200,99964,100,100024,100,99959,100,100044,100,99954,100,100048,100,99953,100,100057,100,99949,100,100060,100,99947,100,100061,200,99935,100,100068,100,99927,100
2019-06-28 09:31:10.000000000,99976,299,99970,199,99977,199,99968,199,99991,299,99964,199,100024,199,99959,199,100044,199,99954,199,100048,100,99953,100,100057,100,99949,100,100060,100,99947,100,100061,200,99935,100,100068,100,99927,100
2019-06-28 09:31:20.000000000,99976,368,99970,268,99977,263,99968,263,99991,363,99964,263,100024,100,99959,100,100044,100,99954,100,100048,100,99953,100,100057,100,99949,100,100060,100,99947,100,100061,200,99935,100,100068,100,99927,100
2019-06-28 09:31:27.794871624,99976,368,99970,268,99977,263,99968,263,99991,363,99964,263,100024,100,99959,100,100044,100,99954,100,100048,100,99953,100,100057,100,99949,100,100060,100,99947,100,100061,200,99936,100,100068,100,99935,100
2019-06-28 09:31:30.000000000,99976,446,99970,346,99977,346,99968,346,99991,200,99964,100,100024,100,99959,100,100044,100,99954,100,100048,100,99953,100,100057,100,99949,100,100060,100,99947,100,100061,200,99936,100,100068,100,99935,100
2019-06-28 09:31:32.613735143,99976,446,99970,346,99977,346,99968,346,99991,200,99964,100,100024,100,99959,100,100044,100,99954,100,100048,100,99953,100,100057,100,99949,100,100060,100,99947,100,100061,200,99936,100,100068,100,99935,100
2019-06-28 09:31:38.775399794,99976,446,99970,246,99977,346,99968,346,99991,200,99964,100,100024,100,99954,100,100044,100,99953,100,100048,100,99949,100,100057,100,99947,100,100060,100,99936,100,100061,200,99935,100,100068,100,99934,100
2019-06-28 09:31:40.000000000,99976,323,99968,223,99977,223,99964,223,99991,323,99954,223,100024,223,99953,223,100044,100,99949,100,100048,100,99947,100,100057,100,99936,100,100060,100,99935,100,100061,200,99934,100,100068,100,99927,100
2019-06-28 09:31:48.332599044,99976,323,99968,223,99977,223,99964,223,99991,323,99954,223,100024,223,99953,223,100044,100,99949,100,100048,100,99947,100,100057,100,99936,100,100060,100,99935,100,100061,200,99934,100,100068,100,99927,100
2019-06-28 09:31:50.000000000,99976,446,99968,346,99977,346,99964,346,99991,200,99954,100,100024,100,99953,100,100044,100,99949,100,100048,100,99947,100,100057,100,99936,100,100060,100,99935,100,100061,200,99934,100,100068,100,99927,100
2019-06-28 09:32:00.000000000,99976,446,99968,346,99977,346,99964,346,99991,200,99954,100,100024,100,99953,100,100044,100,99949,100,100048,100,99947,100,100057,100,99936,100,100060,100,99935,100,100061,200,99934,100,100068,100,99927,100
2019-06-28 09:32:10.000000000,99976,446,99968,346,99977,346,99964,346,99991,200,99954,100,100024,100,99953,100,100044,100,99949,100,100048,100,99947,100,100057,100,99936,100,100060,100,99935,100,100061,200,99934,100,100068,100,99927,100
2019-06-28 09:32:20.000000000,99976,693,99968,593,99977,100,99964,100,99991,200,99954,100,100024,100,99953,100,100044,100,99949,100,100048,100,99947,100,100057,100,99936,100,100060,100,99935,100,100061,200,99934,100,100068,100,99927,100
2019-06-28 09:32:26.606175398,99976,693,99968,593,99977,100,99964,100,99991,200,99954,100,100024,100,99953,100,100044,100,99949,100,100048,100,99947,100,100057,100,99936,100,100060,100,99935,100,100061,200,99934,100,100068,100,99927,100
2019-06-28 09:32:30.000000000,99976,446,99968,346,99977,346,99964,346,99991,200,99954,100,100024,100,99953,100,100044,100,99949,100,100048,100,99947,100,100057,100,99936,100,100060,100,99935,100,100061,200,99934,100,100068,100,99927,100
2019-06-28 09:32:33.953297885,99976,446,99968,246,99977,346,99964,346,99991,200,99954,100,100024,100,99953,100,100044,100,99947,100,100048,100,99936,100,100057,100,99935,100,100060,100,99934,100,100061,200,99927,100,100068,100,99920,100
2019-06-28 09:32:40.000000000,99976,368,99964,268,99977,263,99954,263,99991,363,99953,263,100024,100,99947,100,100044,100,99936,100,100048,100,99935,100,100057,100,99934,100,100060,100,99927,100,100061,200,99920,100,100068,100,99919,200
2019-06-28 09:32:50.000000000,99976,368,99964,268,99977,263,99954,263,99991,363,99953,263,100024,100,99947,100,100044,100,99936,100,100048,100,99935,100,100057,100,99934,100,100060,100,99927,100,100061,200,99920,100,100068,100,99919,200
2019-06-28 09:32:57.650210217,99976,368,99964,168,99977,263,99954,263,99991,363,99953,163,100024,100,99947,100,100044,100,99936,100,100048,100,99935,100,100057,100,99934,100,100060,100,99927,100,100061,200,99920,100,100068,100,99919,200
2019-06-28 09:33:00.000000000,99976,693,99954,593,99977,100,99947,100,99991,200,99936,100,100024,100,99935,100,100044,100,99934,100,100048,100,99927,100,100057,100,99920,100,100060,100,99919,200,100061,200,99917,100,100068,100,99892,100
2019-06-28 09:33:10.000000000,99976,693,99954,593,99977,100,99947,100,99991,200,99936,100,100024,100,99935,100,100044,100,99934,100,100048,100,99927,100,100057,100,99920,100,100060,100,99919,200,100061,200,99917,100,100068,100,99892,100
2019-06-28 09:33:15.696808103,99976,693,99954,493,99977,100,99947,100,99991,200,99936,100,100024,100,99935,100,100044,100,99934,100,100048,100,99927,100,100057,100,99920,100,100060,100,99919,200,100061,200,99917,100,100068,100,99891,100
2019-06-28 09:33:15.954658931,99976,693,99954,493,99977,100,99947,100,99991,200,99936,100,100024,100,99935,100,100044,100,99934,100,100048,100,99927,100,100057,100,99920,100,100060,100,99919,200,100061,200,99917,100,100068,100,99891,100
2019-06-28 09:33:20.000000000,99976,446,99947,346,99977,346,99936,346,99991,200,99935,100,100024,100,99934,100,100044,100,99927,100,100048,100,99920,100,100057,100,99919,200,100060,100,99917,100,100061,200,99891,100,100068,100,99885,100
2019-06-28 09:33:30.000000000,99976,446,99947,346,99977,346,99936,346,99991,200,99935,100,100024,100,99934,100,100044,100,99927,100,100048,100,99920,100,100057,100,99919,200,100060,100,99917,100,100061,200,99891,100,100068,100,99885,100
2019-06-28 09:33:40.000000000,99976,299,99947,199,99977,199,99936,199,99991,299,99935,199,100024,199,99934,199,100044,199,99927,199,100048,100,99920,100,100057,100,99919,200,100060,100,99917,100,100061,200,99891,100,100068,100,99885,100
2019-06-28 09:33:50.000000000,99976,368,99947,268,99977,263,99936,263,99991,363,99935,263,100024,100,99934,100,100044,100,99927,100,100048,100,99920,100,100057,100,99919,200,100060,100,99917,100,100061,200,99891,100,100068,100,99885,100
2019-06-28 09:33:53.406456882,99976,368,99947,168,99977,263,99936,263,99991,363,99935,263,100024,100,99934,100,100044,100,99927,100,100048,100,99920,100,100057,100,99919,200,100060,100,99917,100,100061,200,99891,100,100068,100,99885,100
2019-06-28 09:34:00.000000000,99976,299,99936,199,99977,199,99935,199,99991,299,99934,199,100024,199,99927,199,100044,199,99920,199,100048,100,99919,200,100057,100,99917,100,100060,100,99891,100,100061,200,99885,100,100068,100,99882,100
2019-06-28 09:34:01.537854335,99976,299,99965,100,99977,199,99936,199,99991,299,99935,199,100024,199,99934,199,100044,199,99927,199,100048,100,99920,199,100057,100,99919,200,100060,100,99917,100,100061,200,99891,100,100068,100,99885,100
2019-06-28 09:34:10.000000000,99976,446,99965,346,99977,346,99936,346,99991,200,99935,100,100024,100,99934,100,100044,100,99927,100,100048,100,99920,100,100057,100,99919,200,100060,100,99917,100,100061,200,99891,100,100068,100,99885,100
2019-06-28 09:34:19.200293878,99976,346,99965,346,99977,346,99936,346,99991,200,99935,100,100024,100,99934,100,100044,100,99927,100,100048,100,99920,100,100057,100,99919,200,100060,100,99917,100,100061,200,99891,100,100068,100,99885,100
2019-06-28 09:34:20.000000000,99976,593,99965,593,99977,100,99936,100,99991,200,99935,100,100024,100,99934,100,100044,100,99927,100,100048,100,99920,100,100057,100,99919,200,100060,100,99917,100,100061,200,99891,100,100068,100,99885,100
2019-06-28 09:34:30.000000000,99976,268,99965,268,99977,263,99936,263,99991,363,99935,263,100024,100,99934,100,100044,100,99927,100,100048,100,99920,100,100057,100,99919,200,100060,100,99917,100,100061,200,99891,100,100068,100,99885,100
2019-06-28 09:34:40.000000000,99976,268,99965,268,99977,263,99936,263,99991,363,99935,263,100024,100,99934,100,100044,100,99927,100,100048,100,99920,100,100057,100,99919,200,100060,100,99917,100,100061,200,99891,100,100068,100,99885,100
2019-06-28 09:34:50.000000000,99976,223,99965,223,99977,223,99936,223,99991,323,99935,223,100024,223,99934,223,100044,100,99927,100,100048,100,99920,100,100057,100,99919,200,100060,100,99917,100,100061,200,99891,100,100068,100,99885,100
2019-06-28 09:34:59.227327598,99976,223,99965,223,99977,223,99936,223,99991,323,99935,223,100024,223,99934,223,100044,100,99927,100,100048,100,99920,100,100057,100,99919,200,100060,100,99917,100,100061,200,99891,100,100068,100,99885,100
2019-06-28 09:35:00.000000000,99976,199,99965,199,99977,199,99936,199,99991,299,99935,199,100024,199,99934,199,100044,199,99927,199,100048,100,99920,100,100057,100,99919,200,100060,100,99917,100,100061,200,99891,100,100068,100,99885,100
2019-06-28 09:35:10.000000000,99976,199,99965,199,99977,199,99936,199,99991,299,99935,199,100024,199,99934,199,100044,199,99927,199,100048,100,99920,100,100057,100,99919,200,100060,100,99917,100,100061,200,99891,100,100068,100,99885,100
2019-06-28 09:35:20.000000000,99976,268,99965,268,99977,263,99936,263,99991,363,99935,263,100024,100,99934,100,100044,100,99927,100,100048,100,99920,100,100057,100,99919,200,100060,100,99917,100,100061,200,99891,100,100068,100,99885,100
2019-06-28 09:35:25.799187808,99976,268,99966,100,99977,163,99965,268,99991,363,99936,263,100024,100,99935,263,100044,100,99934,100,100048,100,99927,100,100057,100,99920,100,100060,100,99919,200,100061,200,99917,100,100068,100,99891,100
2019-06-28 09:35:30.000000000,99976,268,99966,268,99991,363,99965,263,100024,263,99936,263,100044,100,99935,100,100048,100,99934,100,100057,100,99927,100,100060,100,99920,100,100061,200,99919,200,100068,100,99917,100,100069,100,99891,100
2019-06-28 09:35:30.088107301,99976,168,99966,268,99991,363,99965,263,100024,263,99936,263,100044,100,99935,100,100048,100,99934,100,100057,100,99927,100,100060,100,99920,100,100061,200,99919,200,100068,100,99917,100,100069,100,99891,100
2019-06-28 09:35:40.000000000,99991,693,99966,593,100024,100,99965,100,100044,100,99936,100,100048,100,99935,100,100057,100,99934,100,100060,100,99927,100,100061,200,99920,100,100068,100,99919,200,100069,100,99917,100,100072,100,99891,100
2019-06-28 09:35:41.952502397,99991,693,99966,593,100024,100,99965,100,100044,100,99936,100,100048,100,99935,100,100057,100,99934,100,100060,100,99927,100,100061,200,99920,100,100068,100,99919,200,100069,100,99917,100,100072,100,99891,100
2019-06-28 09:35:46.524754277,99991,593,99966,593,100024,100,99965,100,100044,100,99936,100,100048,100,99935,100,100057,100,99934,100,100060,100,99927,100,100061,200,99920,100,100069,100,99919,200,100072,100,99917,100,100077,100,99891,100
2019-06-28 09:35:50.000000000,99991,223,99966,223,100024,223,99965,223,100044,223,99936,223,100048,223,99935,223,100057,100,99934,100,100060,100,99927,100,100061,200,99920,100,100069,100,99919,200,100072,100,99917,100,100077,100,99891,100
2019-06-28 09:35:55.838580527,99991,123,99966,223,100024,223,99965,223,100044,123,99936,223,100048,223,99935,223,100057,100,99934,100,100060,100,99927,100,100061,200,99920,100,100069,100,99919,200,100072,100,99917,100,100077,100,99891,100
2019-06-28 09:36:00.000000000,100024,593,99966,593,100048,100,99965,100,100057,100,99936,100,100060,100,99935,100,100061,200,99934,100,100069,100,99927,100,100072,100,99920,100,100077,100,99919,200,100102,100,99917,100,100139,100,99891,100
2019-06-28 09:36:00.853740734,100024,593,99966,593,100048,100,99965,100,100057,100,99936,100,100060,100,99935,100,100061,200,99934,100,100069,100,99927,100,100072,100,99920,100,100077,100,99919,200,100102,100,99917,100,100152,100,99891,100
2019-06-28 09:36:03.839854256,100024,593,99966,593,100048,100,99965,100,100057,100,99936,100,100060,100,99935,100,100061,200,99934,100,100069,100,99927,100,100072,100,99920,100,100077,100,99919,200,100102,100,99917,100,100152,100,99891,100
2019-06-28 09:36:10.000000000,100024,593,99966,593,100048,100,99965,100,100057,100,99936,100,100060,100,99935,100,100061,200,99934,100,100069,100,99927,100,100072,100,99920,100,100077,100,99919,200,100102,100,99917,100,100152,100,99891,100
2019-06-28 09:36:20.000000000,100024,223,99966,223,100048,223,99965,223,100057,223,99936,223,100060,223,99935,223,100061,200,99934,100,100069,100,99927,100,100072,100,99920,100,100077,100,99919,200,100102,100,99917,100,100152,100,99891,100
2019-06-28 09:36:30.000000000,100024,268,99966,268,100048,263,99965,263,100057,263,99936,263,100060,100,99935,100,100061,200,99934,100,100069,100,99927,100,100072,100,99920,100,100077,100,99919,200,100102,100,99917,100,100152,100,99891,100
2019-06-28 09:36:35.382821056,100024,268,99991,100,100048,263,99966,268,100057,263,99965,263,100060,100,99936,263,100061,200,99935,100,100069,100,99934,100,100072,100,99927,100,100077,100,99920,100,100102,100,99919,200,100152,100,99917,100
2019-06-28 09:36:40.000000000,100024,593,99991,593,100048,100,99966,100,100057,100,99965,100,100060,100,99936,100,100061,200,99935,100,100069,100,99934,100,100072,100,99927,100,100077,100,99920,100,100102,100,99919,200,100152,100,99917,100
2019-06-28 09:36:49.496765789,100024,593,99991,593,100048,100,99966,100,100057,100,99965,100,100060,100,99936,100,100061,200,99935,100,100069,100,99934,100,100072,100,99927,100,100077,100,99920,100,100102,100,99919,200,100152,100,99917,100
2019-06-28 09:36:50.000000000,100024,593,99991,593,100048,100,99966,100,100057,100,99965,100,100060,100,99936,100,100061,200,99935,100,100069,100,99934,100,100072,100,99927,100,100077,100,99920,100,100102,100,99919,200,100152,100,99917,100
2019-06-28 09:37:00.000000000,100024,223,99991,223,100048,223,99966,223,100057,223,99965,223,100060,223,99936,223,100061,200,99935,100,100069,100,99934,100,100072,100,99927,100,100077,100,99920,100,100102,100,99919,200,100152,100,99917,100
2019-06-28 09:37:10.000000000,100024,593,99991,593,100048,100,99966,100,100057,100,99965,100,100060,100,99936,100,100061,200,99935,100,100069,100,99934,100,100072,100,99927,100,100077,100,99920,100,100102,100,99919,200,100152,100,99917,100
2019-06-28 09:37:20.000000000,100024,199,99991,199,100048,199,99966,199,100057,199,99965,199,100060,199,99936,199,100061,299,99935,199,100069,100,99934,100,100072,100,99927,100,100077,100,99920,100,100102,100,99919,200,100152,100,99917,100
2019-06-28 09:37:28.724019863,100024,199,99991,199,100048,199,99973,100,100057,199,99966,199,100060,199,99965,199,100061,299,99936,199,100069,100,99935,199,100072,100,99934,100,100077,100,99920,100,100102,100,99919,200,100152,100,99917,100
2019-06-28 09:37:30.000000000,100024,268,99991,268,100048,263,99973,263,100057,263,99966,263,100060,100,99965,100,100061,200,99936,100,100069,100,99935,100,100072,100,99934,100,100077,100,99920,100,100102,100,99919,200,100152,100,99917,100
2019-06-28 09:37:38.112699838,100024,268,99991,168,100048,263,99973,263,100057,263,99966,263,100060,100,99965,100,100061,200,99936,100,100069,100,99935,100,100072,100,99934,100,100077,100,99920,100,100102,100,99919,200,100152,100,99917,100
2019-06-28 09:37:40.000000000,100024,268,99973,268,100048,263,99966,263,100057,263,99965,263,100060,100,99936,100,100061,200,99935,100,100069,100,99934,100,100072,100,99920,100,100077,100,99919,200,100102,100,99917,100,100152,100,99891,100
2019-06-28 09:37:50.000000000,100024,346,99973,346,100048,346,99966,346,100057,100,99965,100,100060,100,99936,100,100061,200,99935,100,100069,100,99934,100,100072,100,99920,100,100077,100,99919,200,100102,100,99917,100,100152,100,99891,100
2019-06-28 09:38:00.000000000,100024,223,99973,223,100048,223,99966,223,100057,223,99965,223,100060,223,99936,223,100061,200,99935,100,100069,100,99934,100,100072,100,99920,100,100077,100,99919,200,100102,100,99917,100,100152,100,99891,100
2019-06-28 09:38:10.000000000,100024,346,99973,346,100048,346,99966,346,100057,100,99965,100,100060,100,99936,100,100061,200,99935,100,100069,100,99934,100,100072,100,99920,100,100077,100,99919,200,100102,100,99917,100,100152,100,99891,100
2019-06-28 09:38:20.000000000,100024,346,99973,346,100048,346,99966,346,100057,100,99965,100,100060,100,99936,100,100061,200,99935,100,100069,100,99934,100,100072,100,99920,100,100077,100,99919,200,100102,100,99917,100,100152,100,99891,100
2019-06-28 09:38:20.284623330,100024,346,99973,246,100048,346,99966,346,100057,100,99965,100,100060,100,99936,100,100061,200,99935,100,100069,100,99934,100,100072,100,99920,100,100077,100,99919,200,100102,100,99917,100,100152,100,99891,100
2019-06-28 09:38:30.000000000,100024,593,99966,593,100048,100,99965,100,100057,100,99936,100,100060,100,99935,100,100061,200,99934,100,100069,100,99920,100,100072,100,99919,200,100077,100,99917,100,100102,100,99891,100,100152,100,99885,100
2019-06-28 09:38:40.000000000,100024,593,99966,593,100048,100,99965,100,100057,100,99936,100,100060,100,99935,100,100061,200,99934,100,100069,100,99920,100,100072,100,99919,200,100077,100,99917,100,100102,100,99891,100,100152,100,99885,100
2019-06-28 09:38:47.134174109,100024,593,99966,593,100048,100,99965,100,100057,100,99936,100,100060,100,99935,100,100061,200,99934,100,100069,100,99920,100,100072,100,99919,200,100077,100,99917,100,100102,100,99891,100,100152,100,99885,100
2019-06-28 09:38:50.000000000,100024,223,99966,223,100048,223,99965,223,100057,223,99936,223,100060,223,99935,223,100061,200,99934,100,100069,100,99920,100,100072,100,99919,200,100077,100,99917,100,100102,100,99891,100,100152,100,99885,100
2019-06-28 09:38:57.980093814,99970,100,99966,223,100024,223,99965,223,100048,223,99936,223,100057,223,99935,223,100060,223,99934,100,100061,200,99920,100,100069,100,99919,200,100072,100,99917,100,100077,100,99891,100,100102,100,99885,100
2019-06-28 09:39:00.000000000,99970,199,99966,199,100024,199,99965,199,100048,199,99936,199,100057,199,99935,199,100060,199,99934,199,100061,200,99920,100,100069,100,99919,200,100072,100,99917,100,100077,100,99891,100,100102,100,99885,100
2019-06-28 09:39:10.000000000,99970,223,99966,223,100024,223,99965,223,100048,223,99936,223,100057,223,99935,223,100060,100,99934,100,100061,200,99920,100,100069,100,99919,200,100072,100,99917,100,100077,100,99891,100,100102,100,99885,100
2019-06-28 09:39:20.000000000,99970,346,99966,346,100024,346,99965,346,100048,100,99936,100,100057,100,99935,100,100060,100,99934,100,100061,200,99920,100,100069,100,99919,200,100072,100,99917,100,100077,100,99891,100,100102,100,99885,100
2019-06-28 09:39:28.385059603,99970,346,99966,346,100024,346,99965,346,100048,100,99936,100,100057,100,99935,100,100060,100,99934,100,100061,100,99920,100,100069,100,99919,200,100072,100,99917,100,100077,100,99891,100,100102,100,99885,100
2019-06-28 09:39:29.428676507,99970,346,99966,346,99991,100,99965,346,100024,346,99936,100,100048,100,99935,100,100057,100,99934,100,100060,100,99920,100,100061,100,99919,200,100069,100,99917,100,100072,100,99891,100,100077,100,99885,100
2019-06-28 09:39:30.000000000,99970,199,99966,199,99991,199,99965,199,100024,199,99936,199,100048,199,99935,199,100057,199,99934,199,100060,100,99920,100,100061,100,99919,200,100069,100,99917,100,100072,100,99891,100,100077,100,99885,100
2019-06-28 09:39:33.599988652,99970,199,99966,199,99991,299,99965,199,100024,199,99936,199,100048,199,99935,99,100057,199,99934,199,100060,100,99920,100,100061,100,99919,200,100069,100,99917,100,100072,100,99891,100,100077,100,99885,100
2019-06-28 09:39:33.895669481,99970,199,99966,99,99991,299,99965,199,100024,199,99936,199,100048,199,99935,99,100057,199,99934,199,100060,100,99920,100,100061,100,99919,200,100069,100,99917,100,100072,100,99885,100,100077,100,99882,100
2019-06-28 09:39:40.000000000,99970,346,99965,346,99991,446,99936,346,100024,100,99934,100,100048,100,99920,100,100057,100,99919,200,100060,100,99917,100,100061,100,99885,100,100069,100,99882,100,100072,100,99879,100,100077,100,99862,100
2019-06-28 09:39:41.897509839,99969,100,99965,346,99970,346,99936,346,99991,446,99934,100,100024,100,99920,100,100048,100,99919,200,100057,100,99917,100,100060,100,99885,100,100061,100,99882,100,100069,100,99879,100,100072,100,99862,100
2019-06-28 09:39:50.000000000,99969,268,99965,268,99970,263,99936,263,99991,363,99934,263,100024,100,99920,100,100048,100,99919,200,100057,100,99917,100,100060,100,99885,100,100061,100,99882,100,100069,100,99879,100,100072,100,99862,100
2019-06-28 09:40:00.000000000,99969,223,99965,223,99970,223,99936,223,99991,323,99934,223,100024,223,99920,223,100048,100,99919,200,100057,100,99917,100,100060,100,99885,100,100061,100,99882,100,100069,100,99879,100,100072,100,99862,100
2019-06-28 09:40:10.000000000,99969,268,99965,268,99970,263,99936,263,99991,363,99934,263,100024,100,99920,100,100048,100,99919,200,100057,100,99917,100,100060,100,99885,100,100061,100,99882,100,100069,100,99879,100,100072,100,99862,100
2019-06-28 09:40:20.000000000,99969,346,99965,346,99970,346,99936,346,99991,200,99934,100,100024,100,99920,100,100048,100,99919,200,100057,100,99917,100,100060,100,99885,100,100061,100,99882,100,100069,100,99879,100,100072,100,99862,100
2019-06-28 09:40:30.000000000,99969,593,99965,593,99970,100,99936,100,99991,200,99934,100,100024,100,99920,100,100048,100,99919,200,100057,100,99917,100,100060,100,99885,100,100061,100,99882,100,100069,100,99879,100,100072,100,99862,100
2019-06-28 09:40:40.000000000,99969,199,99965,199,99970,199,99936,199,99991,299,99934,199,100024,199,99920,199,100048,199,99919,299,100057,100,99917,100,100060,100,99885,100,100061,100,99882,100,100069,100,99879,100,100072,100,99862,100
2019-06-28 09:40:42.238743655,99969,199,99965,199,99970,199,99936,199,99991,299,99934,199,100024,199,99920,199,100048,199,99919,299,100057,100,99917,100,100060,100,99885,100,100069,100,99882,100,100072,100,99879,100,100077,100,99862,100
2019-06-28 09:40:50.000000000,99969,268,99965,268,99970,263,99936,263,99991,363,99934,263,100024,100,99920,100,100048,100,99919,200,100057,100,99917,100,100060,100,99885,100,100069,100,99882,100,100072,100,99879,100,100077,100,99862,100
2019-06-28 09:40:51.995080517,99969,168,99965,268,99970,263,99936,263,99991,363,99934,263,100024,100,99920,100,100048,100,99919,200,100057,100,99917,100,100060,100,99885,100,100069,100,99882,100,100072,100,99879,100,100077,100,99862,100
2019-06-28 09:40:55.669380144,99969,68,99965,268,99970,263,99936,263,99991,363,99934,263,100024,100,99920,100,100048,100,99919,200,100057,100,99917,100,100060,100,99885,100,100069,100,99882,100,100072,100,99879,100,100077,100,99862,100
2019-06-28 09:41:00.000000000,99970,268,99965,268,99991,363,99936,263,100024,263,99934,263,100048,100,99920,100,100057,100,99919,200,100060,100,99917,100,100069,100,99885,100,100072,100,99882,100,100077,100,99879,100,100102,100,99862,100
2019-06-28 09:41:10.000000000,99970,223,99965,223,99991,323,99936,223,100024,223,99934,223,100048,223,99920,223,100057,100,99919,200,100060,100,99917,100,100069,100,99885,100,100072,100,99882,100,100077,100,99879,100,100102,100,99862,100
2019-06-28 09:41:20.000000000,99970,346,99965,346,99991,446,99936,346,100024,100,99934,100,100048,100,99920,100,100057,100,99919,200,100060,100,99917,100,100069,100,99885,100,100072,100,99882,100,100077,100,99879,100,100102,100,99862,100
2019-06-28 09:41:30.000000000,99970,593,99965,593,99991,200,99936,100,100024,100,99934,100,100048,100,99920,100,100057,100,99919,200,100060,100,99917,100,100069,100,99885,100,100072,100,99882,100,100077,100,99879,100,100102,100,99862,100
2019-06-28 09:41:40.000000000,99970,593,99965,593,99991,200,99936,100,100024,100,99934,100,100048,100,99920,100,100057,100,99919,200,100060,100,99917,100,100069,100,99885,100,100072,100,99882,100,100077,100,99879,100,100102,100,99862,100
2019-06-28 09:41:40.338037383,99970,493,99965,593,99991,200,99936,100,100024,100,99934,100,100048,100,99920,100,100057,100,99919,200,100060,100,99917,100,100069,100,99885,100,100072,100,99882,100,100077,100,99879,100,100102,100,99862,100
2019-06-28 09:41:50.000000000,99991,299,99965,199,100024,199,99936,199,100048,199,99934,199,100057,199,99920,199,100060,199,99919,299,100069,100,99917,100,100072,100,99885,100,100077,100,99882,100,100102,100,99879,100,100152,100,99862,100
2019-06-28 09:42:00.000000000,99991,368,99965,268,100024,263,99936,263,100048,263,99934,263,100057,100,99920,100,100060,100,99919,200,100069,100,99917,100,100072,100,99885,100,100077,100,99882,100,100102,100,99879,100,100152,100,99862,100
2019-06-28 09:42:07.735143642,99991,268,99965,268,100024,263,99936,263,100048,263,99934,263,100057,100,99920,100,100060,100,99919,200,100069,100,99917,100,100072,100,99885,100,100077,100,99882,100,100102,100,99862,100,100152,100,99859,100
2019-06-28 09:42:10.000000000,99991,346,99965,346,100024,346,99936,346,100048,100,99934,100,100057,100,99920,100,100060,100,99919,200,100069,100,99917,100,100072,100,99885,100,100077,100,99882,100,100102,100,99862,100,100152,100,99859,100
2019-06-28 09:42:15.489313437,99991,346,99970,100,100024,346,99965,346,100048,100,99936,346,100057,100,99934,100,100060,100,99920,100,100069,100,99919,200,100072,100,99917,100,100077,100,99885,100,100102,100,99882,100,100152,100,99862,100
2019-06-28 09:42:16.023748898,99991,346,99965,346,100024,346,99936,346,100048,100,99934,100,100057,100,99920,100,100060,100,99919,200,100069,100,99917,100,100072,100,99885,100,100077,100,99882,100,100102,100,99862,100,100152,100,99859,100
2019-06-28 09:42:20.000000000,99991,223,99965,223,100024,223,99936,223,100048,223,99934,223,100057,223,99920,223,100060,100,99919,200,100069,100,99917,100,100072,100,99885,100,100077,100,99882,100,100102,100,99862,100,100152,100,99859,100
2019-06-28 09:42:21.321816385,99991,223,99969,100,100024,223,99965,223,100048,223,99936,223,100057,223,99934,223,100060,100,99920,223,100069,100,99919,200,100072,100,99917,100,100077,100,99885,100,100102,100,99882,100,100152,100,99862,100
2019-06-28 09:42:30.000000000,99991,346,99969,346,100024,346,99965,346,100048,100,99936,100,100057,100,99934,100,100060,100,99920,100,100069,100,99919,200,100072,100,99917,100,100077,100,99885,100,100102,100,99882,100,100152,100,99862,100
2019-06-28 09:42:40.000000000,99991,593,99969,593,100024,100,99965,100,100048,100,99936,100,100057,100,99934,100,100060,100,99920,100,100069,100,99919,200,100072,100,99917,100,100077,100,99885,100,100102,100,99882,100,100152,100,99862,100
2019-06-28 09:42:50.000000000,99991,346,99969,346,100024,346,99965,346,100048,100,99936,100,100057,100,99934,100,100060,100,99920,100,100069,100,99919,200,100072,100,99917,100,100077,100,99885,100,100102,100,99882,100,100152,100,99862,100
2019-06-28 09:43:00.000000000,99991,268,99969,268,100024,263,99965,263,100048,263,99936,263,100057,100,99934,100,100060,100,99920,100,100069,100,99919,200,100072,100,99917,100,100077,100,99885,100,100102,100,99882,100,100152,100,99862,100
2019-06-28 09:43:10.000000000,99991,593,99969,593,100024,100,99965,100,100048,100,99936,100,100057,100,99934,100,100060,100,99920,100,100069,100,99919,200,100072,100,99917,100,100077,100,99885,100,100102,100,99882,100,100152,100,99862,100
2019-06-28 09:43:11.451793574,99991,593,99969,593,100024,100,99965,100,100048,100,99936,100,100057,100,99934,100,100060,100,99920,100,100069,100,99919,200,100072,100,99917,100,100077,100,99885,100,100102,100,99862,100,100152,100,99859,100
2019-06-28 09:43:12.137305930,99991,593,99969,493,100024,100,99965,100,100048,100,99936,100,100057,100,99934,100,100060,100,99920,100,100069,100,99919,200,100072,100,99917,100,100077,100,99885,100,100102,100,99862,100,100152,100,99859,100
2019-06-28 09:43:18.439860843,99991,593,99969,493,100024,100,99965,100,100048,100,99936,100,100057,100,99934,100,100060,100,99920,100,100069,100,99919,200,100072,100,99917,100,100077,100,99885,100,100102,100,99862,100,100152,100,99859,100
2019-06-28 09:43:20.000000000,99991,199,99965,199,100024,199,99936,199,100048,199,99934,199,100057,199,99920,199,100060,199,99919,299,100069,100,99917,100,100072,100,99885,100,100077,100,99862,100,100102,100,99859,100,100152,100,99845,100
2019-06-28 09:43:30.000000000,99991,593,99965,593,100024,100,99936,100,100048,100,99934,100,100057,100,99920,100,100060,100,99919,200,100069,100,99917,100,100072,100,99885,100,100077,100,99862,100,100102,100,99859,100,100152,100,99845,100
2019-06-28 09:43:34.356647985,99991,593,99970,100,100024,100,99965,593,100048,100,99936,100,100057,100,99934,100,100060,100,99920,100,100069,100,99919,200,100072,100,99917,100,100077,100,99885,100,100102,100,99862,100,100152,100,99859,100
2019-06-28 09:43:40.000000000,99991,223,99970,223,100024,223,99965,223,100048,223,99936,223,100057,223,99934,223,100060,100,99920,100,100069,100,99919,200,100072,100,99917,100,100077,100,99885,100,100102,100,99862,100,100152,100,99859,100
2019-06-28 09:43:50.000000000,99991,593,99970,593,100024,100,99965,100,100048,100,99936,100,100057,100,99934,100,100060,100,99920,100,100069,100,99919,200,100072,100,99917,100,100077,100,99885,100,100102,100,99862,100,100152,100,99859,100
2019-06-28 09:43:53.245754408,99991,493,99970,593,100024,100,99965,100,100048,100,99936,100,100057,100,99934,100,100060,100,99920,100,100069,100,99919,200,100072,100,99917,100,100077,100,99885,100,100102,100,99862,100,100152,100,99859,100
2019-06-28 09:44:00.000000000,100024,223,99970,223,100048,223,99965,223,100057,223,99936,223,100060,223,99934,223,100069,100,99920,100,100072,100,99919,200,100077,100,99917,100,100102,100,99885,100,100152,100,99862,100,100197,100,99859,100
2019-06-28 09:44:10.000000000,100024,268,99970,268,100048,263,99965,263,100057,263,99936,263,100060,100,99934,100,100069,100,99920,100,100072,100,99919,200,100077,100,99917,100,100102,100,99885,100,100152,100,99862,100,100197,100,99859,100
2019-06-28 09:44:12.554476710,100024,268,99970,268,100048,263,99965,263,100057,263,99936,263,100060,100,99934,100,100069,100,99920,100,100072,100,99919,200,100077,100,99917,100,100152,100,99885,100,100197,100,99862,100,100208,100,99859,100
2019-06-28 09:44:20.000000000,100024,593,99970,593,100048,100,99965,100,100057,100,99936,100,100060,100,99934,100,100069,100,99920,100,100072,100,99919,200,100077,100,99917,100,100152,100,99885,100,100197,100,99862,100,100208,100,99859,100
2019-06-28 09:44:25.276776741,100024,493,99970,593,100048,100,99965,100,100057,100,99936,100,100060,100,99934,100,100069,100,99920,100,100072,100,99919,200,100077,100,99917,100,100152,100,99885,100,100197,100,99862,100,100208,100,99859,100
2019-06-28 09:44:30.000000000,100048,346,99970,346,100057,346,99965,346,100060,100,99936,100,100069,100,99934,100,100072,100,99920,100,100077,100,99919,200,100152,100,99917,100,100197,100,99885,100,100208,100,99862,100,100245,100,99859,100
2019-06-28 09:44:35.037430036,100048,246,99970,346,100057,346,99965,346,100060,100,99936,100,100069,100,99934,100,100072,100,99920,100,100077,100,99919,200,100152,100,99917,100,100208,100,99885,100,100245,100,99862,100,100285,100,99859,100
2019-06-28 09:44:40.000000000,100057,268,99970,268,100060,263,99965,263,100069,263,99936,263,100072,100,99934,100,100077,100,99920,100,100152,100,99919,200,100208,100,99917,100,100245,100,99885,100,100285,100,99862,100,100401,100,99859,100
2019-06-28 09:44:50.000000000,100057,268,99970,268,100060,263,99965,263,100069,263,99936,263,100072,100,99934,100,100077,100,99920,100,100152,100,99919,200,100208,100,99917,100,100245,100,99885,100,100285,100,99862,100,100401,100,99859,100
2019-06-28 09:44:56.436774297,100057,168,99970,268,100060,263,99965,263,100069,263,99936,263,100072,100,99934,100,100077,100,99920,100,100152,100,99919,200,100208,100,99917,100,100285,100,99885,100,100401,100,99862,100,100407,100,99859,100
2019-06-28 09:45:00.000000000,100060,199,99970,199,100069,199,99965,199,100072,199,99936,199,100077,199,99934,199,100152,199,99920,199,100208,100,99919,200,100285,100,99917,100,100401,100,99885,100,100407,100,99862,100,100433,100,99859,100
2019-06-28 09:45:09.026156131,100060,199,99970,199,100069,199,99965,199,100072,199,99936,199,100077,199,99934,199,100152,199,99920,199,100208,100,99919,200,100285,100,99917,100,100401,100,99885,100,100407,100,99862,100,100433,100,99859,100
2019-06-28 09:45:10.000000000,100060,199,99970,199,100069,199,99965,199,100072,199,99936,199,100077,199,99934,199,100152,199,99920,199,100208,100,99919,200,100285,100,99917,100,100401,100,99885,100,100407,100,99862,100,100433,100,99859,100
2019-06-28 09:45:13.382164472,100060,199,100048,100,100069,199,99970,199,100072,199,99965,199,100077,199,99936,199,100152,199,99934,199,100208,100,99920,199,100285,100,99919,200,100401,100,99917,100,100407,100,99885,100,100433,100,99862,100
2019-06-28 09:45:20.000000000,100060,346,100048,346,100069,346,99970,346,100072,100,99965,100,100077,100,99936,100,100152,100,99934,100,100208,100,99920,100,100285,100,99919,200,100401,100,99917,100,100407,100,99885,100,100433,100,99862,100
2019-06-28 09:45:20.753699742,100060,346,100048,346,100069,346,99970,346,100072,100,99965,100,100077,100,99936,100,100152,100,99934,100,100208,100,99920,100,100285,100,99919,200,100401,100,99917,100,100407,100,99885,100,100433,100,99862,100
2019-06-28 09:45:28.935222054,100060,346,100048,446,100069,346,99970,346,100072,100,99965,100,100077,100,99936,100,100152,100,99934,100,100208,100,99920,100,100285,100,99919,200,100401,100,99917,100,100407,100,99885,100,100433,100,99862,100
2019-06-28 09:45:30.000000000,100060,223,100048,323,100069,223,99970,223,100072,223,99965,223,100077,223,99936,223,100152,100,99934,100,100208,100,99920,100,100285,100,99919,200,100401,100,99917,100,100407,100,99885,100,100433,100,99862,100
2019-06-28 09:45:39.468554782,100060,123,100048,323,100069,123,99970,223,100072,223,99965,223,100077,223,99936,223,100152,100,99934,100,100208,100,99920,100,100285,100,99919,200,100401,100,99917,100,100407,100,99885,100,100433,100,99862,100
2019-06-28 09:45:40.000000000,100072,346,100048,446,100077,346,99970,346,100152,100,99965,100,100208,100,99936,100,100285,100,99934,100,100401,100,99920,100,100407,100,99919,200,100433,100,99917,100,100489,100,99885,100,100502,100,99862,100
2019-06-28 09:45:47.651593977,100072,246,100048,446,100077,346,99970,346,100152,100,99965,100,100208,100,99936,100,100285,100,99934,100,100401,100,99920,100,100407,100,99919,200,100433,100,99917,100,100489,100,99885,100,100502,100,99862,100
2019-06-28 09:45:50.000000000,100077,346,100048,446,100152,346,99970,346,100208,100,99965,100,100285,100,99936,100,100401,100,99934,100,100407,100,99920,100,100433,100,99919,200,100489,100,99917,100,100502,100,99885,100,101177,100,99862,100
2019-06-28 09:45:58.860845125,100077,346,100048,446,100152,346,99970,346,100208,100,99965,100,100285,100,99936,100,100401,100,99934,100,100407,100,99920,100,100433,100,99919,200,100489,100,99885,100,100502,100,99862,100,100672,100,99859,100
2019-06-28 09:46:00.000000000,100077,199,100048,299,100152,199,99970,199,100208,199,99965,199,100285,199,99936,199,100401,199,99934,199,100407,100,99920,100,100433,100,99919,200,100489,100,99885,100,100502,100,99862,100,100672,100,99859,100
2019-06-28 09:46:10.000000000,100077,593,100048,693,100152,100,99970,100,100208,100,99965,100,100285,100,99936,100,100401,100,99934,100,100407,100,99920,100,100433,100,99919,200,100489,100,99885,100,100502,100,99862,100,100672,100,99859,100
2019-06-28 09:46:20.000000000,100077,223,100048,323,100152,223,99970,223,100208,223,99965,223,100285,223,99936,223,100401,100,99934,100,100407,100,99920,100,100433,100,99919,200,100489,100,99885,100,100502,100,99862,100,100672,100,99859,100
2019-06-28 09:46:25.972317348,100077,223,100048,323,100152,223,99970,223,100208,223,99965,223,100285,223,99936,223,100401,100,99934,100,100407,100,99920,100,100433,100,99919,200,100475,100,99885,100,100489,100,99862,100,100502,100,99859,100
2019-06-28 09:46:30.000000000,100077,346,100048,446,100152,346,99970,346,100208,100,99965,100,100285,100,99936,100,100401,100,99934,100,100407,100,99920,100,100433,100,99919,200,100475,100,99885,100,100489,100,99862,100,100502,100,99859,100
2019-06-28 09:46:37.638443133,100077,346,100048,446,100152,346,99970,346,100208,100,99965,100,100285,100,99936,100,100322,100,99934,100,100401,100,99920,100,100407,100,99919,200,100433,100,99885,100,100475,100,99862,100,100489,100,99859,100
2019-06-28 09:46:40.000000000,100077,268,100048,368,100152,263,99970,263,100208,263,99965,263,100285,100,99936,100,100322,100,99934,100,100401,100,99920,100,100407,100,99919,200,100433,100,99885,100,100475,100,99862,100,100489,100,99859,100
2019-06-28 09:46:50.000000000,100077,268,100048,368,100152,263,99970,263,100208,263,99965,263,100285,100,99936,100,100322,100,99934,100,100401,100,99920,100,100407,100,99919,200,100433,100,99885,100,100475,100,99862,100,100489,100,99859,100
2019-06-28 09:46:57.181242538,100077,268,100048,368,100084,100,99970,263,100152,263,99965,263,100208,263,99936,100,100285,100,99934,100,100322,100,99920,100,100401,100,99919,200,100407,100,99885,100,100433,100,99862,100,100475,100,99859,100
2019-06-28 09:47:00.000000000,100077,268,100048,368,100084,263,99970,263,100152,263,99965,263,100208,100,99936,100,100285,100,99934,100,100322,100,99920,100,100401,100,99919,200,100407,100,99885,100,100433,100,99862,100,100475,100,99859,100
2019-06-28 09:47:06.222036895,100077,268,100048,368,100084,263,99970,263,100152,263,99965,263,100181,100,99936,100,100208,100,99934,100,100285,100,99920,100,100322,100,99919,200,100401,100,99885,100,100407,100,99862,100,100433,100,99859,100
2019-06-28 09:47:10.000000000,100077,346,100048,446,100084,346,99970,346,100152,100,99965,100,100181,100,99936,100,100208,100,99934,100,100285,100,99920,100,100322,100,99919,200,100401,100,99885,100,100407,100,99862,100,100433,100,99859,100
2019-06-28 09:47:20.000000000,100077,223,100048,323,100084,223,99970,223,100152,223,99965,223,100181,223,99936,223,100208,100,99934,100,100285,100,99920,100,100322,100,99919,200,100401,100,99885,100,100407,100,99862,100,100433,100,99859,100
2019-06-28 09:47:22.115105154,100077,223,100048,323,100084,223,99970,223,100152,223,99965,223,100181,223,99936,223,100208,100,99934,100,100285,100,99920,100,100322,100,99919,200,100401,100,99885,100,100407,100,99862,100,100433,100,99859,100
2019-06-28 09:47:30.000000000,100077,593,100048,693,100084,100,99970,100,100152,100,99965,100,100181,100,99936,100,100208,100,99934,100,100285,100,99920,100,100322,100,99919,200,100401,100,99885,100,100407,100,99862,100,100433,100,99859,100
2019-06-28 09:47:35.438411517,100077,593,100048,693,100084,100,99970,100,100152,100,99965,100,100181,100,99936,100,100208,100,99934,100,100285,100,99920,100,100322,100,99919,200,100401,100,99885,100,100407,100,99883,100,100433,100,99862,100
2019-06-28 09:47:40.000000000,100077,593,100048,693,100084,100,99970,100,100152,100,99965,100,100181,100,99936,100,100208,100,99934,100,100285,100,99920,100,100322,100,99919,200,100401,100,99885,100,100407,100,99883,100,100433,100,99862,100
2019-06-28 09:47:41.253419918,100077,593,100048,693,100084,100,99970,100,100152,100,99965,100,100181,100,99936,100,100208,100,99934,100,100285,100,99920,100,100322,100,99919,200,100401,100,99885,100,100407,100,99883,100,100433,100,99862,100
2019-06-28 09:47:50.000000000,100077,346,100048,446,100084,346,99970,346,100152,100,99965,100,100181,100,99936,100,100208,100,99934,100,100285,100,99920,100,100322,100,99919,200,100401,100,99885,100,100407,100,99883,100,100433,100,99862,100
2019-06-28 09:47:52.680382443,100077,346,100060,100,100084,346,100048,446,100152,100,99970,346,100181,100,99965,100,100208,100,99936,100,100285,100,99934,100,100322,100,99920,100,100401,100,99919,200,100407,100,99885,100,100433,100,99883,100
2019-06-28 09:48:00.000000000,100077,223,100060,223,100084,223,100048,323,100152,223,99970,223,100181,223,99965,223,100208,100,99936,100,100285,100,99934,100,100322,100,99920,100,100401,100,99919,200,100407,100,99885,100,100433,100,99883,100
2019-06-28 09:48:10.000000000,100077,268,100060,268,100084,263,100048,363,100152,263,99970,263,100181,100,99965,100,100208,100,99936,100,100285,100,99934,100,100322,100,99920,100,100401,100,99919,200,100407,100,99885,100,100433,100,99883,100
2019-06-28 09:48:15.643202715,100077,268,100060,268,100084,263,100048,363,100152,263,99970,263,100181,100,99965,100,100208,100,99936,100,100224,100,99934,100,100285,100,99920,100,100322,100,99919,200,100401,100,99885,100,100407,100,99862,100
2019-06-28 09:48:20.000000000,100077,223,100060,223,100084,223,100048,323,100152,223,99970,223,100181,223,99965,223,100208,100,99936,100,100224,100,99934,100,100285,100,99920,100,100322,100,99919,200,100401,100,99885,100,100407,100,99862,100
2019-06-28 09:48:26.820855081,100077,223,100060,123,100084,223,100048,323,100152,223,99970,223,100181,223,99965,223,100208,100,99936,100,100224,100,99934,100,100285,100,99920,100,100322,100,99919,200,100401,100,99885,100,100407,100,99862,100
2019-06-28 09:48:28.420159189,100077,223,100060,123,100084,223,100048,323,100152,223,99970,223,100181,223,99965,223,100208,100,99936,100,100224,100,99934,100,100266,100,99920,100,100285,100,99919,200,100322,100,99885,100,100401,100,99862,100
2019-06-28 09:48:30.000000000,100077,346,100048,446,100084,346,99970,346,100152,100,99965,100,100181,100,99936,100,100208,100,99934,100,100224,100,99920,100,100266,100,99919,200,100285,100,99885,100,100322,100,99862,100,100401,100,99859,100
2019-06-28 09:48:32.164342936,100077,346,100048,446,100084,346,99970,346,100152,100,99965,100,100165,100,99936,100,100181,100,99934,100,100208,100,99920,100,100224,100,99919,200,100266,100,99885,100,100285,100,99862,100,100322,100,99859,100
2019-06-28 09:48:34.796438563,100077,346,100048,446,100084,346,99970,346,100152,100,99965,100,100155,100,99936,100,100165,100,99934,100,100181,100,99920,100,100208,100,99919,200,100224,100,99885,100,100266,100,99862,100,100285,100,99859,100
2019-06-28 09:48:40.000000000,100077,223,100048,323,100084,223,99970,223,100152,223,99965,223,100155,223,99936,223,100165,100,99934,100,100181,100,99920,100,100208,100,99919,200,100224,100,99885,100,100266,100,99862,100,100285,100,99859,100
2019-06-28 09:48:47.241614976,100077,223,100061,100,100084,223,100048,323,100152,223,99970,223,100155,223,99965,223,100165,100,99936,223,100181,100,99934,100,100208,100,99920,100,100224,100,99919,200,100266,100,99885,100,100285,100,99862,100
2019-06-28 09:48:50.000000000,100077,268,100061,268,100084,263,100048,363,100152,263,99970,263,100155,100,99965,100,100165,100,99936,100,100181,100,99934,100,100208,100,99920,100,100224,100,99919,200,100266,100,99885,100,100285,100,99862,100
2019-06-28 09:48:54.900026832,100077,268,100061,368,100084,263,100048,363,100152,263,99970,263,100155,100,99965,100,100165,100,99936,100,100181,100,99934,100,100208,100,99920,100,100224,100,99919,200,100266,100,99885,100,100285,100,99862,100
2019-06-28 09:49:00.000000000,100077,346,100061,446,100084,346,100048,446,100152,100,99970,100,100155,100,99965,100,100165,100,99936,100,100181,100,99934,100,100208,100,99920,100,100224,100,99919,200,100266,100,99885,100,100285,100,99862,100
2019-06-28 09:49:10.000000000,100077,223,100061,323,100084,223,100048,323,100152,223,99970,223,100155,223,99965,223,100165,100,99936,100,100181,100,99934,100,100208,100,99920,100,100224,100,99919,200,100266,100,99885,100,100285,100,99862,100
2019-06-28 09:49:20.000000000,100077,593,100061,693,100084,100,100048,200,100152,100,99970,100,100155,100,99965,100,100165,100,99936,100,100181,100,99934,100,100208,100,99920,100,100224,100,99919,200,100266,100,99885,100,100285,100,99862,100
2019-06-28 09:49:24.019099802,100077,593,100061,693,100084,100,100048,200,100152,100,99970,100,100155,100,99965,100,100165,100,99936,100,100181,100,99934,100,100200,100,99920,100,100208,100,99919,200,100224,100,99885,100,100266,100,99862,100
2019-06-28 09:49:30.000000000,100077,223,100061,323,100084,223,100048,323,100152,223,99970,223,100155,223,99965,223,100165,100,99936,100,100181,100,99934,100,100200,100,99920,100,100208,100,99919,200,100224,100,99885,100,100266,100,99862,100
2019-06-28 09:49:40.000000000,100077,593,100061,693,100084,100,100048,200,100152,100,99970,100,100155,100,99965,100,100165,100,99936,100,100181,100,99934,100,100200,100,99920,100,100208,100,99919,200,100224,100,99885,100,100266,100,99862,100
2019-06-28 09:49:46.245519292,100077,593,100061,693,100084,100,100048,200,100152,100,99970,100,100155,100,99965,100,100165,100,99936,100,100181,100,99934,100,100200,100,99920,100,100208,100,99919,200,100224,100,99885,100,100266,100,99862,100
2019-06-28 09:49:47.380151469,100077,493,100061,693,100084,100,100048,200,100152,100,99970,100,100155,100,99965,100,100165,100,99936,100,100181,100,99934,100,100200,100,99920,100,100208,100,99919,200,100224,100,99885,100,100266,100,99862,100
2019-06-28 09:49:50.000000000,100084,223,100061,323,100152,223,100048,323,100155,223,99970,223,100165,223,99965,223,100181,100,99936,100,100200,100,99934,100,100208,100,99920,100,100224,100,99919,200,100266,100,99885,100,100285,100,99862,100
2019-06-28 09:50:00.000000000,100084,199,100061,299,100152,199,100048,299,100155,199,99970,199,100165,199,99965,199,100181,199,99936,199,100200,100,99934,100,100208,100,99920,100,100224,100,99919,200,100266,100,99885,100,100285,100,99862,100
2019-06-28 09:50:10.000000000,100084,268,100061,368,100152,263,100048,363,100155,263,99970,263,100165,100,99965,100,100181,100,99936,100,100200,100,99934,100,100208,100,99920,100,100224,100,99919,200,100266,100,99885,100,100285,100,99862,100
2019-06-28 09:50:20.000000000,100084,223,100061,323,100152,223,100048,323,100155,223,99970,223,100165,223,99965,223,100181,100,99936,100,100200,100,99934,100,100208,100,99920,100,100224,100,99919,200,100266,100,99885,100,100285,100,99862,100
2019-06-28 09:50:30.000000000,100084,223,100061,323,100152,223,100048,323,100155,223,99970,223,100165,223,99965,223,100181,100,99936,100,100200,100,99934,100,100208,100,99920,100,100224,100,99919,200,100266,100,99885,100,100285,100,99862,100
2019-06-28 09:50:32.924735676,100084,223,100061,323,100152,223,100048,323,100155,223,99970,223,100165,223,99965,223,100181,100,99936,100,100200,100,99934,100,100208,100,99920,100,100224,100,99919,100,100266,100,99885,100,100285,100,99862,100
2019-06-28 09:50:40.000000000,100084,223,100061,323,100152,223,100048,323,100155,223,99970,223,100165,223,99965,223,100181,100,99936,100,100200,100,99934,100,100208,100,99920,100,100224,100,99919,100,100266,100,99885,100,100285,100,99862,100
2019-06-28 09:50:48.697085767,100084,123,100061,323,100152,223,100048,323,100155,223,99970,223,100165,223,99965,223,100181,100,99936,100,100200,100,99934,100,100208,100,99920,100,100224,100,99919,100,100266,100,99885,100,100285,100,99862,100
2019-06-28 09:50:50.000000000,100152,593,100061,693,100155,100,100048,200,100165,100,99970,100,100181,100,99965,100,100200,100,99936,100,100208,100,99934,100,100224,100,99920,100,100266,100,99919,100,100285,100,99885,100,100322,100,99862,100
2019-06-28 09:51:00.000000000,100152,346,100061,446,100155,346,100048,446,100165,100,99970,100,100181,100,99965,100,100200,100,99936,100,100208,100,99934,100,100224,100,99920,100,100266,100,99919,100,100285,100,99885,100,100322,100,99862,100
2019-06-28 09:51:10.000000000,100152,199,100061,299,100155,199,100048,299,100165,199,99970,199,100181,199,99965,199,100200,199,99936,199,100208,100,99934,100,100224,100,99920,100,100266,100,99919,100,100285,100,99885,100,100322,100,99862,100
2019-06-28 09:51:10.019376943,100152,199,100061,299,100155,199,100048,299,100165,199,99970,199,100181,199,99965,199,100200,199,99936,199,100208,100,99934,100,100224,100,99920,100,100266,100,99919,100,100285,100,99885,100,100322,100,99862,100
2019-06-28 09:51:14.327556461,100152,199,100077,100,100155,199,100061,299,100165,199,100048,299,100181,199,99970,99,100200,199,99965,199,100208,100,99936,199,100224,100,99934,100,100266,100,99920,100,100285,100,99919,100,100322,100,99885,100
2019-06-28 09:51:20.000000000,100152,346,100077,346,100155,346,100061,446,100165,100,100048,200,100181,100,99965,100,100200,100,99936,100,100208,100,99934,100,100224,100,99920,100,100266,100,99919,100,100285,100,99885,100,100322,100,99862,100
2019-06-28 09:51:21.703360615,100152,346,100077,346,100155,346,100061,446,100165,100,100048,200,100181,100,99965,100,100200,100,99936,100,100208,100,99934,100,100224,100,99920,100,100266,100,99919,100,100322,100,99885,100,100401,100,99862,100
2019-06-28 09:51:30.000000000,100152,223,100077,223,100155,223,100061,323,100165,223,100048,323,100181,223,99965,223,100200,100,99936,100,100208,100,99934,100,100224,100,99920,100,100266,100,99919,100,100322,100,99885,100,100401,100,99862,100
2019-06-28 09:51:40.000000000,100152,199,100077,199,100155,199,100061,299,100165,199,100048,299,100181,199,99965,199,100200,199,99936,199,100208,100,99934,100,100224,100,99920,100,100266,100,99919,100,100322,100,99885,100,100401,100,99862,100
2019-06-28 09:51:40.266018121,100152,99,100077,199,100155,199,100061,299,100165,199,100048,299,100181,199,99965,199,100200,199,99936,199,100208,100,99934,100,100224,100,99920,100,100266,100,99919,100,100322,100,99885,100,100401,100,99862,100
2019-06-28 09:51:43.952250725,100155,199,100152,1,100165,199,100077,199,100181,199,100061,299,100200,199,100048,299,100208,100,99965,199,100224,100,99936,199,100266,100,99934,100,100401,100,99920,100,100407,100,99919,100,100433,100,99885,100
2019-06-28 09:51:50.000000000,100155,346,100152,247,100165,346,100077,346,100181,100,100061,200,100200,100,100048,200,100208,100,99965,100,100224,100,99936,100,100266,100,99934,100,100401,100,99920,100,100407,100,99919,100,100433,100,99885,100
2019-06-28 09:51:51.252690247,100155,346,100152,247,100165,346,100077,346,100181,100,100061,200,100200,100,100048,200,100208,100,99965,100,100224,100,99936,100,100266,100,99934,100,100401,100,99920,100,100407,100,99885,100,100433,100,99862,100
2019-06-28 09:51:53.908298529,100155,346,100152,247,100165,346,100077,346,100181,100,100061,200,100208,100,100048,200,100224,100,99965,100,100266,100,99936,100,100401,100,99934,100,100407,100,99920,100,100433,100,99885,100,100475,100,99862,100
2019-06-28 09:52:00.000000000,100155,346,100152,247,100165,346,100077,346,100181,100,100061,200,100208,100,100048,200,100224,100,99965,100,100266,100,99936,100,100401,100,99934,100,100407,100,99920,100,100433,100,99885,100,100475,100,99862,100
2019-06-28 09:52:00.712669759,100155,346,100152,247,100165,346,100077,346,100181,100,100061,200,100208,100,100048,200,100224,100,99965,100,100266,100,99936,100,100401,100,99934,100,100407,100,99920,100,100433,100,99885,100,100475,100,99862,100
2019-06-28 09:52:10.000000000,100155,199,100152,100,100165,199,100077,199,100181,199,100061,299,100208,199,100048,299,100224,199,99965,199,100266,100,99936,100,100401,100,99934,100,100407,100,99920,100,100433,100,99885,100,100475,100,99862,100
2019-06-28 09:52:20.000000000,100155,223,100152,124,100165,223,100077,223,100181,223,100061,323,100208,223,100048,323,100224,100,99965,100,100266,100,99936,100,100401,100,99934,100,100407,100,99920,100,100433,100,99885,100,100475,100,99862,100
2019-06-28 09:52:30.000000000,100155,223,100152,124,100165,223,100077,223,100181,223,100061,323,100208,223,100048,323,100224,100,99965,100,100266,100,99936,100,100401,100,99934,100,100407,100,99920,100,100433,100,99885,100,100475,100,99862,100
2019-06-28 09:52:30.949218998,100155,123,100152,124,100165,223,100077,223,100181,223,100061,323,100208,223,100048,323,100224,100,99965,100,100266,100,99936,100,100401,100,99934,100,100407,100,99920,100,100433,100,99885,100,100475,100,99862,100
2019-06-28 09:52:40.000000000,100165,199,100152,100,100181,199,100077,199,100208,199,100061,299,100224,199,100048,299,100266,199,99965,199,100401,100,99936,100,100407,100,99934,100,100433,100,99920,100,100475,100,99885,100,100489,100,99862,100
2019-06-28 09:52:50.000000000,100165,223,100152,124,100181,223,100077,223,100208,223,100061,323,100224,223,100048,323,100266,100,99965,100,100401,100,99936,100,100407,100,99934,100,100433,100,99920,100,100475,100,99885,100,100489,100,99862,100
2019-06-28 09:53:00.000000000,100165,223,100152,124,100181,223,100077,223,100208,223,100061,323,100224,223,100048,323,100266,100,99965,100,100401,100,99936,100,100407,100,99934,100,100433,100,99920,100,100475,100,99885,100,100489,100,99862,100
2019-06-28 09:53:10.000000000,100165,346,100152,247,100181,346,100077,346,100208,100,100061,200,100224,100,100048,200,100266,100,99965,100,100401,100,99936,100,100407,100,99934,100,100433,100,99920,100,100475,100,99885,100,100489,100,99862,100
2019-06-28 09:53:20.000000000,100165,268,100152,169,100181,263,100077,263,100208,263,100061,363,100224,100,100048,200,100266,100,99965,100,100401,100,99936,100,100407,100,99934,100,100433,100,99920,100,100475,100,99885,100,100489,100,99862,100
2019-06-28 09:53:28.463753781,100165,268,100152,169,100181,263,100077,263,100208,263,100061,263,100224,100,100048,200,100266,100,99965,100,100401,100,99936,100,100407,100,99934,100,100433,100,99920,100,100475,100,99885,100,100489,100,99862,100
2019-06-28 09:53:30.000000000,100165,268,100152,169,100181,263,100077,263,100208,263,100061,263,100224,100,100048,200,100266,100,99965,100,100401,100,99936,100,100407,100,99934,100,100433,100,99920,100,100475,100,99885,100,100489,100,99862,100
2019-06-28 09:53:40.000000000,100165,199,100152,100,100181,199,100077,199,100208,199,100061,199,100224,199,100048,299,100266,199,99965,199,100401,100,99936,100,100407,100,99934,100,100433,100,99920,100,100475,100,99885,100,100489,100,99862,100
2019-06-28 09:53:50.000000000,100165,346,100152,247,100181,346,100077,346,100208,100,100061,100,100224,100,100048,200,100266,100,99965,100,100401,100,99936,100,100407,100,99934,100,100433,100,99920,100,100475,100,99885,100,100489,100,99862,100
2019-06-28 09:53:59.728155930,100165,346,100152,247,100181,346,100077,346,100208,100,100061,100,100224,100,100048,200,100266,100,99965,100,100401,100,99936,100,100407,100,99934,100,100475,100,99920,100,100489,100,99885,100,100502,100,99862,100
2019-06-28 09:54:00.000000000,100165,268,100152,169,100181,263,100077,263,100208,263,100061,263,100224,100,100048,200,100266,100,99965,100,100401,100,99936,100,100407,100,99934,100,100475,100,99920,100,100489,100,99885,100,100502,100,99862,100
2019-06-28 09:54:10.000000000,100165,223,100152,124,100181,223,100077,223,100208,223,100061,223,100224,223,100048,323,100266,100,99965,100,100401,100,99936,100,100407,100,99934,100,100475,100,99920,100,100489,100,99885,100,100502,100,99862,100
2019-06-28 09:54:20.000000000,100165,346,100152,247,100181,346,100077,346,100208,100,100061,100,100224,100,100048,200,100266,100,99965,100,100401,100,99936,100,100407,100,99934,100,100475,100,99920,100,100489,100,99885,100,100502,100,99862,100
2019-06-28 09:54:22.897868994,100165,246,100152,247,100181,346,100077,346,100208,100,100061,100,100224,100,100048,200,100266,100,99965,100,100401,100,99936,100,100407,100,99934,100,100475,100,99920,100,100489,100,99885,100,100502,100,99862,100
2019-06-28 09:54:23.211238123,100165,246,100155,100,100181,346,100152,247,100208,100,100077,346,100224,100,100061,100,100266,100,100048,200,100401,100,99965,100,100407,100,99936,100,100475,100,99934,100,100489,100,99920,100,100502,100,99885,100
2019-06-28 09:54:30.000000000,100181,223,100155,223,100208,223,100152,124,100224,223,100077,223,100266,223,100061,223,100401,100,100048,200,100407,100,99965,100,100475,100,99936,100,100489,100,99934,100,100502,100,99920,100,100583,100,99885,100
2019-06-28 09:54:40.000000000,100181,593,100155,593,100208,100,100152,1,100224,100,100077,100,100266,100,100061,100,100401,100,100048,200,100407,100,99965,100,100475,100,99936,100,100489,100,99934,100,100502,100,99920,100,100583,100,99885,100
2019-06-28 09:54:50.000000000,100181,593,100155,593,100208,100,100152,1,100224,100,100077,100,100266,100,100061,100,100401,100,100048,200,100407,100,99965,100,100475,100,99936,100,100489,100,99934,100,100502,100,99920,100,100583,100,99885,100
2019-06-28 09:55:00.000000000,100181,223,100155,223,100208,223,100152,124,100224,223,100077,223,100266,223,100061,223,100401,100,100048,200,100407,100,99965,100,100475,100,99936,100,100489,100,99934,100,100502,100,99920,100,100583,100,99885,100
2019-06-28 09:55:10.000000000,100181,223,100155,223,100208,223,100152,124,100224,223,100077,223,100266,223,100061,223,100401,100,100048,200,100407,100,99965,100,100475,100,99936,100,100489,100,99934,100,100502,100,99920,100,100583,100,99885,100
2019-06-28 09:55:20.000000000,100181,199,100155,199,100208,199,100152,100,100224,199,100077,199,100266,199,100061,199,100401,199,100048,299,100407,100,99965,100,100475,100,99936,100,100489,100,99934,100,100502,100,99920,100,100583,100,99885,100
2019-06-28 09:55:30.000000000,100181,346,100155,346,100208,346,100152,247,100224,100,100077,100,100266,100,100061,100,100401,100,100048,200,100407,100,99965,100,100475,100,99936,100,100489,100,99934,100,100502,100,99920,100,100583,100,99885,100
2019-06-28 09:55:31.954234563,100181,246,100155,346,100208,346,100152,247,100224,100,100077,100,100266,100,100061,100,100401,100,100048,200,100407,100,99965,100,100475,100,99936,100,100489,100,99934,100,100502,100,99920,100,100583,100,99885,100
2019-06-28 09:55:40.000000000,100208,223,100155,223,100224,223,100152,124,100266,223,100077,223,100401,223,100061,223,100407,100,100048,200,100475,100,99965,100,100489,100,99936,100,100502,100,99934,100,100583,100,99920,100,100724,100,99885,100
2019-06-28 09:55:45.951672000,100208,223,100174,100,100224,223,100155,223,100266,223,100152,124,100401,223,100077,223,100407,100,100061,223,100475,100,100048,200,100489,100,99965,100,100502,100,99936,100,100583,100,99934,100,100724,100,99885,100
2019-06-28 09:55:50.000000000,100208,593,100174,593,100224,100,100155,100,100266,100,100152,1,100401,100,100077,100,100407,100,100061,100,100475,100,100048,200,100489,100,99965,100,100502,100,99936,100,100583,100,99934,100,100724,100,99885,100
2019-06-28 09:55:57.478867421,100208,493,100174,593,100224,100,100155,100,100266,100,100152,1,100401,100,100077,100,100407,100,100061,100,100475,100,100048,200,100489,100,99965,100,100497,100,99936,100,100502,100,99934,100,100583,100,99885,100
2019-06-28 09:56:00.000000000,100224,346,100174,346,100266,346,100155,346,100401,100,100152,1,100407,100,100077,100,100475,100,100061,100,100489,100,100048,200,100497,100,99965,100,100502,100,99936,100,100583,100,99934,100,100724,100,99885,100
2019-06-28 09:56:03.530178477,100224,346,100192,100,100266,346,100174,346,100401,100,100155,346,100407,100,100152,1,100475,100,100077,100,100497,100,100061,100,100502,100,100048,200,100583,100,99965,100,100724,100,99936,100,101004,100,99934,100
2019-06-28 09:56:10.000000000,100224,268,100192,268,100266,263,100174,263,100401,263,100155,263,100407,100,100152,1,100475,100,100077,100,100497,100,100061,100,100502,100,100048,200,100583,100,99965,100,100724,100,99936,100,101004,100,99934,100
2019-06-28 09:56:20.000000000,100224,268,100192,268,100266,263,100174,263,100401,263,100155,263,100407,100,100152,1,100475,100,100077,100,100497,100,100061,100,100502,100,100048,200,100583,100,99965,100,100724,100,99936,100,101004,100,99934,100
2019-06-28 09:56:30.000000000,100224,593,100192,593,100266,100,100174,100,100401,100,100155,100,100407,100,100152,1,100475,100,100077,100,100497,100,100061,100,100502,100,100048,200,100583,100,99965,100,100724,100,99936,100,101004,100,99934,100
2019-06-28 09:56:40.000000000,100224,199,100192,199,100266,199,100174,199,100401,199,100155,199,100407,199,100152,100,100475,199,100077,199,100497,100,100061,100,100502,100,100048,200,100583,100,99965,100,100724,100,99936,100,101004,100,99934,100
2019-06-28 09:56:48.732636386,100224,199,100192,199,100266,199,100174,199,100401,199,100155,199,100407,199,100152,100,100475,199,100077,199,100497,100,100061,100,100502,100,100048,200,100583,100,99965,100,100724,100,99936,100,101004,100,99934,100
2019-06-28 09:56:50.000000000,100224,268,100192,268,100266,263,100174,263,100401,263,100155,263,100407,100,100152,1,100475,100,100077,100,100497,100,100061,100,100502,100,100048,200,100583,100,99965,100,100724,100,99936,100,101004,100,99934,100
2019-06-28 09:57:00.000000000,100224,593,100192,593,100266,100,100174,100,100401,100,100155,100,100407,100,100152,1,100475,100,100077,100,100497,100,100061,100,100502,100,100048,200,100583,100,99965,100,100724,100,99936,100,101004,100,99934,100
2019-06-28 09:57:06.688232322,100224,593,100192,493,100266,100,100174,100,100401,100,100155,100,100407,100,100152,1,100475,100,100077,100,100497,100,100061,100,100502,100,100048,200,100583,100,99965,100,100724,100,99936,100,101004,100,99934,100
2019-06-28 09:57:10.000000000,100224,199,100174,199,100266,199,100155,199,100401,199,100152,100,100407,199,100077,199,100475,199,100061,199,100497,100,100048,200,100502,100,99965,100,100583,100,99936,100,100724,100,99934,100,101004,100,99885,100
2019-06-28 09:57:20.000000000,100224,268,100174,268,100266,263,100155,263,100401,263,100152,164,100407,100,100077,100,100475,100,100061,100,100497,100,100048,200,100502,100,99965,100,100583,100,99936,100,100724,100,99934,100,101004,100,99885,100
2019-06-28 09:57:30.000000000,100224,268,100174,268,100266,263,100155,263,100401,263,100152,164,100407,100,100077,100,100475,100,100061,100,100497,100,100048,200,100502,100,99965,100,100583,100,99936,100,100724,100,99934,100,101004,100,99885,100
2019-06-28 09:57:37.264142593,100224,268,100193,100,100266,263,100174,268,100401,263,100155,263,100407,100,100152,164,100475,100,100077,100,100497,100,100061,100,100502,100,100048,200,100583,100,99965,100,100724,100,99936,100,101004,100,99934,100
2019-06-28 09:57:37.692640064,100224,268,100193,100,100266,263,100174,268,100401,263,100155,263,100407,100,100152,164,100475,100,100120,100,100497,100,100077,100,100502,100,100061,100,100583,100,100048,200,100724,100,99965,100,101004,100,99936,100
2019-06-28 09:57:40.000000000,100224,346,100193,346,100266,346,100174,346,100401,100,100155,100,100407,100,100152,1,100475,100,100120,100,100497,100,100077,100,100502,100,100061,100,100583,100,100048,200,100724,100,99965,100,101004,100,99936,100
2019-06-28 09:57:50.000000000,100224,199,100193,199,100266,199,100174,199,100401,199,100155,199,100407,199,100152,100,100475,199,100120,199,100497,100,100077,100,100502,100,100061,100,100583,100,100048,200,100724,100,99965,100,101004,100,99936,100
2019-06-28 09:58:00.000000000,100224,268,100193,268,100266,263,100174,263,100401,263,100155,263,100407,100,100152,1,100475,100,100120,100,100497,100,100077,100,100502,100,100061,100,100583,100,100048,200,100724,100,99965,100,101004,100,99936,100
2019-06-28 09:58:01.540630572,100224,268,100193,268,100266,263,100174,263,100401,263,100155,263,100407,100,100152,1,100475,100,100120,100,100497,100,100077,100,100502,100,100061,100,100724,100,100048,200,101004,100,99965,100,101053,100,99956,100
2019-06-28 09:58:10.000000000,100224,199,100193,199,100266,199,100174,199,100401,199,100155,199,100407,199,100152,100,100475,199,100120,199,100497,100,100077,100,100502,100,100061,100,100724,100,100048,200,101004,100,99965,100,101053,100,99956,100
2019-06-28 09:58:20.000000000,100224,593,100193,593,100266,100,100174,100,100401,100,100155,100,100407,100,100152,1,100475,100,100120,100,100497,100,100077,100,100502,100,100061,100,100724,100,100048,200,101004,100,99965,100,101053,100,99956,100
2019-06-28 09:58:30.000000000,100224,268,100193,268,100266,263,100174,263,100401,263,100155,263,100407,100,100152,1,100475,100,100120,100,100497,100,100077,100,100502,100,100061,100,100724,100,100048,200,101004,100,99965,100,101053,100,99956,100
2019-06-28 09:58:40.000000000,100224,268,100193,268,100266,263,100174,263,100401,263,100155,263,100407,100,100152,1,100475,100,100120,100,100497,100,100077,100,100502,100,100061,100,100724,100,100048,200,101004,100,99965,100,101053,100,99956,100
2019-06-28 09:58:50.000000000,100224,593,100193,593,100266,100,100174,100,100401,100,100155,100,100407,100,100152,1,100475,100,100120,100,100497,100,100077,100,100502,100,100061,100,100724,100,100048,200,101004,100,99965,100,101053,100,99956,100
2019-06-28 09:59:00.000000000,100224,346,100193,346,100266,346,100174,346,100401,100,100155,100,100407,100,100152,1,100475,100,100120,100,100497,100,100077,100,100502,100,100061,100,100724,100,100048,200,101004,100,99965,100,101053,100,99956,100
2019-06-28 09:59:10.000000000,100224,223,100193,223,100266,223,100174,223,100401,223,100155,223,100407,223,100152,124,100475,100,100120,100,100497,100,100077,100,100502,100,100061,100,100724,100,100048,200,101004,100,99965,100,101053,100,99956,100
2019-06-28 09:59:18.396151710,100224,223,100193,123,100266,223,100174,223,100401,223,100155,223,100407,223,100152,124,100475,100,100120,100,100497,100,100077,100,100502,100,100061,100,100724,100,100048,200,101004,100,99965,100,101053,100,99956,100
2019-06-28 09:59:19.761655583,100224,223,100193,23,100266,223,100174,223,100401,223,100155,223,100407,223,100152,124,100475,100,100120,100,100497,100,100077,100,100502,100,100061,100,100724,100,100048,200,101004,100,99965,100,101053,100,99956,100
2019-06-28 09:59:20.000000000,100224,223,100174,223,100266,223,100155,223,100401,223,100152,124,100407,223,100120,223,100475,100,100077,100,100497,100,100061,100,100502,100,100048,200,100724,100,99965,100,101004,100,99956,100,101053,100,99936,100
2019-06-28 09:59:30.000000000,100224,223,100174,223,100266,223,100155,223,100401,223,100152,124,100407,223,100120,223,100475,100,100077,100,100497,100,100061,100,100502,100,100048,200,100724,100,99965,100,101004,100,99956,100,101053,100,99936,100
2019-06-28 09:59:31.939250300,100224,223,100174,123,100266,223,100155,223,100401,223,100152,124,100407,223,100120,223,100475,100,100077,100,100497,100,100061,100,100502,100,100048,200,100724,100,99965,100,101004,100,99956,100,101053,100,99936,100
2019-06-28 09:59:40.000000000,100224,268,100155,268,100266,263,100152,164,100401,263,100120,263,100407,100,100077,100,100475,100,100061,100,100497,100,100048,200,100502,100,99965,100,100724,100,99956,100,101004,100,99936,100,101053,100,99934,100
2019-06-28 09:59:46.383372752,100224,268,100155,168,100266,263,100152,164,100401,263,100120,263,100407,100,100077,100,100475,100,100061,100,100497,100,100048,200,100724,100,99965,100,101004,100,99956,100,101053,100,99936,100,101067,100,99934,100
2019-06-28 09:59:50.000000000,100224,346,100152,247,100266,346,100120,346,100401,100,100077,100,100407,100,100061,100,100475,100,100048,200,100497,100,99965,100,100724,100,99956,100,101004,100,99936,100,101053,100,99934,100,101067,100,99885,100
2019-06-28 10:00:00.000000000,100224,593,100152,494,100266,100,100120,100,100401,100,100077,100,100407,100,100061,100,100475,100,100048,200,100497,100,99965,100,100724,100,99956,100,101004,100,99936,100,101053,100,99934,100,101067,100,99885,100
2019-06-28 10:00:01.480333057,100224,593,100152,494,100401,100,100120,100,100407,100,100077,100,100475,100,100061,100,100497,100,100048,200,100724,100,99965,100,101004,100,99956,100,101053,100,99936,100,101067,100,99934,100,101077,100,99885,100
2019-06-28 10:00:05.069534881,100174,100,100152,494,100224,593,100120,100,100401,100,100077,100,100407,100,100061,100,100475,100,100048,200,100497,100,99965,100,100724,100,99956,100,101004,100,99936,100,101053,100,99934,100,101067,100,99885,100
2019-06-28 10:00:06.419918085,100174,100,100152,494,100224,593,100120,100,100401,100,100077,100,100407,100,100061,100,100475,100,100048,200,100497,100,99965,100,100724,100,99956,100,101004,100,99936,100,101053,100,99885,100,101067,100,99859,100
2019-06-28 10:00:10.000000000,100174,268,100152,169,100224,263,100120,263,100401,263,100077,263,100407,100,100061,100,100475,100,100048,200,100497,100,99965,100,100724,100,99956,100,101004,100,99936,100,101053,100,99885,100,101067,100,99859,100
2019-06-28 10:00:14.931181423,100174,268,100152,69,100224,263,100120,263,100401,263,100077,263,100407,100,100061,100,100475,100,100048,200,100497,100,99965,100,100724,100,99956,100,101004,100,99936,100,101053,100,99885,100,101067,100,99859,100
2019-06-28 10:00:20.000000000,100174,199,100120,199,100224,199,100077,199,100401,199,100061,199,100407,199,100048,299,100475,199,99965,199,100497,100,99956,100,100724,100,99936,100,101004,100,99885,100,101053,100,99859,100,101067,100,99833,100
2019-06-28 10:00:30.000000000,100174,593,100120,593,100224,100,100077,100,100401,100,100061,100,100407,100,100048,200,100475,100,99965,100,100497,100,99956,100,100724,100,99936,100,101004,100,99885,100,101053,100,99859,100,101067,100,99833,100
2019-06-28 10:00:40.000000000,100174,593,100120,593,100224,100,100077,100,100401,100,100061,100,100407,100,100048,200,100475,100,99965,100,100497,100,99956,100,100724,100,99936,100,101004,100,99885,100,101053,100,99859,100,101067,100,99833,100
2019-06-28 10:00:40.643206962,100174,593,100120,493,100224,100,100077,100,100401,100,100061,100,100407,100,100048,200,100475,100,99965,100,100497,100,99956,100,100724,100,99936,100,101053,100,99885,100,101067,100,99859,100,101077,100,99833,100
2019-06-28 10:00:42.557907054,100174,593,100120,493,100224,100,100077,100,100401,100,100061,100,100407,100,100048,200,100475,100,99965,100,100497,100,99956,100,100724,100,99936,100,101053,100,99885,100,101067,100,99859,100,101077,100,99833,100
2019-06-28 10:00:46.584253370,100152,100,100120,493,100174,593,100077,100,100224,100,100061,100,100401,100,100048,200,100407,100,99965,100,100475,100,99956,100,100497,100,99936,100,100724,100,99885,100,101053,100,99859,100,101067,100,99833,100
2019-06-28 10:00:50.000000000,100152,346,100077,346,100174,346,100061,346,100224,100,100048,200,100401,100,99965,100,100407,100,99956,100,100475,100,99936,100,100497,100,99885,100,100724,100,99859,100,101053,100,99833,100,101067,100,99665,100
2019-06-28 10:01:00.000000000,100152,593,100077,593,100174,100,100061,100,100224,100,100048,200,100401,100,99965,100,100407,100,99956,100,100475,100,99936,100,100497,100,99885,100,100724,100,99859,100,101053,100,99833,100,101067,100,99665,100
2019-06-28 10:01:06.830755086,100152,593,100077,593,100174,100,100061,100,100224,100,100048,200,100401,100,99965,100,100407,100,99956,100,100475,100,99936,100,100497,100,99885,100,101053,100,99859,100,101067,100,99833,100,101077,100,99667,100
2019-06-28 10:01:10.000000000,100152,223,100077,223,100174,223,100061,223,100224,223,100048,323,100401,223,99965,223,100407,100,99956,100,100475,100,99936,100,100497,100,99885,100,101053,100,99859,100,101067,100,99833,100,101077,100,99667,100
2019-06-28 10:01:13.435835855,100152,323,100077,223,100174,223,100061,223,100224,223,100048,323,100401,223,99965,223,100407,100,99956,100,100475,100,99936,100,100497,100,99885,100,101053,100,99859,100,101067,100,99833,100,101077,100,99667,100
2019-06-28 10:01:20.000000000,100152,368,100077,268,100174,263,100061,263,100224,263,100048,363,100401,100,99965,100,100407,100,99956,100,100475,100,99936,100,100497,100,99885,100,101053,100,99859,100,101067,100,99833,100,101077,100,99667,100
2019-06-28 10:01:30.000000000,100152,323,100077,223,100174,223,100061,223,100224,223,100048,323,100401,223,99965,223,100407,100,99956,100,100475,100,99936,100,100497,100,99885,100,101053,100,99859,100,101067,100,99833,100,101077,100,99667,100
2019-06-28 10:01:31.093972090,100152,323,100077,123,100174,223,100061,223,100224,223,100048,323,100401,223,99965,223,100407,100,99956,100,100475,100,99936,100,100497,100,99885,100,101053,100,99859,100,101067,100,99833,100,101077,100,99667,100
2019-06-28 10:01:35.474208250,100120,100,100077,123,100152,323,100061,223,100174,223,100048,323,100224,223,99965,223,100401,223,99956,100,100407,100,99936,100,100475,100,99885,100,100497,100,99859,100,101053,100,99833,100,101067,100,99667,100
2019-06-28 10:01:40.000000000,100120,346,100061,346,100152,446,100048,446,100174,100,99965,100,100224,100,99956,100,100401,100,99936,100,100407,100,99885,100,100475,100,99859,100,100497,100,99833,100,101053,100,99667,100,101067,100,99665,100
2019-06-28 10:01:50.000000000,100120,346,100061,346,100152,446,100048,446,100174,100,99965,100,100224,100,99956,100,100401,100,99936,100,100407,100,99885,100,100475,100,99859,100,100497,100,99833,100,101053,100,99667,100,101067,100,99665,100
2019-06-28 10:01:51.164390870,100120,346,100061,246,100152,446,100048,446,100174,100,99965,100,100224,100,99956,100,100401,100,99936,100,100407,100,99885,100,100475,100,99859,100,100497,100,99833,100,101053,100,99667,100,101077,100,99665,100
2019-06-28 10:02:00.000000000,100120,268,100048,368,100152,363,99965,263,100174,263,99956,263,100224,100,99936,100,100401,100,99885,100,100407,100,99859,100,100475,100,99833,100,100497,100,99667,100,101053,100,99665,100,101077,100,99615,100
2019-06-28 10:02:02.981434283,100077,100,100048,368,100120,268,99965,263,100152,363,99956,263,100174,263,99936,100,100224,100,99885,100,100401,100,99859,100,100407,100,99833,100,100475,100,99667,100,100497,100,99665,100,101053,100,99615,100
2019-06-28 10:02:10.000000000,100077,593,100048,693,100120,100,99965,100,100152,200,99956,100,100174,100,99936,100,100224,100,99885,100,100401,100,99859,100,100407,100,99833,100,100475,100,99667,100,100497,100,99665,100,101053,100,99615,100
2019-06-28 10:02:20.000000000,100077,346,100048,446,100120,346,99965,346,100152,200,99956,100,100174,100,99936,100,100224,100,99885,100,100401,100,99859,100,100407,100,99833,100,100475,100,99667,100,100497,100,99665,100,101053,100,99615,100
2019-06-28 10:02:30.000000000,100077,593,100048,693,100120,100,99965,100,100152,200,99956,100,100174,100,99936,100,100224,100,99885,100,100401,100,99859,100,100407,100,99833,100,100475,100,99667,100,100497,100,99665,100,101053,100,99615,100
2019-06-28 10:02:35.693026457,100077,593,100048,593,100120,100,99965,100,100152,200,99956,100,100174,100,99936,100,100224,100,99885,100,100401,100,99859,100,100407,100,99833,100,100475,100,99667,100,100497,100,99665,100,101053,100,99615,100
2019-06-28 10:02:40.000000000,100077,593,100048,593,100120,100,99965,100,100152,200,99956,100,100174,100,99936,100,100224,100,99885,100,100401,100,99859,100,100407,100,99833,100,100475,100,99667,100,100497,100,99665,100,101053,100,99615,100
2019-06-28 10:02:50.000000000,100077,346,100048,346,100120,346,99965,346,100152,200,99956,100,100174,100,99936,100,100224,100,99885,100,100401,100,99859,100,100407,100,99833,100,100475,100,99667,100,100497,100,99665,100,101053,100,99615,100
2019-06-28 10:03:00.000000000,100077,268,100048,268,100120,263,99965,263,100152,363,99956,263,100174,100,99936,100,100224,100,99885,100,100401,100,99859,100,100407,100,99833,100,100475,100,99667,100,100497,100,99665,100,101053,100,99615,100
2019-06-28 10:03:10.000000000,100077,593,100048,593,100120,100,99965,100,100152,200,99956,100,100174,100,99936,100,100224,100,99885,100,100401,100,99859,100,100407,100,99833,100,100475,100,99667,100,100497,100,99665,100,101053,100,99615,100
2019-06-28 10:03:20.000000000,100077,593,100048,593,100120,100,99965,100,100152,200,99956,100,100174,100,99936,100,100224,100,99885,100,100401,100,99859,100,100407,100,99833,100,100475,100,99667,100,100497,100,99665,100,101053,100,99615,100
2019-06-28 10:03:27.565197185,100077,593,100048,593,100120,100,99965,100,100152,200,99956,100,100174,100,99936,100,100224,100,99859,100,100401,100,99833,100,100407,100,99667,100,100427,100,99665,100,100475,100,99615,100,100497,100,99535,100
2019-06-28 10:03:30.000000000,100077,593,100048,593,100120,100,99965,100,100152,200,99956,100,100174,100,99936,100,100224,100,99859,100,100401,100,99833,100,100407,100,99667,100,100427,100,99665,100,100475,100,99615,100,100497,100,99535,100
2019-06-28 10:03:40.000000000,100077,593,100048,593,100120,100,99965,100,100152,200,99956,100,100174,100,99936,100,100224,100,99859,100,100401,100,99833,100,100407,100,99667,100,100427,100,99665,100,100475,100,99615,100,100497,100,99535,100
2019-06-28 10:03:40.605182941,100067,100,100048,593,100077,593,99965,100,100120,100,99956,100,100152,200,99936,100,100174,100,99859,100,100224,100,99833,100,100401,100,99667,100,100407,100,99665,100,100427,100,99615,100,100475,100,99535,100
2019-06-28 10:03:46.900589210,100058,100,100048,593,100067,100,99965,100,100077,593,99956,100,100120,100,99936,100,100152,200,99859,100,100174,100,99833,100,100224,100,99667,100,100401,100,99665,100,100407,100,99615,100,100427,100,99535,100
2019-06-28 10:03:48.237269683,100050,100,100048,593,100058,100,99965,100,100067,100,99956,100,100077,593,99936,100,100120,100,99859,100,100152,200,99833,100,100174,100,99667,100,100224,100,99665,100,100401,100,99615,100,100407,100,99535,100
2019-06-28 10:03:50.000000000,100050,593,100048,593,100058,100,99965,100,100067,100,99956,100,100077,100,99936,100,100120,100,99859,100,100152,200,99833,100,100174,100,99667,100,100224,100,99665,100,100401,100,99615,100,100407,100,99535,100
2019-06-28 10:03:50.773151111,100050,593,100048,593,100058,100,99965,100,100061,100,99956,100,100067,100,99936,100,100077,100,99859,100,100120,100,99833,100,100152,200,99667,100,100174,100,99665,100,100224,100,99615,100,100401,100,99535,100
2019-06-28 10:04:00.000000000,100050,223,100048,223,100058,223,99965,223,100061,223,99956,223,100067,223,99936,223,100077,100,99859,100,100120,100,99833,100,100152,200,99667,100,100174,100,99665,100,100224,100,99615,100,100401,100,99535,100
2019-06-28 10:04:10.000000000,100050,268,100048,268,100058,263,99965,263,100061,263,99956,263,100067,100,99936,100,100077,100,99859,100,100120,100,99833,100,100152,200,99667,100,100174,100,99665,100,100224,100,99615,100,100401,100,99535,100
2019-06-28 10:04:19.265845902,100050,268,100048,168,100058,263,99965,263,100061,263,99956,263,100067,100,99936,100,100077,100,99859,100,100120,100,99833,100,100152,200,99667,100,100174,100,99665,100,100224,100,99615,100,100401,100,99535,100
2019-06-28 10:04:20.000000000,100050,268,99965,268,100058,263,99956,263,100061,263,99936,263,100067,100,99859,100,100077,100,99833,100,100120,100,99667,100,100152,200,99665,100,100174,100,99615,100,100224,100,99535,100,100401,100,99519,100
2019-06-28 10:04:24.516880179,100050,268,99965,268,100058,263,99956,263,100061,263,99936,263,100067,100,99833,100,100077,100,99717,100,100120,100,99667,100,100152,200,99665,100,100174,100,99615,100,100224,100,99535,100,100401,100,99519,100
2019-06-28 10:04:30.000000000,100050,223,99965,223,100058,223,99956,223,100061,223,99936,223,100067,223,99833,223,100077,100,99717,100,100120,100,99667,100,100152,200,99665,100,100174,100,99615,100,100224,100,99535,100,100401,100,99519,100
2019-06-28 10:04:32.988378072,100050,223,99965,223,100058,223,99956,223,100061,223,99936,223,100067,223,99833,223,100077,100,99717,200,100120,100,99667,100,100152,200,99665,100,100174,100,99615,100,100224,100,99535,100,100401,100,99519,100
2019-06-28 10:04:39.824477085,100050,223,99965,223,100058,223,99956,223,100061,223,99936,223,100067,223,99833,223,100077,100,99717,200,100120,100,99667,100,100152,200,99665,100,100174,100,99616,100,100401,100,99615,100,100407,100,99535,100
2019-06-28 10:04:40.000000000,100050,223,99965,223,100058,223,99956,223,100061,223,99936,223,100067,223,99833,223,100077,100,99717,200,100120,100,99667,100,100152,200,99665,100,100174,100,99616,100,100401,100,99615,100,100407,100,99535,100
2019-06-28 10:04:50.000000000,100050,199,99965,199,100058,199,99956,199,100061,199,99936,199,100067,199,99833,199,100077,199,99717,299,100120,100,99667,100,100152,200,99665,100,100174,100,99616,100,100401,100,99615,100,100407,100,99535,100
2019-06-28 10:05:00.000000000,100050,593,99965,593,100058,100,99956,100,100061,100,99936,100,100067,100,99833,100,100077,100,99717,200,100120,100,99667,100,100152,200,99665,100,100174,100,99616,100,100401,100,99615,100,100407,100,99535,100
2019-06-28 10:05:10.000000000,100050,593,99965,593,100058,100,99956,100,100061,100,99936,100,100067,100,99833,100,100077,100,99717,200,100120,100,99667,100,100152,200,99665,100,100174,100,99616,100,100401,100,99615,100,100407,100,99535,100
2019-06-28 10:05:15.672779988,100050,593,99965,593,100058,100,99956,100,100061,100,99936,100,100067,100,99833,100,100077,100,99717,200,100120,100,99667,100,100147,100,99665,100,100152,200,99616,100,100174,100,99615,100,100401,100,99535,100
2019-06-28 10:05:20.000000000,100050,199,99965,199,100058,199,99956,199,100061,199,99936,199,100067,199,99833,199,100077,199,99717,299,100120,100,99667,100,100147,100,99665,100,100152,200,99616,100,100174,100,99615,100,100401,100,99535,100
2019-06-28 10:05:24.427814089,100050,199,99965,199,100058,199,99956,199,100061,199,99936,199,100062,100,99833,199,100067,199,99717,299,100077,199,99667,100,100120,100,99665,100,100147,100,99616,100,100152,200,99615,100,100174,100,99535,100
2019-06-28 10:05:30.000000000,100050,346,99965,346,100058,346,99956,346,100061,100,99936,100,100062,100,99833,100,100067,100,99717,200,100077,100,99667,100,100120,100,99665,100,100147,100,99616,100,100152,200,99615,100,100174,100,99535,100
2019-06-28 10:05:30.019225748,100050,346,99965,346,100058,346,99956,346,100061,200,99936,100,100062,100,99833,100,100067,100,99717,200,100077,100,99667,100,100120,100,99665,100,100147,100,99616,100,100152,200,99615,100,100174,100,99535,100
2019-06-28 10:05:34.623571707,100050,346,99965,346,100058,346,99956,346,100061,300,99936,100,100062,100,99833,100,100067,100,99717,200,100077,100,99667,100,100120,100,99665,100,100147,100,99616,100,100152,100,99615,100,100174,100,99535,100
2019-06-28 10:05:40.000000000,100050,593,99965,593,100058,100,99956,100,100061,300,99936,100,100062,100,99833,100,100067,100,99717,200,100077,100,99667,100,100120,100,99665,100,100147,100,99616,100,100152,100,99615,100,100174,100,99535,100
2019-06-28 10:05:49.179684699,100050,493,99965,593,100058,100,99956,100,100061,300,99936,100,100062,100,99833,100,100067,100,99717,200,100077,100,99667,100,100120,100,99665,100,100147,100,99616,100,100152,100,99615,100,100174,100,99535,100
2019-06-28 10:05:49.684266635,100050,493,99965,593,100058,100,99956,100,100061,300,99936,100,100062,100,99833,100,100067,100,99717,200,100077,100,99667,100,100120,200,99665,100,100147,100,99616,100,100152,100,99615,100,100174,100,99535,100
2019-06-28 10:05:50.000000000,100058,593,99965,593,100061,300,99956,100,100062,100,99936,100,100067,100,99833,100,100077,100,99717,200,100120,200,99667,100,100147,100,99665,100,100152,100,99616,100,100174,100,99615,100,100401,100,99535,100
2019-06-28 10:06:00.000000000,100058,346,99965,346,100061,546,99956,346,100062,100,99936,100,100067,100,99833,100,100077,100,99717,200,100120,200,99667,100,100147,100,99665,100,100152,100,99616,100,100174,100,99615,100,100401,100,99535,100
2019-06-28 10:06:10.000000000,100058,268,99965,268,100061,463,99956,263,100062,263,99936,263,100067,100,99833,100,100077,100,99717,200,100120,200,99667,100,100147,100,99665,100,100152,100,99616,100,100174,100,99615,100,100401,100,99535,100
2019-06-28 10:06:18.989781499,100058,268,99965,268,100061,463,99956,263,100062,263,99936,263,100067,100,99833,100,100077,100,99717,200,100120,200,99667,100,100147,100,99665,100,100152,100,99648,100,100174,100,99616,100,100401,100,99615,100
2019-06-28 10:06:20.000000000,100058,223,99965,223,100061,423,99956,223,100062,223,99936,223,100067,223,99833,223,100077,100,99717,200,100120,200,99667,100,100147,100,99665,100,100152,100,99648,100,100174,100,99616,100,100401,100,99615,100
2019-06-28 10:06:30.000000000,100058,346,99965,346,100061,546,99956,346,100062,100,99936,100,100067,100,99833,100,100077,100,99717,200,100120,200,99667,100,100147,100,99665,100,100152,100,99648,100,100174,100,99616,100,100401,100,99615,100
2019-06-28 10:06:40.000000000,100058,268,99965,268,100061,463,99956,263,100062,263,99936,263,100067,100,99833,100,100077,100,99717,200,100120,200,99667,100,100147,100,99665,100,100152,100,99648,100,100174,100,99616,100,100401,100,99615,100
2019-06-28 10:06:50.000000000,100058,346,99965,346,100061,546,99956,346,100062,100,99936,100,100067,100,99833,100,100077,100,99717,200,100120,200,99667,100,100147,100,99665,100,100152,100,99648,100,100174,100,99616,100,100401,100,99615,100
2019-06-28 10:07:00.000000000,100058,223,99965,223,100061,423,99956,223,100062,223,99936,223,100067,223,99833,223,100077,100,99717,200,100120,200,99667,100,100147,100,99665,100,100152,100,99648,100,100174,100,99616,100,100401,100,99615,100
2019-06-28 10:07:10.000000000,100058,199,99965,199,100061,399,99956,199,100062,199,99936,199,100067,199,99833,199,100077,199,99717,299,100120,200,99667,100,100147,100,99665,100,100152,100,99648,100,100174,100,99616,100,100401,100,99615,100
2019-06-28 10:07:20.000000000,100058,268,99965,268,100061,463,99956,263,100062,263,99936,263,100067,100,99833,100,100077,100,99717,200,100120,200,99667,100,100147,100,99665,100,100152,100,99648,100,100174,100,99616,100,100401,100,99615,100
2019-06-28 10:07:21.769455564,100049,100,99965,268,100058,268,99956,263,100061,463,99936,263,100062,263,99833,100,100067,100,99717,200,100077,100,99667,100,100120,200,99665,100,100147,100,99648,100,100152,100,99616,100,100174,100,99615,100
2019-06-28 10:07:21.890274765,100049,100,99965,268,100058,268,99956,263,100061,463,99936,263,100062,263,99833,100,100067,100,99717,200,100077,100,99667,100,100120,200,99665,100,100147,100,99648,100,100152,100,99616,100,100174,100,99615,100
2019-06-28 10:07:28.640922923,100049,100,99965,268,100058,268,99956,263,100061,463,99936,263,100062,263,99833,100,100067,100,99717,200,100077,100,99667,100,100120,200,99665,100,100147,100,99648,100,100152,100,99616,100,100174,100,99615,100
2019-06-28 10:07:30.000000000,100049,223,99965,223,100058,223,99956,223,100061,423,99936,223,100062,223,99833,223,100067,100,99717,200,100077,100,99667,100,100120,200,99665,100,100147,100,99648,100,100152,100,99616,100,100174,100,99615,100
2019-06-28 10:07:31.049746409,99973,100,99965,223,100049,223,99956,223,100058,223,99936,223,100061,423,99833,223,100062,223,99717,100,100067,100,99667,100,100077,100,99665,100,100120,200,99648,100,100147,100,99616,100,100152,100,99615,100
2019-06-28 10:07:40.000000000,99973,268,99965,268,100049,263,99956,263,100058,263,99936,263,100061,300,99833,100,100062,100,99717,100,100067,100,99667,100,100077,100,99665,100,100120,200,99648,100,100147,100,99616,100,100152,100,99615,100
2019-06-28 10:07:50.000000000,99973,268,99965,268,100049,263,99956,263,100058,263,99936,263,100061,300,99833,100,100062,100,99717,100,100067,100,99667,100,100077,100,99665,100,100120,200,99648,100,100147,100,99616,100,100152,100,99615,100
2019-06-28 10:08:00.000000000,99973,346,99965,346,100049,346,99956,346,100058,100,99936,100,100061,300,99833,100,100062,100,99717,100,100067,100,99667,100,100077,100,99665,100,100120,200,99648,100,100147,100,99616,100,100152,100,99615,100
2019-06-28 10:08:04.743697640,99973,346,99965,346,100049,346,99956,346,100058,100,99936,100,100061,300,99843,100,100062,100,99833,100,100067,100,99717,100,100077,100,99667,100,100120,200,99665,100,100147,100,99648,100,100152,100,99616,100
2019-06-28 10:08:08.778518244,99973,346,99965,346,100041,100,99956,346,100049,346,99936,100,100058,100,99843,100,100061,300,99833,100,100062,100,99717,100,100067,100,99667,100,100077,100,99665,100,100120,200,99648,100,100147,100,99616,100
2019-06-28 10:08:10.000000000,99973,223,99965,223,100041,223,99956,223,100049,223,99936,223,100058,223,99843,223,100061,300,99833,100,100062,100,99717,100,100067,100,99667,100,100077,100,99665,100,100120,200,99648,100,100147,100,99616,100
