,ask_price_1,ask_size_1,bid_price_1,bid_size_1,ask_price_2,ask_size_2,bid_price_2,bid_size_2,ask_price_3,ask_size_3,bid_price_3,bid_size_3,ask_price_4,ask_size_4,bid_price_4,bid_size_4,ask_price_5,ask_size_5,bid_price_5,bid_size_5,ask_price_6,ask_size_6,bid_price_6,bid_size_6,ask_price_7,ask_size_7,bid_price_7,bid_size_7,ask_price_8,ask_size_8,bid_price_8,bid_size_8,ask_price_9,ask_size_9,bid_price_9,bid_size_9,ask_price_10,ask_size_10,bid_price_10,bid_size_10
2019-06-28 09:30:00.000000000,100136,100,99961,100,,,,,,,,,,,,,,,,,,,,,,,,,,,,,,,,,,,,
2019-06-28 09:30:00.000000001,100136,100,99998,100,,,99961,100,,,,,,,,,,,,,,,,,,,,,,,,,,,,,,,,
2019-06-28 09:30:00.000000002,100136,100,99961,100,,,,,,,,,,,,,,,,,,,,,,,,,,,,,,,,,,,,
2019-06-28 09:30:00.000000005,100136,100,99972,100,,,99961,100,,,99877,100,,,,,,,,,,,,,,,,,,,,,,,,,,,,
2019-06-28 09:30:00.000000006,100136,100,99972,100,,,99961,100,,,99903,100,,,99877,100,,,,,,,,,,,,,,,,,,,,,,,,
2019-06-28 09:30:00.000000007,100136,100,99972,100,,,99961,100,,,99903,100,,,99886,100,,,99877,100,,,,,,,,,,,,,,,,,,,,
2019-06-28 09:30:00.000000008,100136,100,99972,100,,,99970,100,,,99961,100,,,99903,100,,,99886,100,,,99877,100,,,99876,100,,,,,,,,,,,,
2019-06-28 09:30:00.000000011,100118,100,99972,100,100136,100,99970,100,,,99961,100,,,99903,100,,,99886,100,,,99877,100,,,99876,100,,,,,,,,,,,,
2019-06-28 09:30:00.000000012,100118,100,99972,100,100136,100,99970,100,,,99961,100,,,99903,100,,,99886,100,,,99877,100,,,99876,100,,,99843,100,,,,,,,,
2019-06-28 09:30:00.000000013,100118,100,99972,100,100136,100,99970,100,,,99961,100,,,99903,100,,,99886,100,,,99877,100,,,99876,100,,,99843,100,,,99841,100,,,,
2019-06-28 09:30:00.000000014,100118,100,99972,100,100136,100,99970,100,,,99961,100,,,99903,100,,,99886,100,,,99877,100,,,99876,100,,,99849,100,,,99843,100,,,99841,100
2019-06-28 09:30:00.000000016,100030,100,99972,100,100118,100,99970,100,100136,100,99961,100,,,99903,100,,,99886,100,,,99877,100,,,99876,100,,,99849,100,,,99843,100,,,99841,100
2019-06-28 09:30:00.000000017,100030,100,99972,100,100118,100,99970,100,100136,100,99961,100,,,99926,100,,,99903,100,,,99886,100,,,99877,100,,,99876,100,,,99849,100,,,99843,100
2019-06-28 09:30:00.000000019,100030,100,99972,100,100118,100,99970,100,100136,100,99961,100,,,99948,100,,,99926,100,,,99903,100,,,99886,100,,,99877,100,,,99876,100,,,99849,100
2019-06-28 09:30:00.000000020,100030,100,99972,100,100078,100,99970,100,100118,100,99961,100,100136,100,99948,100,,,99926,100,,,99903,100,,,99886,100,,,99877,100,,,99876,100,,,99849,100
2019-06-28 09:30:00.000000024,100030,100,99970,100,100061,100,99961,100,100078,100,99948,100,100099,100,99926,100,100118,100,99903,100,100136,100,99886,100,,,99877,100,,,99876,100,,,99849,100,,,99843,100
2019-06-28 09:30:00.000000025,100030,100,99981,100,100061,100,99970,100,100066,100,99961,100,100078,100,99948,100,100099,100,99926,100,100118,100,99903,100,100136,100,99886,100,,,99877,100,,,99876,100,,,99849,100
2019-06-28 09:30:00.000000028,99999,100,99981,100,100030,100,99970,100,100061,100,99961,100,100066,100,99954,100,100078,100,99948,100,100099,100,99926,100,100118,100,99922,100,100120,100,99903,100,100136,100,99886,100,,,99877,100
2019-06-28 09:30:00.000000031,99999,100,99981,100,100030,100,99970,100,100061,100,99961,100,100066,100,99954,100,100078,100,99948,100,100089,100,99926,100,100099,100,99922,100,100118,100,99903,100,100120,100,99886,100,100136,100,99877,100
2019-06-28 09:30:00.000000032,99999,100,99981,100,100030,100,99970,100,100061,100,99961,100,100066,100,99954,100,100078,100,99948,100,100089,100,99926,100,100099,100,99922,100,100118,100,99903,100,100120,100,99886,100,100136,100,99877,100
2019-06-28 09:30:00.000000036,99999,100,99981,100,100030,100,99970,100,100061,100,99962,100,100066,100,99961,100,100078,100,99954,100,100089,100,99948,100,100099,100,99926,100,100118,100,99922,100,100120,100,99903,100,100136,100,99886,100
2019-06-28 09:30:00.000000037,99999,100,99981,100,100030,100,99970,100,100061,100,99962,100,100065,100,99961,100,100066,100,99954,100,100078,100,99948,100,100089,100,99926,100,100099,100,99922,100,100118,100,99903,100,100120,100,99886,100
2019-06-28 09:30:00.000000040,100030,100,99981,100,100061,100,99970,100,100065,100,99962,100,100066,100,99961,100,100078,100,99954,100,100089,100,99948,100,100099,100,99926,100,100118,100,99922,100,100120,100,99903,100,100136,100,99886,100
2019-06-28 09:30:00.000000041,100030,100,99981,100,100061,100,99970,100,100065,100,99962,100,100066,100,99961,100,100078,100,99954,100,100089,100,99948,100,100099,100,99926,100,100118,100,99922,100,100120,100,99903,100,100136,100,99886,100
2019-06-28 09:30:00.000000042,100030,100,99981,100,100061,100,99970,100,100064,100,99962,100,100065,100,99961,100,100066,100,99954,100,100078,100,99948,100,100089,100,99926,100,100099,100,99922,100,100118,100,99903,100,100120,100,99886,100
2019-06-28 09:30:00.000000047,100030,100,99981,100,100061,100,99972,100,100064,100,99970,100,100065,100,99962,100,100066,100,99961,100,100078,100,99954,100,100089,100,99948,100,100099,100,99926,100,100118,100,99922,100,100120,100,99903,100
2019-06-28 09:30:00.000000050,100030,100,99981,100,100061,100,99972,100,100064,100,99970,100,100065,100,99962,100,100066,100,99961,100,100078,100,99954,100,100086,100,99948,100,100089,100,99926,100,100099,100,99922,100,100118,100,99903,100
2019-06-28 09:30:00.000000054,100030,100,99981,100,100061,100,99972,100,100064,100,99970,100,100065,100,99962,100,100066,100,99961,100,100078,100,99954,100,100086,100,99948,100,100089,100,99926,100,100099,100,99922,100,100105,100,99903,100
2019-06-28 09:30:00.000000059,100030,100,99981,100,100061,100,99972,100,100064,100,99970,100,100065,100,99962,100,100066,100,99961,100,100078,100,99954,100,100086,100,99948,100,100089,100,99926,100,100099,100,99922,100,100105,100,99903,100
2019-06-28 09:30:00.000000060,100024,100,99981,100,100030,100,99972,100,100061,100,99970,100,100064,100,99962,100,100065,100,99961,100,100066,100,99954,100,100078,100,99948,100,100086,100,99926,100,100089,100,99922,100,100099,100,99903,100
2019-06-28 09:30:00.000000061,100024,100,99981,100,100030,100,99972,100,100061,100,99970,100,100064,100,99962,100,100065,100,99961,100,100066,100,99954,100,100078,100,99948,100,100086,100,99926,100,100089,100,99922,100,100099,100,99903,100
2019-06-28 09:30:00.000000062,100024,100,99982,100,100030,100,99981,100,100061,100,99972,100,100064,100,99970,100,100065,100,99962,100,100066,100,99961,100,100078,100,99954,100,100086,100,99948,100,100089,100,99926,100,100099,100,99922,100
2019-06-28 09:30:00.000000063,99999,100,99982,100,100024,100,99981,100,100030,100,99972,100,100061,100,99970,100,100064,100,99962,100,100065,100,99961,100,100066,100,99954,100,100078,100,99948,100,100086,100,99926,100,100089,100,99922,100
2019-06-28 09:30:00.000000064,99999,200,99982,100,100024,100,99981,100,100030,100,99972,200,100061,100,99970,100,100064,100,99962,100,100065,100,99961,100,100066,100,99954,100,100078,100,99948,100,100086,100,99926,100,100089,100,99922,100
2019-06-28 09:30:00.000000065,99999,200,99982,100,100024,100,99981,100,100030,100,99972,200,100061,100,99970,100,100064,100,99962,100,100065,100,99961,100,100066,100,99954,100,100078,100,99948,100,100086,100,99926,100,100089,100,99922,100
2019-06-28 09:30:00.000000066,99999,200,99982,100,100024,100,99981,100,100030,100,99972,200,100061,100,99970,100,100064,100,99962,100,100065,100,99961,100,100066,100,99954,100,100078,100,99948,100,100086,100,99942,100,100089,100,99926,100
2019-06-28 09:30:00.000000067,99999,200,99982,200,100024,100,99981,100,100030,100,99972,200,100061,100,99970,100,100064,100,99962,100,100065,100,99961,100,100066,100,99954,100,100078,100,99948,100,100086,100,99942,100,100089,100,99926,100
2019-06-28 09:30:00.000000068,99999,200,99982,300,100024,100,99981,100,100030,100,99972,200,100061,100,99970,100,100064,100,99962,100,100065,100,99961,100,100066,100,99954,100,100078,100,99948,100,100086,100,99942,100,100089,100,99926,100
2019-06-28 09:30:00.000000072,99999,200,99982,300,100024,100,99981,100,100030,100,99972,200,100061,100,99970,100,100064,100,99962,100,100065,100,99961,100,100066,100,99954,100,100078,100,99948,100,100086,100,99942,100,100089,100,99926,100
2019-06-28 09:30:00.000000077,99999,200,99982,300,100024,100,99981,100,100030,100,99972,200,100061,100,99970,100,100064,100,99962,100,100065,100,99961,100,100066,100,99954,100,100078,100,99948,100,100086,100,99942,100,100089,100,99926,100
2019-06-28 09:30:00.000000078,99999,200,99982,300,100024,100,99981,100,100030,100,99972,200,100061,100,99970,100,100064,100,99962,100,100065,100,99961,100,100066,100,99954,100,100078,100,99948,100,100086,100,99942,100,100089,100,99926,100
2019-06-28 09:30:00.000000082,99999,300,99982,300,100024,100,99981,100,100030,100,99972,200,100061,100,99970,100,100064,100,99962,100,100065,100,99961,100,100066,100,99954,100,100078,100,99948,100,100086,100,99942,100,100089,100,99926,100
2019-06-28 09:30:00.000000083,99999,300,99982,400,100024,100,99981,100,100030,100,99972,200,100061,100,99970,100,100064,100,99962,100,100065,100,99961,100,100066,100,99954,100,100078,100,99948,100,100086,100,99942,100,100089,100,99926,100
2019-06-28 09:30:00.000000085,99983,100,99982,400,99999,300,99981,100,100024,100,99972,200,100030,100,99970,100,100061,100,99962,100,100064,100,99961,100,100065,100,99954,100,100066,100,99948,100,100078,100,99942,100,100086,100,99926,100
2019-06-28 09:30:00.000000087,99999,300,99982,400,100024,100,99981,100,100030,100,99972,200,100061,100,99970,100,100064,100,99962,100,100065,100,99961,100,100066,100,99954,100,100078,100,99948,100,100086,100,99945,100,100089,100,99942,100
2019-06-28 09:30:00.000000088,99999,300,99982,400,100024,100,99981,100,100030,100,99972,200,100061,100,99970,100,100064,100,99962,100,100065,100,99961,100,100066,100,99954,100,100078,100,99948,100,100086,100,99945,100,100089,100,99942,100
2019-06-28 09:30:00.000000089,99999,200,99982,400,100024,100,99981,100,100030,100,99972,200,100061,100,99970,100,100064,100,99962,100,100065,100,99961,100,100066,100,99954,100,100078,100,99953,100,100086,100,99948,100,100089,100,99945,100
2019-06-28 09:30:00.000000091,99999,200,99983,100,100024,100,99982,400,100030,100,99981,100,100061,100,99972,200,100064,100,99970,100,100065,100,99962,100,100066,100,99961,100,100078,100,99954,100,100086,100,99953,100,100089,100,99948,100
2019-06-28 09:30:00.000000093,99999,200,99983,100,100024,100,99982,400,100030,100,99981,100,100061,100,99972,200,100064,100,99970,100,100065,100,99962,100,100066,100,99961,100,100078,100,99954,100,100086,100,99953,100,100089,100,99948,100
2019-06-28 09:30:00.000000098,99999,200,99983,200,100024,100,99982,400,100030,100,99981,100,100061,100,99972,200,100064,100,99970,100,100065,100,99962,100,100066,100,99961,100,100078,100,99954,100,100086,100,99953,100,100089,100,99948,100
2019-06-28 09:30:00.000000099,99999,200,99983,200,100024,100,99982,400,100030,100,99981,100,100061,100,99972,200,100064,100,99970,100,100065,100,99962,100,100066,100,99961,100,100078,100,99954,100,100085,100,99953,100,100086,100,99948,100
2019-06-28 09:30:10.000000000,99999,415,99983,415,100024,315,99982,615,100030,100,99981,100,100061,100,99972,200,100064,100,99970,100,100065,100,99962,100,100066,100,99961,100,100078,100,99954,100,100085,100,99953,100,100086,100,99948,100
2019-06-28 09:30:20.000000000,99999,286,99983,286,100024,186,99982,486,100030,186,99981,186,100061,186,99972,286,100064,186,99970,186,100065,100,99962,100,100066,100,99961,100,100078,100,99954,100,100085,100,99953,100,100086,100,99948,100
2019-06-28 09:30:21.207684458,99999,286,99983,286,100024,186,99982,486,100030,186,99981,186,100061,186,99972,286,100064,186,99970,186,100065,100,99962,100,100066,100,99961,100,100078,100,99954,100,100085,100,99953,100,100086,100,99948,100
2019-06-28 09:30:26.178096933,99999,286,99983,286,100024,186,99982,486,100030,186,99981,186,100061,186,99972,286,100064,186,99970,186,100065,100,99962,100,100066,100,99961,100,100078,100,99954,100,100085,100,99953,100,100086,100,99948,100
2019-06-28 09:30:30.000000000,99999,415,99983,415,100024,315,99982,615,100030,100,99981,100,100061,100,99972,200,100064,100,99970,100,100065,100,99962,100,100066,100,99961,100,100078,100,99954,100,100085,100,99953,100,100086,100,99948,100
2019-06-28 09:30:38.208747335,99999,415,99983,415,100024,315,99982,615,100030,100,99981,100,100061,100,99972,200,100064,100,99970,100,100065,100,99962,100,100066,100,99961,100,100078,100,99954,100,100085,100,99953,100,100089,100,99948,100
2019-06-28 09:30:40.000000000,99999,308,99983,308,100024,208,99982,508,100030,208,99981,208,100061,208,99972,308,100064,100,99970,100,100065,100,99962,100,100066,100,99961,100,100078,100,99954,100,100085,100,99953,100,100089,100,99948,100
2019-06-28 09:30:50.000000000,99999,415,99983,415,100024,315,99982,615,100030,100,99981,100,100061,100,99972,200,100064,100,99970,100,100065,100,99962,100,100066,100,99961,100,100078,100,99954,100,100085,100,99953,100,100089,100,99948,100
2019-06-28 09:31:00.000000000,99999,415,99983,415,100024,315,99982,615,100030,100,99981,100,100061,100,99972,200,100064,100,99970,100,100065,100,99962,100,100066,100,99961,100,100078,100,99954,100,100085,100,99953,100,100089,100,99948,100
2019-06-28 09:31:05.863834294,99999,415,99983,415,100024,315,99982,615,100030,100,99981,100,100061,100,99972,200,100064,100,99970,100,100065,100,99962,100,100066,100,99961,100,100078,100,99954,100,100085,100,99953,100,100089,100,99948,100
2019-06-28 09:31:10.000000000,99999,415,99983,415,100024,315,99982,615,100030,100,99981,100,100061,100,99972,200,100064,100,99970,100,100065,100,99962,100,100066,100,99961,100,100078,100,99954,100,100085,100,99953,100,100089,100,99948,100
2019-06-28 09:31:20.000000000,99999,630,99983,630,100024,100,99982,400,100030,100,99981,100,100061,100,99972,200,100064,100,99970,100,100065,100,99962,100,100066,100,99961,100,100078,100,99954,100,100085,100,99953,100,100089,100,99948,100
2019-06-28 09:31:26.876506288,99999,630,99983,630,100024,100,99982,400,100030,100,99981,100,100061,100,99972,200,100064,100,99970,100,100065,100,99962,100,100078,100,99961,100,100085,100,99954,100,100089,100,99953,100,100099,100,99948,100
2019-06-28 09:31:30.000000000,99999,308,99983,308,100024,208,99982,508,100030,208,99981,208,100061,208,99972,308,100064,100,99970,100,100065,100,99962,100,100078,100,99961,100,100085,100,99954,100,100089,100,99953,100,100099,100,99948,100
2019-06-28 09:31:40.000000000,99999,308,99983,308,100024,208,99982,508,100030,208,99981,208,100061,208,99972,308,100064,100,99970,100,100065,100,99962,100,100078,100,99961,100,100085,100,99954,100,100089,100,99953,100,100099,100,99948,100
2019-06-28 09:31:47.155665432,99999,308,99983,308,100024,208,99982,408,100030,208,99981,208,100061,208,99972,308,100064,100,99970,100,100065,100,99962,100,100078,100,99961,100,100085,100,99954,100,100089,100,99953,100,100099,100,99948,100
2019-06-28 09:31:50.000000000,99999,286,99983,286,100024,186,99982,386,100030,186,99981,186,100061,186,99972,286,100064,186,99970,186,100065,100,99962,100,100078,100,99961,100,100085,100,99954,100,100089,100,99953,100,100099,100,99948,100
2019-06-28 09:32:00.000000000,99999,308,99983,308,100024,208,99982,408,100030,208,99981,208,100061,208,99972,308,100064,100,99970,100,100065,100,99962,100,100078,100,99961,100,100085,100,99954,100,100089,100,99953,100,100099,100,99948,100
2019-06-28 09:32:09.852985665,99999,308,99983,308,100024,208,99982,408,100030,208,99981,208,100061,208,99972,308,100064,100,99970,100,100065,100,99962,100,100078,100,99961,100,100085,100,99954,100,100089,100,99953,100,100099,100,99948,100
2019-06-28 09:32:10.000000000,99999,286,99983,286,100024,186,99982,386,100030,186,99981,186,100061,186,99972,286,100064,186,99970,186,100065,100,99962,100,100078,100,99961,100,100085,100,99954,100,100089,100,99953,100,100099,100,99948,100
2019-06-28 09:32:20.000000000,99999,630,99983,630,100024,100,99982,300,100030,100,99981,100,100061,100,99972,200,100064,100,99970,100,100065,100,99962,100,100078,100,99961,100,100085,100,99954,100,100089,100,99953,100,100099,100,99948,100
2019-06-28 09:32:30.000000000,99999,346,99983,346,100024,242,99982,442,100030,242,99981,242,100061,100,99972,200,100064,100,99970,100,100065,100,99962,100,100078,100,99961,100,100085,100,99954,100,100089,100,99953,100,100099,100,99948,100
2019-06-28 09:32:40.000000000,99999,346,99983,346,100024,242,99982,442,100030,242,99981,242,100061,100,99972,200,100064,100,99970,100,100065,100,99962,100,100078,100,99961,100,100085,100,99954,100,100089,100,99953,100,100099,100,99948,100
2019-06-28 09:32:42.987083688,99999,346,99983,246,100024,242,99982,442,100030,242,99981,242,100061,100,99972,200,100064,100,99970,100,100065,100,99962,100,100078,100,99961,100,100085,100,99954,100,100089,100,99953,100,100099,100,99948,100
2019-06-28 09:32:50.000000000,99999,415,99983,315,100024,315,99982,515,100030,100,99981,100,100061,100,99972,200,100064,100,99970,100,100065,100,99962,100,100078,100,99961,100,100085,100,99954,100,100089,100,99953,100,100099,100,99948,100
2019-06-28 09:32:53.214296795,99999,315,99983,415,100024,315,99982,515,100030,100,99981,100,100061,100,99972,200,100064,100,99970,100,100065,100,99962,100,100078,100,99961,100,100085,100,99954,100,100089,100,99953,100,100099,100,99948,100
2019-06-28 09:32:55.716529436,99999,315,99983,415,100024,315,99982,515,100030,100,99981,100,100061,100,99972,200,100064,100,99970,100,100065,100,99962,100,100078,100,99961,100,100085,100,99954,100,100099,100,99953,100,100103,100,99948,100
2019-06-28 09:32:58.406180733,99999,315,99983,415,100024,315,99982,515,100030,100,99981,100,100064,100,99972,200,100065,100,99970,100,100078,100,99962,100,100085,100,99961,100,100099,100,99954,100,100103,100,99953,100,100105,100,99948,100
2019-06-28 09:33:00.000000000,99999,208,99983,308,100024,208,99982,408,100030,208,99981,208,100064,208,99972,308,100065,100,99970,100,100078,100,99962,100,100085,100,99961,100,100099,100,99954,100,100103,100,99953,100,100105,100,99948,100
2019-06-28 09:33:08.708429744,99999,208,99983,308,100024,208,99982,408,100030,208,99981,208,100064,208,99972,308,100065,100,99970,100,100078,100,99962,100,100085,100,99961,100,100099,100,99954,100,100103,100,99953,100,100105,100,99948,100
2019-06-28 09:33:10.000000000,99999,315,99983,415,100024,315,99982,515,100030,100,99981,100,100064,100,99972,200,100065,100,99970,100,100078,100,99962,100,100085,100,99961,100,100099,100,99954,100,100103,100,99953,100,100105,100,99948,100
2019-06-28 09:33:20.000000000,99999,246,99983,346,100024,242,99982,442,100030,242,99981,242,100064,100,99972,200,100065,100,99970,100,100078,100,99962,100,100085,100,99961,100,100099,100,99954,100,100103,100,99953,100,100105,100,99948,100
2019-06-28 09:33:30.000000000,99999,315,99983,415,100024,315,99982,515,100030,100,99981,100,100064,100,99972,200,100065,100,99970,100,100078,100,99962,100,100085,100,99961,100,100099,100,99954,100,100103,100,99953,100,100105,100,99948,100
2019-06-28 09:33:40.000000000,99999,186,99983,286,100024,186,99982,386,100030,186,99981,186,100064,186,99972,286,100065,186,99970,186,100078,100,99962,100,100085,100,99961,100,100099,100,99954,100,100103,100,99953,100,100105,100,99948,100
2019-06-28 09:33:50.000000000,99999,315,99983,415,100024,315,99982,515,100030,100,99981,100,100064,100,99972,200,100065,100,99970,100,100078,100,99962,100,100085,100,99961,100,100099,100,99954,100,100103,100,99953,100,100105,100,99948,100
2019-06-28 09:34:00.000000000,99999,315,99983,415,100024,315,99982,515,100030,100,99981,100,100064,100,99972,200,100065,100,99970,100,100078,100,99962,100,100085,100,99961,100,100099,100,99954,100,100103,100,99953,100,100105,100,99948,100
2019-06-28 09:34:08.241494404,99999,315,99983,415,100024,315,99982,515,100030,100,99981,100,100064,100,99972,200,100065,100,99970,100,100078,100,99962,100,100085,100,99961,100,100099,100,99954,100,100103,100,99953,100,100105,100,99948,100
2019-06-28 09:34:10.000000000,99999,186,99983,286,100024,186,99982,386,100030,186,99981,186,100064,186,99972,286,100065,186,99970,186,100078,100,99962,100,100085,100,99961,100,100099,100,99954,100,100103,100,99953,100,100105,100,99948,100
2019-06-28 09:34:18.002310919,99999,186,99983,286,100024,186,99982,386,100030,186,99981,186,100064,186,99972,286,100065,186,99970,186,100078,100,99962,100,100085,100,99961,100,100099,100,99954,100,100103,100,99953,100,100105,100,99948,100
2019-06-28 09:34:20.000000000,99999,530,99983,630,100024,100,99982,300,100030,100,99981,100,100064,100,99972,200,100065,100,99970,100,100078,100,99962,100,100085,100,99961,100,100099,100,99954,100,100103,100,99953,100,100105,100,99948,100
2019-06-28 09:34:30.000000000,99999,186,99983,286,100024,186,99982,386,100030,186,99981,186,100064,186,99972,286,100065,186,99970,186,100078,100,99962,100,100085,100,99961,100,100099,100,99954,100,100103,100,99953,100,100105,100,99948,100
2019-06-28 09:34:40.000000000,99999,186,99983,286,100024,186,99982,386,100030,186,99981,186,100064,186,99972,286,100065,186,99970,186,100078,100,99962,100,100085,100,99961,100,100099,100,99954,100,100103,100,99953,100,100105,100,99948,100
2019-06-28 09:34:48.646146236,99999,186,99983,286,100024,186,99982,386,100030,186,99981,186,100064,186,99972,286,100065,186,99970,186,100078,100,99962,100,100085,100,99961,100,100099,100,99954,100,100103,100,99953,100,100105,100,99948,100
2019-06-28 09:34:50.000000000,99999,315,99983,415,100024,315,99982,515,100030,100,99981,100,100064,100,99972,200,100065,100,99970,100,100078,100,99962,100,100085,100,99961,100,100099,100,99954,100,100103,100,99953,100,100105,100,99948,100
2019-06-28 09:35:00.000000000,99999,186,99983,286,100024,186,99982,386,100030,186,99981,186,100064,186,99972,286,100065,186,99970,186,100078,100,99962,100,100085,100,99961,100,100099,100,99954,100,100103,100,99953,100,100105,100,99948,100
2019-06-28 09:35:02.350607575,99999,86,99983,286,100024,186,99982,386,100030,186,99981,186,100064,186,99972,286,100065,186,99970,186,100078,100,99962,100,100085,100,99961,100,100099,100,99954,100,100103,100,99953,100,100105,100,99948,100
2019-06-28 09:35:05.488708496,99999,86,99983,286,100024,186,99982,386,100030,186,99981,186,100064,186,99972,286,100065,186,99970,86,100078,100,99962,100,100085,100,99961,100,100099,100,99954,100,100103,100,99953,100,100105,100,99948,100
2019-06-28 09:35:10.000000000,100024,208,99983,308,100030,208,99982,408,100064,208,99981,208,100065,208,99972,308,100078,100,99962,100,100085,100,99961,100,100099,100,99954,100,100103,100,99953,100,100105,100,99948,100,100118,100,99942,100
2019-06-28 09:35:13.378060851,100024,208,99983,308,100030,208,99982,408,100064,208,99981,208,100065,208,99972,308,100078,100,99962,100,100085,100,99961,100,100099,100,99954,100,100103,100,99953,100,100105,100,99948,100,100118,100,99942,100
2019-06-28 09:35:20.000000000,100024,530,99983,630,100030,100,99982,300,100064,100,99981,100,100065,100,99972,200,100078,100,99962,100,100085,100,99961,100,100099,100,99954,100,100103,100,99953,100,100105,100,99948,100,100118,100,99942,100
2019-06-28 09:35:23.986528859,100024,530,99983,630,100030,100,99982,300,100064,100,99981,100,100065,100,99972,200,100078,100,99962,100,100085,100,99961,100,100099,100,99954,100,100103,100,99953,100,100105,100,99948,100,100136,100,99942,100
2019-06-28 09:35:30.000000000,100024,315,99983,415,100030,315,99982,515,100064,100,99981,100,100065,100,99972,200,100078,100,99962,100,100085,100,99961,100,100099,100,99954,100,100103,100,99953,100,100105,100,99948,100,100136,100,99942,100
2019-06-28 09:35:31.521997756,100024,315,99983,415,100030,315,99982,515,100064,100,99981,100,100065,100,99972,200,100078,100,99961,100,100085,100,99954,100,100099,100,99953,100,100103,100,99948,100,100105,100,99942,100,100136,100,99926,100
2019-06-28 09:35:40.000000000,100024,315,99983,415,100030,315,99982,515,100064,100,99981,100,100065,100,99972,200,100078,100,99961,100,100085,100,99954,100,100099,100,99953,100,100103,100,99948,100,100105,100,99942,100,100136,100,99926,100
2019-06-28 09:35:50.000000000,100024,186,99983,286,100030,186,99982,386,100064,186,99981,186,100065,186,99972,286,100078,186,99961,186,100085,100,99954,100,100099,100,99953,100,100103,100,99948,100,100105,100,99942,100,100136,100,99926,100
2019-06-28 09:36:00.000000000,100024,530,99983,630,100030,100,99982,300,100064,100,99981,100,100065,100,99972,200,100078,100,99961,100,100085,100,99954,100,100099,100,99953,100,100103,100,99948,100,100105,100,99942,100,100136,100,99926,100
2019-06-28 09:36:00.707200024,100024,530,99983,630,100030,100,99982,300,100064,100,99981,100,100065,100,99972,200,100078,100,99961,100,100085,100,99954,100,100099,100,99953,100,100103,100,99948,100,100105,100,99942,100,100136,100,99926,100
2019-06-28 09:36:04.276296201,100024,430,99983,630,100030,100,99982,300,100064,100,99981,100,100065,100,99972,200,100078,100,99961,100,100085,100,99954,100,100099,100,99953,100,100103,100,99948,100,100105,100,99942,100,100136,100,99926,100
2019-06-28 09:36:10.000000000,100030,246,99983,346,100064,242,99982,442,100065,242,99981,242,100078,100,99972,200,100085,100,99961,100,100099,100,99954,100,100103,100,99953,100,100105,100,99948,100,100136,100,99942,100,100138,100,99926,100
2019-06-28 09:36:20.000000000,100030,530,99983,630,100064,100,99982,300,100065,100,99981,100,100078,100,99972,200,100085,100,99961,100,100099,100,99954,100,100103,100,99953,100,100105,100,99948,100,100136,100,99942,100,100138,100,99926,100
2019-06-28 09:36:28.753517896,100030,530,99999,100,100064,100,99983,630,100065,100,99982,300,100078,100,99981,100,100085,100,99972,200,100099,100,99961,100,100103,100,99954,100,100105,100,99953,100,100136,100,99948,100,100138,100,99942,100
2019-06-28 09:36:30.000000000,100030,246,99999,246,100064,242,99983,342,100065,242,99982,442,100078,100,99981,100,100085,100,99972,200,100099,100,99961,100,100103,100,99954,100,100105,100,99953,100,100136,100,99948,100,100138,100,99942,100
2019-06-28 09:36:37.217313911,100030,146,99999,246,100064,242,99983,342,100065,242,99982,442,100078,100,99981,100,100085,100,99972,200,100099,100,99961,100,100103,100,99954,100,100105,100,99953,100,100136,100,99948,100,100138,100,99942,100
2019-06-28 09:36:40.000000000,100064,530,99999,530,100065,100,99983,200,100078,100,99982,300,100085,100,99981,100,100099,100,99972,200,100103,100,99961,100,100105,100,99954,100,100136,100,99953,100,100138,100,99948,100,100140,100,99942,100
2019-06-28 09:36:42.635971890,100064,530,99999,530,100065,100,99983,200,100078,100,99982,300,100085,100,99981,100,100099,100,99972,200,100103,100,99961,100,100105,100,99954,100,100136,100,99953,100,100138,100,99948,100,100140,100,99942,100
2019-06-28 09:36:50.000000000,100064,246,99999,246,100065,242,99983,342,100078,242,99982,442,100085,100,99981,100,100099,100,99972,200,100103,100,99961,100,100105,100,99954,100,100136,100,99953,100,100138,100,99948,100,100140,100,99942,100
2019-06-28 09:37:00.000000000,100064,208,99999,208,100065,208,99983,308,100078,208,99982,408,100085,208,99981,208,100099,100,99972,200,100103,100,99961,100,100105,100,99954,100,100136,100,99953,100,100138,100,99948,100,100140,100,99942,100
2019-06-28 09:37:10.000000000,100064,530,99999,530,100065,100,99983,200,100078,100,99982,300,100085,100,99981,100,100099,100,99972,200,100103,100,99961,100,100105,100,99954,100,100136,100,99953,100,100138,100,99948,100,100140,100,99942,100
2019-06-28 09:37:12.460782151,100064,530,100024,100,100065,100,99999,530,100078,100,99983,200,100085,100,99982,300,100099,100,99981,100,100103,100,99972,200,100105,100,99961,100,100136,100,99954,100,100138,100,99953,100,100140,100,99948,100
2019-06-28 09:37:20.000000000,100064,186,100024,186,100065,186,99999,186,100078,186,99983,286,100085,186,99982,386,100099,186,99981,186,100103,100,99972,200,100105,100,99961,100,100136,100,99954,100,100138,100,99953,100,100140,100,99948,100
2019-06-28 09:37:30.000000000,100064,208,100024,208,100065,208,99999,208,100078,208,99983,308,100085,208,99982,408,100099,100,99981,100,100103,100,99972,200,100105,100,99961,100,100136,100,99954,100,100138,100,99953,100,100140,100,99948,100
2019-06-28 09:37:40.000000000,100064,246,100024,246,100065,242,99999,242,100078,242,99983,342,100085,100,99982,300,100099,100,99981,100,100103,100,99972,200,100105,100,99961,100,100136,100,99954,100,100138,100,99953,100,100140,100,99948,100
2019-06-28 09:37:50.000000000,100064,530,100024,530,100065,100,99999,100,100078,100,99983,200,100085,100,99982,300,100099,100,99981,100,100103,100,99972,200,100105,100,99961,100,100136,100,99954,100,100138,100,99953,100,100140,100,99948,100
2019-06-28 09:38:00.000000000,100064,208,100024,208,100065,208,99999,208,100078,208,99983,308,100085,208,99982,408,100099,100,99981,100,100103,100,99972,200,100105,100,99961,100,100136,100,99954,100,100138,100,99953,100,100140,100,99948,100
2019-06-28 09:38:10.000000000,100064,208,100024,208,100065,208,99999,208,100078,208,99983,308,100085,208,99982,408,100099,100,99981,100,100103,100,99972,200,100105,100,99961,100,100136,100,99954,100,100138,100,99953,100,100140,100,99948,100
2019-06-28 09:38:18.917471553,100064,208,100024,308,100065,208,99999,208,100078,208,99983,308,100085,208,99982,408,100099,100,99981,100,100103,100,99972,200,100105,100,99961,100,100136,100,99954,100,100138,100,99953,100,100140,100,99948,100
2019-06-28 09:38:19.672142810,100064,208,100024,308,100065,208,99999,208,100078,208,99983,308,100085,208,99982,408,100099,100,99981,100,100103,100,99972,100,100105,100,99961,100,100136,100,99954,100,100138,100,99953,100,100140,100,99948,100
2019-06-28 09:38:20.000000000,100064,246,100024,346,100065,242,99999,242,100078,242,99983,342,100085,100,99982,300,100099,100,99981,100,100103,100,99972,100,100105,100,99961,100,100136,100,99954,100,100138,100,99953,100,100140,100,99948,100
2019-06-28 09:38:22.159346917,100064,246,100024,446,100065,242,99999,242,100078,242,99983,342,100085,100,99982,300,100099,100,99981,100,100103,100,99972,100,100105,100,99961,100,100136,100,99954,100,100138,100,99953,100,100140,100,99948,100
2019-06-28 09:38:30.000000000,100064,315,100024,515,100065,315,99999,315,100078,100,99983,200,100085,100,99982,300,100099,100,99981,100,100103,100,99972,100,100105,100,99961,100,100136,100,99954,100,100138,100,99953,100,100140,100,99948,100
2019-06-28 09:38:40.000000000,100064,246,100024,446,100065,242,99999,242,100078,242,99983,342,100085,100,99982,300,100099,100,99981,100,100103,100,99972,100,100105,100,99961,100,100136,100,99954,100,100138,100,99953,100,100140,100,99948,100
2019-06-28 09:38:50.000000000,100064,208,100024,408,100065,208,99999,208,100078,208,99983,308,100085,208,99982,408,100099,100,99981,100,100103,100,99972,100,100105,100,99961,100,100136,100,99954,100,100138,100,99953,100,100140,100,99948,100
2019-06-28 09:38:57.320186451,100064,208,100024,308,100065,208,99999,208,100078,208,99983,308,100085,208,99982,408,100099,100,99981,100,100103,100,99961,100,100105,100,99954,100,100136,100,99953,100,100138,100,99948,100,100140,100,99942,100
2019-06-28 09:39:00.000000000,100064,208,100024,308,100065,208,99999,208,100078,208,99983,308,100085,208,99982,408,100099,100,99981,100,100103,100,99961,100,100105,100,99954,100,100136,100,99953,100,100138,100,99948,100,100140,100,99942,100
2019-06-28 09:39:02.331960527,100064,208,100024,308,100065,208,99999,208,100078,208,99983,308,100085,208,99982,408,100099,100,99981,100,100103,100,99961,100,100105,100,99954,100,100136,100,99953,100,100138,100,99948,100,100140,100,99942,100
2019-06-28 09:39:08.620860065,100064,208,100024,308,100065,208,99999,208,100078,208,99983,308,100085,208,99982,408,100099,100,99981,100,100103,100,99961,100,100105,100,99954,100,100136,100,99953,100,100138,100,99948,100,100140,100,99926,100
2019-06-28 09:39:10.000000000,100064,208,100024,308,100065,208,99999,208,100078,208,99983,308,100085,208,99982,408,100099,100,99981,100,100103,100,99961,100,100105,100,99954,100,100136,100,99953,100,100138,100,99948,100,100140,100,99926,100
2019-06-28 09:39:17.520714662,100064,208,100024,308,100065,208,99999,208,100075,100,99983,308,100078,208,99982,408,100085,208,99981,100,100099,100,99961,100,100103,100,99954,100,100105,100,99953,100,100136,100,99948,100,100138,100,99924,100
2019-06-28 09:39:20.000000000,100064,186,100024,286,100065,186,99999,186,100075,186,99983,286,100078,186,99982,386,100085,186,99981,186,100099,100,99961,100,100103,100,99954,100,100105,100,99953,100,100136,100,99948,100,100138,100,99924,100
2019-06-28 09:39:22.690215452,100064,186,100024,186,100065,186,99999,186,100075,186,99983,286,100078,186,99982,386,100085,186,99981,186,100099,100,99961,100,100103,100,99954,100,100105,100,99953,100,100136,100,99948,100,100138,100,99924,100
2019-06-28 09:39:27.063283814,100064,86,100024,186,100065,186,100008,100,100075,186,99999,186,100078,186,99983,286,100085,186,99982,386,100099,100,99981,186,100103,100,99961,100,100105,100,99954,100,100136,100,99953,100,100138,100,99948,100
2019-06-28 09:39:30.000000000,100065,315,100024,315,100075,315,100008,315,100078,100,99999,100,100085,100,99983,200,100099,100,99982,300,100103,100,99981,100,100105,100,99961,100,100136,100,99954,100,100138,100,99953,100,100140,100,99948,100
2019-06-28 09:39:40.000000000,100065,208,100024,208,100075,208,100008,208,100078,208,99999,208,100085,208,99983,308,100099,100,99982,300,100103,100,99981,100,100105,100,99961,100,100136,100,99954,100,100138,100,99953,100,100140,100,99948,100
2019-06-28 09:39:50.000000000,100065,246,100024,246,100075,242,100008,242,100078,242,99999,242,100085,100,99983,200,100099,100,99982,300,100103,100,99981,100,100105,100,99961,100,100136,100,99954,100,100138,100,99953,100,100140,100,99948,100
2019-06-28 09:40:00.000000000,100065,246,100024,246,100075,242,100008,242,100078,242,99999,242,100085,100,99983,200,100099,100,99982,300,100103,100,99981,100,100105,100,99961,100,100136,100,99954,100,100138,100,99953,100,100140,100,99948,100
2019-06-28 09:40:00.928852427,100065,246,100024,146,100075,242,100008,242,100078,242,99999,242,100085,100,99983,200,100099,100,99982,300,100103,100,99981,100,100105,100,99961,100,100136,100,99954,100,100138,100,99953,100,100140,100,99948,100
2019-06-28 09:40:07.498621965,100065,246,100024,46,100075,242,100008,242,100078,242,99999,242,100099,100,99983,200,100103,100,99982,300,100105,100,99981,100,100136,100,99961,100,100138,100,99954,100,100140,100,99953,100,100169,100,99948,100
2019-06-28 09:40:10.000000000,100065,208,100008,208,100075,208,99999,208,100078,208,99983,308,100099,208,99982,408,100103,100,99981,100,100105,100,99961,100,100136,100,99954,100,100138,100,99953,100,100140,100,99948,100,100169,100,99924,100
2019-06-28 09:40:10.647035128,100024,100,100008,208,100065,208,99999,208,100075,208,99983,308,100078,208,99982,408,100099,208,99981,100,100103,100,99961,100,100105,100,99954,100,100136,100,99953,100,100138,100,99948,100,100140,100,99924,100
2019-06-28 09:40:13.852846560,100024,100,100008,108,100065,208,99999,208,100075,208,99983,308,100078,208,99982,408,100099,208,99981,100,100103,100,99961,100,100105,100,99954,100,100136,100,99953,100,100138,100,99948,100,100140,100,99924,100
2019-06-28 09:40:20.000000000,100024,208,99999,208,100065,208,99983,308,100075,208,99982,408,100078,208,99981,208,100099,100,99961,100,100103,100,99954,100,100105,100,99953,100,100136,100,99948,100,100138,100,99924,100,100140,100,99922,100
2019-06-28 09:40:30.000000000,100024,315,99999,315,100065,315,99983,415,100075,100,99982,300,100078,100,99981,100,100099,100,99961,100,100103,100,99954,100,100105,100,99953,100,100136,100,99948,100,100138,100,99924,100,100140,100,99922,100
2019-06-28 09:40:40.000000000,100024,186,99999,186,100065,186,99983,286,100075,186,99982,386,100078,186,99981,186,100099,186,99961,186,100103,100,99954,100,100105,100,99953,100,100136,100,99948,100,100138,100,99924,100,100140,100,99922,100
2019-06-28 09:40:50.000000000,100024,186,99999,186,100065,186,99983,286,100075,186,99982,386,100078,186,99981,186,100099,186,99961,186,100103,100,99954,100,100105,100,99953,100,100136,100,99948,100,100138,100,99924,100,100140,100,99922,100
2019-06-28 09:40:54.613852995,100024,186,99999,86,100065,186,99983,286,100075,186,99982,386,100078,186,99981,186,100099,186,99961,186,100103,100,99954,100,100105,100,99953,100,100136,100,99948,100,100138,100,99924,100,100140,100,99922,100
2019-06-28 09:40:59.484623027,99999,14,99983,286,100024,186,99982,386,100065,186,99981,186,100075,186,99961,186,100078,186,99954,100,100099,86,99953,100,100103,100,99948,100,100105,100,99924,100,100136,100,99922,100,100138,100,99886,100
2019-06-28 09:41:00.000000000,99999,444,99983,630,100024,100,99982,300,100065,100,99981,100,100075,100,99961,100,100078,100,99954,100,100103,100,99953,100,100105,100,99948,100,100136,100,99924,100,100138,100,99922,100,100140,100,99886,100
2019-06-28 09:41:01.045260136,99999,444,99983,630,100024,100,99982,300,100065,100,99981,100,100075,100,99961,100,100078,100,99954,100,100103,100,99953,100,100105,100,99948,100,100136,100,99924,100,100138,100,99922,100,100140,100,99886,100
2019-06-28 09:41:05.454091108,99999,444,99983,630,100012,100,99982,300,100024,100,99981,100,100065,100,99961,100,100075,100,99954,100,100078,100,99953,100,100103,100,99948,100,100105,100,99924,100,100136,100,99922,100,100138,100,99886,100
2019-06-28 09:41:08.133072783,99999,444,99983,630,100012,100,99982,300,100024,100,99981,100,100065,100,99961,100,100075,100,99954,100,100078,100,99953,100,100103,100,99924,100,100105,100,99922,100,100136,100,99886,100,100138,100,99885,100
2019-06-28 09:41:10.000000000,99999,122,99983,308,100012,208,99982,408,100024,208,99981,208,100065,208,99961,208,100075,100,99954,100,100078,100,99953,100,100103,100,99924,100,100105,100,99922,100,100136,100,99886,100,100138,100,99885,100
2019-06-28 09:41:20.000000000,99999,229,99983,415,100012,315,99982,515,100024,100,99981,100,100065,100,99961,100,100075,100,99954,100,100078,100,99953,100,100103,100,99924,100,100105,100,99922,100,100136,100,99886,100,100138,100,99885,100
2019-06-28 09:41:22.781329885,99999,215,99983,415,100012,315,99982,515,100024,100,99981,100,100065,100,99961,100,100075,100,99954,100,100078,100,99953,100,100103,100,99924,100,100105,100,99922,100,100136,100,99886,100,100138,100,99885,100
2019-06-28 09:41:28.402021667,99999,215,99983,315,100012,315,99982,515,100024,100,99981,100,100065,100,99961,100,100075,100,99954,100,100078,100,99953,100,100103,100,99924,100,100105,100,99922,100,100136,100,99886,100,100138,100,99885,100
2019-06-28 09:41:30.000000000,100012,208,99983,208,100024,208,99982,408,100065,208,99981,208,100075,208,99961,208,100078,100,99954,100,100103,100,99953,100,100105,100,99924,100,100136,100,99922,100,100138,100,99886,100,100140,100,99885,100
2019-06-28 09:41:34.100928512,100012,208,99983,208,100024,208,99982,408,100065,208,99981,208,100075,208,99961,208,100078,100,99954,100,100103,100,99953,100,100105,100,99924,100,100136,100,99922,100,100138,100,99886,100,100140,100,99885,100
2019-06-28 09:41:34.407230856,100012,208,100006,100,100024,208,99983,208,100065,208,99982,408,100075,208,99981,208,100078,100,99961,208,100103,100,99954,100,100105,100,99953,100,100136,100,99924,100,100138,100,99922,100,100140,100,99886,100
2019-06-28 09:41:34.727236343,100012,208,99983,208,100024,108,99982,408,100065,208,99981,208,100075,208,99961,208,100078,100,99954,100,100103,100,99953,100,100105,100,99924,100,100136,100,99922,100,100138,100,99886,100,100140,100,99885,100
2019-06-28 09:41:36.325752441,100012,208,99983,208,100024,108,99982,408,100065,208,99981,208,100075,208,99961,208,100078,100,99954,100,100093,100,99953,100,100103,100,99924,100,100105,100,99922,100,100136,100,99886,100,100138,100,99885,100
2019-06-28 09:41:40.000000000,100012,530,99983,530,100065,100,99982,300,100075,100,99981,100,100078,100,99961,100,100093,100,99954,100,100103,100,99953,100,100105,100,99924,100,100136,100,99922,100,100138,100,99886,100,100140,100,99885,100
2019-06-28 09:41:42.272487980,100012,530,99983,430,100065,100,99982,300,100075,100,99981,100,100078,100,99961,100,100093,100,99954,100,100103,100,99953,100,100105,100,99924,100,100136,100,99922,100,100138,100,99886,100,100140,100,99876,200
2019-06-28 09:41:46.280917606,100012,530,99983,430,100065,100,99982,300,100075,100,99981,100,100078,100,99961,100,100093,100,99954,100,100103,100,99953,100,100105,100,99924,100,100136,100,99922,100,100138,100,99886,100,100140,100,99876,200
2019-06-28 09:41:50.000000000,100012,246,99982,446,100065,242,99981,242,100075,242,99961,242,100078,100,99954,100,100093,100,99953,100,100103,100,99924,100,100105,100,99922,100,100136,100,99886,100,100138,100,99876,200,100140,100,99869,100
2019-06-28 09:42:00.000000000,100012,246,99982,446,100065,242,99981,242,100075,242,99961,242,100078,100,99954,100,100093,100,99953,100,100103,100,99924,100,100105,100,99922,100,100136,100,99886,100,100138,100,99876,200,100140,100,99869,100
2019-06-28 09:42:10.000000000,100012,208,99982,408,100065,208,99981,208,100075,208,99961,208,100078,208,99954,208,100093,100,99953,100,100103,100,99924,100,100105,100,99922,100,100136,100,99886,100,100138,100,99876,200,100140,100,99869,100
2019-06-28 09:42:20.000000000,100012,315,99982,515,100065,315,99981,315,100075,100,99961,100,100078,100,99954,100,100093,100,99953,100,100103,100,99924,100,100105,100,99922,100,100136,100,99886,100,100138,100,99876,200,100140,100,99869,100
2019-06-28 09:42:30.000000000,100012,208,99982,408,100065,208,99981,208,100075,208,99961,208,100078,208,99954,208,100093,100,99953,100,100103,100,99924,100,100105,100,99922,100,100136,100,99886,100,100138,100,99876,200,100140,100,99869,100
2019-06-28 09:42:40.000000000,100012,246,99982,446,100065,242,99981,242,100075,242,99961,242,100078,100,99954,100,100093,100,99953,100,100103,100,99924,100,100105,100,99922,100,100136,100,99886,100,100138,100,99876,200,100140,100,99869,100
2019-06-28 09:42:43.985255755,100012,246,99982,446,100065,242,99981,242,100075,242,99970,100,100078,100,99961,242,100093,100,99954,100,100103,100,99953,100,100105,100,99924,100,100136,100,99922,100,100138,100,99886,100,100140,100,99876,200
2019-06-28 09:42:44.019155568,100012,146,99982,446,100065,242,99981,142,100075,242,99970,100,100078,100,99961,242,100093,100,99954,100,100103,100,99953,100,100105,100,99924,100,100136,100,99922,100,100138,100,99886,100,100140,100,99876,200
2019-06-28 09:42:50.000000000,100065,315,99982,515,100075,315,99970,315,100078,100,99961,100,100093,100,99954,100,100103,100,99953,100,100105,100,99924,100,100136,100,99922,100,100138,100,99886,100,100140,100,99876,200,100148,100,99869,100
2019-06-28 09:43:00.000000000,100065,208,99982,408,100075,208,99970,208,100078,208,99961,208,100093,208,99954,208,100103,100,99953,100,100105,100,99924,100,100136,100,99922,100,100138,100,99886,100,100140,100,99876,200,100148,100,99869,100
2019-06-28 09:43:10.000000000,100065,315,99982,515,100075,315,99970,315,100078,100,99961,100,100093,100,99954,100,100103,100,99953,100,100105,100,99924,100,100136,100,99922,100,100138,100,99886,100,100140,100,99876,200,100148,100,99869,100
2019-06-28 09:43:15.166446512,100065,315,99982,515,100075,315,99970,315,100078,100,99961,100,100093,100,99954,100,100103,100,99953,100,100105,100,99924,100,100110,100,99922,100,100136,100,99886,100,100138,100,99876,200,100140,100,99869,100
2019-06-28 09:43:20.000000000,100065,315,99982,515,100075,315,99970,315,100078,100,99961,100,100093,100,99954,100,100103,100,99953,100,100105,100,99924,100,100110,100,99922,100,100136,100,99886,100,100138,100,99876,200,100140,100,99869,100
2019-06-28 09:43:28.485883600,100065,315,99982,515,100075,315,99970,315,100078,100,99961,100,100093,100,99954,100,100103,100,99953,100,100105,100,99924,100,100110,100,99922,100,100136,100,99886,100,100138,100,99876,200,100140,100,99869,100
2019-06-28 09:43:30.000000000,100065,530,99982,730,100075,100,99970,100,100078,100,99961,100,100093,100,99954,100,100103,100,99953,100,100105,100,99924,100,100110,100,99922,100,100136,100,99886,100,100138,100,99876,200,100140,100,99869,100
2019-06-28 09:43:36.254179809,100065,530,99982,730,100075,100,99970,100,100078,100,99961,100,100093,100,99954,100,100103,100,99924,100,100105,100,99922,100,100110,100,99886,100,100136,100,99876,200,100138,100,99869,100,100140,100,99868,100
2019-06-28 09:43:40.000000000,100065,208,99982,408,100075,208,99970,208,100078,208,99961,208,100093,208,99954,208,100103,100,99924,100,100105,100,99922,100,100110,100,99886,100,100136,100,99876,200,100138,100,99869,100,100140,100,99868,100
2019-06-28 09:43:50.000000000,100065,530,99982,730,100075,100,99970,100,100078,100,99961,100,100093,100,99954,100,100103,100,99924,100,100105,100,99922,100,100110,100,99886,100,100136,100,99876,200,100138,100,99869,100,100140,100,99868,100
2019-06-28 09:44:00.000000000,100065,246,99982,446,100075,242,99970,242,100078,242,99961,242,100093,100,99954,100,100103,100,99924,100,100105,100,99922,100,100110,100,99886,100,100136,100,99876,200,100138,100,99869,100,100140,100,99868,100
2019-06-28 09:44:10.000000000,100065,315,99982,515,100075,315,99970,315,100078,100,99961,100,100093,100,99954,100,100103,100,99924,100,100105,100,99922,100,100110,100,99886,100,100136,100,99876,200,100138,100,99869,100,100140,100,99868,100
2019-06-28 09:44:20.000000000,100065,208,99982,408,100075,208,99970,208,100078,208,99961,208,100093,208,99954,208,100103,100,99924,100,100105,100,99922,100,100110,100,99886,100,100136,100,99876,200,100138,100,99869,100,100140,100,99868,100
2019-06-28 09:44:28.131295718,100065,208,99982,308,100075,208,99970,208,100078,208,99961,208,100093,208,99954,208,100103,100,99924,100,100105,100,99922,100,100110,100,99886,100,100136,100,99876,200,100138,100,99869,100,100140,100,99868,100
2019-06-28 09:44:30.000000000,100065,530,99982,630,100075,100,99970,100,100078,100,99961,100,100093,100,99954,100,100103,100,99924,100,100105,100,99922,100,100110,100,99886,100,100136,100,99876,200,100138,100,99869,100,100140,100,99868,100
2019-06-28 09:44:36.818003211,100065,530,99982,630,100069,100,99970,100,100075,100,99961,100,100078,100,99954,100,100093,100,99924,100,100103,100,99922,100,100105,100,99886,100,100110,100,99876,200,100136,100,99869,100,100138,100,99868,100
2019-06-28 09:44:37.064483263,100065,530,99982,530,100069,100,99970,100,100075,100,99961,100,100078,100,99954,100,100093,100,99924,100,100103,100,99922,100,100105,100,99886,100,100110,100,99876,200,100136,100,99869,100,100138,100,99868,100
2019-06-28 09:44:39.453959894,100065,530,99982,430,100069,100,99970,100,100075,100,99961,100,100078,100,99954,100,100093,100,99924,100,100103,100,99922,100,100105,100,99886,100,100110,100,99876,200,100136,100,99869,100,100138,100,99868,100
2019-06-28 09:44:40.000000000,100065,315,99970,315,100069,315,99961,315,100075,100,99954,100,100078,100,99924,100,100093,100,99922,100,100103,100,99886,100,100105,100,99876,200,100110,100,99869,100,100136,100,99868,100,100138,100,99841,100
2019-06-28 09:44:42.719889594,100065,315,99970,315,100069,315,99961,315,100075,100,99954,100,100078,100,99924,100,100093,100,99922,100,100105,100,99886,100,100110,100,99876,200,100136,100,99869,100,100137,100,99868,100,100138,100,99841,100
2019-06-28 09:44:50.000000000,100065,315,99970,315,100069,315,99961,315,100075,100,99954,100,100078,100,99924,100,100093,100,99922,100,100105,100,99886,100,100110,100,99876,200,100136,100,99869,100,100137,100,99868,100,100138,100,99841,100
2019-06-28 09:45:00.000000000,100065,208,99970,208,100069,208,99961,208,100075,208,99954,208,100078,208,99924,208,100093,100,99922,100,100105,100,99886,100,100110,100,99876,200,100136,100,99869,100,100137,100,99868,100,100138,100,99841,100
2019-06-28 09:45:06.109972356,100065,208,99970,208,100069,208,99961,208,100075,208,99954,208,100078,208,99924,208,100093,100,99922,100,100105,100,99920,100,100110,100,99886,100,100136,100,99876,200,100137,100,99869,100,100138,100,99868,100
2019-06-28 09:45:10.000000000,100065,186,99970,186,100069,186,99961,186,100075,186,99954,186,100078,186,99924,186,100093,186,99922,186,100105,100,99920,100,100110,100,99886,100,100136,100,99876,200,100137,100,99869,100,100138,100,99868,100
2019-06-28 09:45:20.000000000,100065,530,99970,530,100069,100,99961,100,100075,100,99954,100,100078,100,99924,100,100093,100,99922,100,100105,100,99920,100,100110,100,99886,100,100136,100,99876,200,100137,100,99869,100,100138,100,99868,100
2019-06-28 09:45:30.000000000,100065,186,99970,186,100069,186,99961,186,100075,186,99954,186,100078,186,99924,186,100093,186,99922,186,100105,100,99920,100,100110,100,99886,100,100136,100,99876,200,100137,100,99869,100,100138,100,99868,100
2019-06-28 09:45:36.237453446,100065,186,99970,186,100069,186,99961,186,100075,186,99954,186,100078,186,99924,186,100093,186,99922,186,100105,100,99920,100,100110,100,99886,100,100136,100,99876,200,100137,100,99871,100,100138,100,99869,100
2019-06-28 09:45:40.000000000,100065,208,99970,208,100069,208,99961,208,100075,208,99954,208,100078,208,99924,208,100093,100,99922,100,100105,100,99920,100,100110,100,99886,100,100136,100,99876,200,100137,100,99871,100,100138,100,99869,100
2019-06-28 09:45:42.470867545,100065,208,99970,208,100069,208,99961,208,100075,208,99954,208,100078,208,99924,208,100093,100,99922,100,100105,100,99920,100,100110,100,99886,100,100136,100,99876,200,100137,100,99871,100,100138,100,99869,100
2019-06-28 09:45:50.000000000,100065,315,99970,315,100069,315,99961,315,100075,100,99954,100,100078,100,99924,100,100093,100,99922,100,100105,100,99920,100,100110,100,99886,100,100136,100,99876,200,100137,100,99871,100,100138,100,99869,100
2019-06-28 09:45:58.976383294,100065,315,99970,215,100069,315,99961,315,100075,100,99954,100,100078,100,99924,100,100093,100,99922,100,100105,100,99920,100,100110,100,99886,100,100136,100,99876,200,100137,100,99871,100,100138,100,99869,100
2019-06-28 09:46:00.000000000,100065,246,99961,246,100069,242,99954,242,100075,242,99924,242,100078,100,99922,100,100093,100,99920,100,100105,100,99886,100,100110,100,99876,200,100136,100,99871,100,100137,100,99869,100,100138,100,99868,100
2019-06-28 09:46:10.000000000,100065,530,99961,530,100069,100,99954,100,100075,100,99924,100,100078,100,99922,100,100093,100,99920,100,100105,100,99886,100,100110,100,99876,200,100136,100,99871,100,100137,100,99869,100,100138,100,99868,100
2019-06-28 09:46:16.296107492,100065,530,99971,100,100069,100,99961,530,100075,100,99954,100,100078,100,99924,100,100093,100,99922,100,100105,100,99920,100,100110,100,99886,100,100136,100,99876,200,100137,100,99871,100,100138,100,99869,100
2019-06-28 09:46:20.000000000,100065,315,99971,315,100069,315,99961,315,100075,100,99954,100,100078,100,99924,100,100093,100,99922,100,100105,100,99920,100,100110,100,99886,100,100136,100,99876,200,100137,100,99871,100,100138,100,99869,100
2019-06-28 09:46:30.000000000,100065,530,99971,530,100069,100,99961,100,100075,100,99954,100,100078,100,99924,100,100093,100,99922,100,100105,100,99920,100,100110,100,99886,100,100136,100,99876,200,100137,100,99871,100,100138,100,99869,100
2019-06-28 09:46:40.000000000,100065,208,99971,208,100069,208,99961,208,100075,208,99954,208,100078,208,99924,208,100093,100,99922,100,100105,100,99920,100,100110,100,99886,100,100136,100,99876,200,100137,100,99871,100,100138,100,99869,100
2019-06-28 09:46:43.249027528,100065,208,99971,208,100069,208,99961,208,100075,208,99954,208,100078,208,99924,208,100093,100,99922,100,100105,100,99920,100,100110,100,99886,100,100136,100,99876,200,100137,100,99871,100,100138,100,99869,100
2019-06-28 09:46:45.242896794,100065,108,99971,208,100069,208,99961,208,100075,208,99954,208,100078,208,99924,208,100093,100,99922,100,100105,100,99920,100,100110,100,99886,100,100136,100,99876,200,100137,100,99871,100,100140,100,99869,100
2019-06-28 09:46:48.359541039,100065,108,99972,100,100069,208,99971,208,100075,208,99961,208,100078,208,99954,208,100093,100,99924,208,100105,100,99922,100,100110,100,99920,100,100136,100,99886,100,100137,100,99876,200,100140,100,99871,100
2019-06-28 09:46:50.000000000,100069,246,99972,246,100075,242,99971,242,100078,242,99961,242,100093,100,99954,100,100105,100,99924,100,100110,100,99922,100,100136,100,99920,100,100137,100,99886,100,100140,100,99876,200,100143,100,99871,100
2019-06-28 09:46:51.461438590,100069,246,99972,246,100075,242,99971,242,100078,242,99961,242,100093,100,99954,100,100105,100,99924,100,100110,100,99922,100,100136,100,99920,100,100137,100,99886,100,100140,100,99876,200,100143,100,99871,100
2019-06-28 09:46:56.157381630,100069,246,99972,346,100075,242,99971,242,100078,242,99961,242,100093,100,99954,100,100105,100,99924,100,100110,100,99922,100,100136,100,99920,100,100137,100,99886,100,100140,100,99876,200,100143,100,99871,100
2019-06-28 09:47:00.000000000,100069,530,99972,630,100075,100,99971,100,100078,100,99961,100,100093,100,99954,100,100105,100,99924,100,100110,100,99922,100,100136,100,99920,100,100137,100,99886,100,100140,100,99876,200,100143,100,99871,100
2019-06-28 09:47:10.000000000,100069,208,99972,308,100075,208,99971,208,100078,208,99961,208,100093,208,99954,208,100105,100,99924,100,100110,100,99922,100,100136,100,99920,100,100137,100,99886,100,100140,100,99876,200,100143,100,99871,100
2019-06-28 09:47:16.160772309,100069,208,99972,308,100075,208,99971,208,100078,208,99961,208,100093,208,99954,208,100105,100,99924,100,100110,100,99922,100,100136,100,99920,100,100137,100,99886,100,100140,100,99876,200,100143,100,99871,100
2019-06-28 09:47:20.000000000,100069,246,99972,346,100075,242,99971,242,100078,242,99961,242,100093,100,99954,100,100105,100,99924,100,100110,100,99922,100,100136,100,99920,100,100137,100,99886,100,100140,100,99876,200,100143,100,99871,100
2019-06-28 09:47:30.000000000,100069,186,99972,286,100075,186,99971,186,100078,186,99961,186,100093,186,99954,186,100105,186,99924,186,100110,100,99922,100,100136,100,99920,100,100137,100,99886,100,100140,100,99876,200,100143,100,99871,100
2019-06-28 09:47:40.000000000,100069,186,99972,286,100075,186,99971,186,100078,186,99961,186,100093,186,99954,186,100105,186,99924,186,100110,100,99922,100,100136,100,99920,100,100137,100,99886,100,100140,100,99876,200,100143,100,99871,100
2019-06-28 09:47:49.664908101,100069,86,99972,286,100075,186,99971,186,100078,86,99961,186,100093,186,99954,186,100105,186,99924,186,100110,100,99922,100,100136,100,99920,100,100137,100,99886,100,100140,100,99876,200,100143,100,99871,100
2019-06-28 09:47:50.000000000,100075,208,99972,308,100093,208,99971,208,100105,208,99961,208,100110,208,99954,208,100136,100,99924,100,100137,100,99922,100,100140,100,99920,100,100143,100,99886,100,100146,100,99876,200,100148,100,99871,100
2019-06-28 09:48:00.000000000,100075,246,99972,346,100093,242,99971,242,100105,242,99961,242,100110,100,99954,100,100136,100,99924,100,100137,100,99922,100,100140,100,99920,100,100143,100,99886,100,100146,100,99876,200,100148,100,99871,100
2019-06-28 09:48:10.000000000,100075,530,99972,630,100093,100,99971,100,100105,100,99961,100,100110,100,99954,100,100136,100,99924,100,100137,100,99922,100,100140,100,99920,100,100143,100,99886,100,100146,100,99876,200,100148,100,99871,100
2019-06-28 09:48:20.000000000,100075,315,99972,415,100093,315,99971,315,100105,100,99961,100,100110,100,99954,100,100136,100,99924,100,100137,100,99922,100,100140,100,99920,100,100143,100,99886,100,100146,100,99876,200,100148,100,99871,100
2019-06-28 09:48:22.883286882,100075,215,99972,415,100093,315,99971,315,100105,100,99961,100,100110,100,99954,100,100136,100,99924,100,100137,100,99922,100,100140,100,99920,100,100143,100,99886,100,100146,100,99876,200,100148,100,99871,100
2019-06-28 09:48:30.000000000,100093,530,99972,630,100105,100,99971,100,100110,100,99961,100,100136,100,99954,100,100137,100,99924,100,100140,100,99922,100,100143,100,99920,100,100146,100,99886,100,100148,100,99876,200,100223,100,99871,100
2019-06-28 09:48:40.000000000,100093,246,99972,346,100105,242,99971,242,100110,242,99961,242,100136,100,99954,100,100137,100,99924,100,100140,100,99922,100,100143,100,99920,100,100146,100,99886,100,100148,100,99876,200,100223,100,99871,100
2019-06-28 09:48:50.000000000,100093,530,99972,630,100105,100,99971,100,100110,100,99961,100,100136,100,99954,100,100137,100,99924,100,100140,100,99922,100,100143,100,99920,100,100146,100,99886,100,100148,100,99876,200,100223,100,99871,100
2019-06-28 09:49:00.000000000,100093,208,99972,308,100105,208,99971,208,100110,208,99961,208,100136,208,99954,208,100137,100,99924,100,100140,100,99922,100,100143,100,99920,100,100146,100,99886,100,100148,100,99876,200,100223,100,99871,100
2019-06-28 09:49:10.000000000,100093,186,99972,286,100105,186,99971,186,100110,186,99961,186,100136,186,99954,186,100137,186,99924,186,100140,100,99922,100,100143,100,99920,100,100146,100,99886,100,100148,100,99876,200,100223,100,99871,100
2019-06-28 09:49:16.678962036,100093,186,99972,286,100105,186,99971,86,100110,186,99961,186,100136,186,99954,186,100137,186,99924,186,100140,100,99922,100,100143,100,99920,100,100146,100,99886,100,100148,100,99876,200,100223,100,99871,100
2019-06-28 09:49:20.000000000,100093,246,99972,346,100105,242,99961,242,100110,242,99954,242,100136,100,99924,100,100137,100,99922,100,100140,100,99920,100,100143,100,99886,100,100146,100,99876,200,100148,100,99871,100,100223,100,99869,100
2019-06-28 09:49:29.903062811,100093,146,99972,346,100105,242,99961,242,100110,242,99954,142,100136,100,99924,100,100137,100,99922,100,100140,100,99920,100,100143,100,99886,100,100146,100,99876,200,100148,100,99871,100,100223,100,99869,100
2019-06-28 09:49:30.000000000,100105,186,99972,286,100110,186,99961,186,100136,186,99924,186,100137,186,99922,186,100140,186,99920,186,100143,100,99886,100,100146,100,99876,200,100148,100,99871,100,100223,100,99869,100,100225,100,99868,100
2019-06-28 09:49:37.696318594,100105,186,100075,100,100110,186,99972,286,100136,186,99961,186,100137,186,99924,186,100140,186,99922,186,100143,100,99920,186,100146,100,99886,100,100148,100,99876,200,100223,100,99871,100,100225,100,99869,100
2019-06-28 09:49:40.000000000,100105,246,100075,246,100110,242,99972,342,100136,242,99961,242,100137,100,99924,100,100140,100,99922,100,100143,100,99920,100,100146,100,99886,100,100148,100,99876,200,100223,100,99871,100,100225,100,99869,100
2019-06-28 09:49:50.000000000,100105,208,100075,208,100110,208,99972,308,100136,208,99961,208,100137,208,99924,208,100140,100,99922,100,100143,100,99920,100,100146,100,99886,100,100148,100,99876,200,100223,100,99871,100,100225,100,99869,100
2019-06-28 09:50:00.000000000,100105,246,100075,246,100110,242,99972,342,100136,242,99961,242,100137,100,99924,100,100140,100,99922,100,100143,100,99920,100,100146,100,99886,100,100148,100,99876,200,100223,100,99871,100,100225,100,99869,100
2019-06-28 09:50:03.268248477,100105,246,100075,246,100110,242,99972,342,100136,242,99961,242,100137,100,99924,100,100140,100,99922,100,100143,100,99920,100,100146,100,99886,100,100148,100,99876,200,100223,100,99871,100,100225,100,99869,100
2019-06-28 09:50:10.000000000,100105,315,100075,315,100110,315,99972,415,100136,100,99961,100,100137,100,99924,100,100140,100,99922,100,100143,100,99920,100,100146,100,99886,100,100148,100,99876,200,100223,100,99871,100,100225,100,99869,100
2019-06-28 09:50:20.000000000,100105,315,100075,315,100110,315,99972,415,100136,100,99961,100,100137,100,99924,100,100140,100,99922,100,100143,100,99920,100,100146,100,99886,100,100148,100,99876,200,100223,100,99871,100,100225,100,99869,100
2019-06-28 09:50:30.000000000,100105,315,100075,315,100110,315,99972,415,100136,100,99961,100,100137,100,99924,100,100140,100,99922,100,100143,100,99920,100,100146,100,99886,100,100148,100,99876,200,100223,100,99871,100,100225,100,99869,100
2019-06-28 09:50:40.000000000,100105,208,100075,208,100110,208,99972,308,100136,208,99961,208,100137,208,99924,208,100140,100,99922,100,100143,100,99920,100,100146,100,99886,100,100148,100,99876,200,100223,100,99871,100,100225,100,99869,100
2019-06-28 09:50:50.000000000,100105,530,100075,530,100110,100,99972,200,100136,100,99961,100,100137,100,99924,100,100140,100,99922,100,100143,100,99920,100,100146,100,99886,100,100148,100,99876,200,100223,100,99871,100,100225,100,99869,100
2019-06-28 09:51:00.000000000,100105,530,100075,530,100110,100,99972,200,100136,100,99961,100,100137,100,99924,100,100140,100,99922,100,100143,100,99920,100,100146,100,99886,100,100148,100,99876,200,100223,100,99871,100,100225,100,99869,100
2019-06-28 09:51:10.000000000,100105,315,100075,315,100110,315,99972,415,100136,100,99961,100,100137,100,99924,100,100140,100,99922,100,100143,100,99920,100,100146,100,99886,100,100148,100,99876,200,100223,100,99871,100,100225,100,99869,100
2019-06-28 09:51:13.540270149,100105,315,100075,315,100110,315,99972,415,100136,100,99961,100,100137,100,99924,100,100140,100,99922,100,100143,100,99920,100,100146,100,99886,100,100148,100,99876,200,100223,100,99871,100,100225,100,99869,100
2019-06-28 09:51:20.000000000,100105,208,100075,208,100110,208,99972,308,100136,208,99961,208,100137,208,99924,208,100140,100,99922,100,100143,100,99920,100,100146,100,99886,100,100148,100,99876,200,100223,100,99871,100,100225,100,99869,100
2019-06-28 09:51:26.792883400,100105,208,100075,208,100110,208,99972,308,100136,208,99961,208,100137,208,99924,208,100140,100,99922,100,100146,100,99920,100,100148,100,99886,100,100223,100,99876,200,100225,100,99871,100,100243,100,99869,100
2019-06-28 09:51:30.000000000,100105,246,100075,246,100110,242,99972,342,100136,242,99961,242,100137,100,99924,100,100140,100,99922,100,100146,100,99920,100,100148,100,99886,100,100223,100,99876,200,100225,100,99871,100,100243,100,99869,100
2019-06-28 09:51:33.294762729,100105,246,100075,346,100110,242,99972,342,100136,242,99961,242,100137,100,99924,100,100140,100,99922,100,100146,100,99920,100,100148,100,99886,100,100223,100,99876,200,100225,100,99871,100,100243,100,99869,100
2019-06-28 09:51:40.000000000,100105,530,100075,630,100110,100,99972,200,100136,100,99961,100,100137,100,99924,100,100140,100,99922,100,100146,100,99920,100,100148,100,99886,100,100223,100,99876,200,100225,100,99871,100,100243,100,99869,100
2019-06-28 09:51:47.837695066,100105,530,100075,730,100110,100,99972,200,100136,100,99961,100,100137,100,99924,100,100140,100,99922,100,100146,100,99920,100,100148,100,99886,100,100223,100,99876,200,100225,100,99871,100,100243,100,99869,100
2019-06-28 09:51:50.000000000,100105,315,100075,515,100110,315,99972,415,100136,100,99961,100,100137,100,99924,100,100140,100,99922,100,100146,100,99920,100,100148,100,99886,100,100223,100,99876,200,100225,100,99871,100,100243,100,99869,100
2019-06-28 09:51:50.894210640,100105,315,100075,515,100110,315,99972,415,100136,100,99961,100,100137,100,99924,100,100140,100,99922,100,100146,100,99920,100,100148,100,99886,100,100223,100,99876,200,100225,100,99871,100,100243,100,99869,100
2019-06-28 09:52:00.000000000,100105,315,100075,515,100110,315,99972,415,100136,100,99961,100,100137,100,99924,100,100140,100,99922,100,100146,100,99920,100,100148,100,99886,100,100223,100,99876,200,100225,100,99871,100,100243,100,99869,100
2019-06-28 09:52:10.000000000,100105,315,100075,515,100110,315,99972,415,100136,100,99961,100,100137,100,99924,100,100140,100,99922,100,100146,100,99920,100,100148,100,99886,100,100223,100,99876,200,100225,100,99871,100,100243,100,99869,100
2019-06-28 09:52:10.410528690,100105,315,100075,515,100110,315,100049,100,100136,100,99972,415,100137,100,99961,100,100140,100,99924,100,100146,100,99922,100,100148,100,99920,100,100223,100,99886,100,100225,100,99876,200,100243,100,99871,100
2019-06-28 09:52:20.000000000,100105,208,100075,408,100110,208,100049,208,100136,208,99972,308,100137,208,99961,208,100140,100,99924,100,100146,100,99922,100,100148,100,99920,100,100223,100,99886,100,100225,100,99876,200,100243,100,99871,100
2019-06-28 09:52:26.143702334,100105,208,100075,508,100110,208,100049,208,100136,208,99972,308,100137,208,99961,208,100140,100,99924,100,100146,100,99922,100,100148,100,99920,100,100223,100,99886,100,100225,100,99876,200,100243,100,99871,100
2019-06-28 09:52:30.000000000,100105,246,100075,546,100110,242,100049,242,100136,242,99972,342,100137,100,99961,100,100140,100,99924,100,100146,100,99922,100,100148,100,99920,100,100223,100,99886,100,100225,100,99876,200,100243,100,99871,100
2019-06-28 09:52:33.582590950,100105,246,100075,446,100110,242,100049,242,100136,242,99972,342,100137,100,99961,100,100140,100,99924,100,100146,100,99922,100,100148,100,99920,100,100223,100,99886,100,100225,100,99876,200,100243,100,99871,100
2019-06-28 09:52:40.000000000,100105,208,100075,408,100110,208,100049,208,100136,208,99972,308,100137,208,99961,208,100140,100,99924,100,100146,100,99922,100,100148,100,99920,100,100223,100,99886,100,100225,100,99876,200,100243,100,99871,100
2019-06-28 09:52:50.000000000,100105,530,100075,730,100110,100,100049,100,100136,100,99972,200,100137,100,99961,100,100140,100,99924,100,100146,100,99922,100,100148,100,99920,100,100223,100,99886,100,100225,100,99876,200,100243,100,99871,100
2019-06-28 09:53:00.000000000,100105,246,100075,446,100110,242,100049,242,100136,242,99972,342,100137,100,99961,100,100140,100,99924,100,100146,100,99922,100,100148,100,99920,100,100223,100,99886,100,100225,100,99876,200,100243,100,99871,100
2019-06-28 09:53:10.000000000,100105,246,100075,446,100110,242,100049,242,100136,242,99972,342,100137,100,99961,100,100140,100,99924,100,100146,100,99922,100,100148,100,99920,100,100223,100,99886,100,100225,100,99876,200,100243,100,99871,100
2019-06-28 09:53:12.428953457,100105,246,100076,100,100110,242,100075,446,100136,242,100049,242,100137,100,99972,342,100140,100,99961,100,100146,100,99924,100,100148,100,99922,100,100223,100,99920,100,100225,100,99886,100,100243,100,99876,200
2019-06-28 09:53:16.594736925,100105,246,100076,100,100110,242,100075,446,100136,242,100049,242,100137,100,99972,342,100140,100,99961,100,100146,100,99924,100,100148,100,99922,100,100225,100,99920,100,100243,100,99886,100,100248,100,99876,200
2019-06-28 09:53:20.000000000,100105,246,100076,246,100110,242,100075,442,100136,242,100049,242,100137,100,99972,200,100140,100,99961,100,100146,100,99924,100,100148,100,99922,100,100225,100,99920,100,100243,100,99886,100,100248,100,99876,200
2019-06-28 09:53:20.642387846,100105,246,100076,346,100110,242,100075,442,100136,242,100049,242,100137,100,99972,100,100140,100,99961,100,100146,100,99924,100,100148,100,99922,100,100225,100,99920,100,100243,100,99886,100,100248,100,99876,200
2019-06-28 09:53:30.000000000,100105,208,100076,308,100110,208,100075,408,100136,208,100049,208,100137,208,99972,208,100140,100,99961,100,100146,100,99924,100,100148,100,99922,100,100225,100,99920,100,100243,100,99886,100,100248,100,99876,200
2019-06-28 09:53:31.963463592,100105,8,100076,308,100110,208,100075,408,100136,208,100049,208,100137,208,99972,208,100140,100,99961,100,100146,100,99924,100,100148,100,99922,100,100225,100,99920,100,100243,100,99886,100,100248,100,99876,200
2019-06-28 09:53:39.769099051,100110,208,100105,92,100136,208,100076,308,100137,208,100075,408,100140,100,100049,208,100146,100,99972,208,100148,100,99961,100,100225,100,99924,100,100243,100,99922,100,100248,100,99920,100,100331,100,99886,100
2019-06-28 09:53:40.000000000,100110,530,100105,522,100136,100,100076,200,100137,100,100075,300,100140,100,100049,100,100146,100,99972,100,100148,100,99961,100,100225,100,99924,100,100243,100,99922,100,100248,100,99920,100,100331,100,99886,100
2019-06-28 09:53:41.609417168,100110,530,100105,522,100136,100,100076,200,100137,100,100075,300,100140,100,100074,100,100146,100,100049,100,100148,100,99972,100,100225,100,99961,100,100243,100,99924,100,100248,100,99922,100,100331,100,99920,100
2019-06-28 09:53:46.277617356,100110,530,100105,522,100136,100,100076,200,100137,100,100075,200,100140,100,100074,100,100146,100,100049,100,100148,100,99972,100,100225,100,99961,100,100243,100,99924,100,100248,100,99922,100,100331,100,99920,100
2019-06-28 09:53:50.000000000,100110,530,100105,522,100136,100,100076,200,100137,100,100075,200,100140,100,100074,100,100146,100,100049,100,100148,100,99972,100,100225,100,99961,100,100243,100,99924,100,100248,100,99922,100,100331,100,99920,100
2019-06-28 09:54:00.000000000,100110,315,100105,307,100136,315,100076,415,100137,100,100075,200,100140,100,100074,100,100146,100,100049,100,100148,100,99972,100,100225,100,99961,100,100243,100,99924,100,100248,100,99922,100,100331,100,99920,100
2019-06-28 09:54:06.068231636,100110,315,100105,307,100136,315,100076,415,100140,100,100075,200,100146,100,100074,100,100148,100,100049,100,100225,100,99972,100,100243,100,99961,100,100248,100,99924,100,100314,100,99922,100,100331,100,99920,100
2019-06-28 09:54:10.000000000,100110,315,100105,307,100136,315,100076,415,100140,100,100075,200,100146,100,100074,100,100148,100,100049,100,100225,100,99972,100,100243,100,99961,100,100248,100,99924,100,100314,100,99922,100,100331,100,99920,100
2019-06-28 09:54:14.938378332,100110,215,100105,307,100136,315,100076,415,100140,100,100075,200,100146,100,100074,100,100148,100,100049,100,100225,100,99972,100,100243,100,99961,100,100248,100,99924,100,100314,100,99922,100,100331,100,99920,100
2019-06-28 09:54:20.000000000,100136,186,100105,178,100140,186,100076,286,100146,186,100075,286,100148,186,100074,186,100225,186,100049,186,100243,100,99972,100,100248,100,99961,100,100314,100,99924,100,100331,100,99922,100,100389,100,99920,100
2019-06-28 09:54:26.689055184,100136,186,100105,78,100140,186,100076,286,100146,186,100075,286,100148,186,100074,186,100225,186,100049,186,100243,100,99972,100,100248,100,99961,100,100314,100,99924,100,100331,100,99922,100,100389,100,99920,100
2019-06-28 09:54:30.000000000,100136,186,100076,286,100140,186,100075,286,100146,186,100074,186,100148,186,100049,186,100225,186,99972,186,100243,100,99961,100,100248,100,99924,100,100314,100,99922,100,100331,100,99920,100,100389,100,99886,100
2019-06-28 09:54:40.000000000,100136,208,100076,308,100140,208,100075,308,100146,208,100074,208,100148,208,100049,208,100225,100,99972,100,100243,100,99961,100,100248,100,99924,100,100314,100,99922,100,100331,100,99920,100,100389,100,99886,100
2019-06-28 09:54:43.662845766,100136,208,100076,208,100140,208,100075,308,100146,208,100074,208,100148,208,100049,208,100225,100,99972,100,100243,100,99961,100,100248,100,99924,100,100314,100,99922,100,100331,100,99920,100,100389,100,99886,100
2019-06-28 09:54:45.818569022,100136,208,100076,108,100140,208,100075,308,100146,208,100074,208,100148,208,100049,208,100225,100,99972,100,100243,100,99961,100,100314,100,99924,100,100331,100,99922,100,100389,100,99920,100,100466,100,99886,100
2019-06-28 09:54:50.000000000,100136,315,100075,415,100140,315,100074,315,100146,100,100049,100,100148,100,99972,100,100225,100,99961,100,100243,100,99924,100,100314,100,99922,100,100331,100,99920,100,100389,100,99886,100,100466,100,99876,200
2019-06-28 09:55:00.000000000,100136,246,100075,346,100140,242,100074,242,100146,242,100049,242,100148,100,99972,100,100225,100,99961,100,100243,100,99924,100,100314,100,99922,100,100331,100,99920,100,100389,100,99886,100,100466,100,99876,200
2019-06-28 09:55:01.025174669,100136,246,100075,346,100140,242,100074,242,100146,242,100049,242,100148,100,99972,100,100225,100,99961,100,100243,100,99924,100,100314,100,99922,100,100331,100,99920,100,100389,100,99876,200,100466,100,99871,100
2019-06-28 09:55:07.661686808,100136,246,100075,246,100140,242,100074,242,100146,242,100049,242,100148,100,99972,100,100225,100,99961,100,100243,100,99924,100,100314,100,99922,100,100331,100,99920,100,100389,100,99876,200,100466,100,99871,100
2019-06-28 09:55:10.000000000,100136,246,100075,246,100140,242,100074,242,100146,242,100049,242,100148,100,99972,100,100225,100,99961,100,100243,100,99924,100,100314,100,99922,100,100331,100,99920,100,100389,100,99876,200,100466,100,99871,100
2019-06-28 09:55:20.000000000,100136,530,100075,530,100140,100,100074,100,100146,100,100049,100,100148,100,99972,100,100225,100,99961,100,100243,100,99924,100,100314,100,99922,100,100331,100,99920,100,100389,100,99876,200,100466,100,99871,100
2019-06-28 09:55:30.000000000,100136,246,100075,246,100140,242,100074,242,100146,242,100049,242,100148,100,99972,100,100225,100,99961,100,100243,100,99924,100,100314,100,99922,100,100331,100,99920,100,100389,100,99876,200,100466,100,99871,100
2019-06-28 09:55:40.000000000,100136,246,100075,246,100140,242,100074,242,100146,242,100049,242,100148,100,99972,100,100225,100,99961,100,100243,100,99924,100,100314,100,99922,100,100331,100,99920,100,100389,100,99876,200,100466,100,99871,100
2019-06-28 09:55:50.000000000,100136,186,100075,186,100140,186,100074,186,100146,186,100049,186,100148,186,99972,186,100225,186,99961,186,100243,100,99924,100,100314,100,99922,100,100331,100,99920,100,100389,100,99876,200,100466,100,99871,100
2019-06-28 09:55:55.397726059,100136,186,100075,86,100140,186,100074,186,100146,186,100049,186,100148,186,99972,186,100225,186,99961,186,100243,100,99924,100,100314,100,99922,100,100331,100,99920,100,100389,100,99876,200,100466,100,99869,100
2019-06-28 09:56:00.000000000,100136,246,100074,246,100140,242,100049,242,100146,242,99972,242,100148,100,99961,100,100225,100,99924,100,100243,100,99922,100,100314,100,99920,100,100331,100,99876,200,100389,100,99869,100,100466,100,99841,100
2019-06-28 09:56:02.820157901,100136,246,100074,246,100140,242,100049,242,100146,242,99972,242,100148,100,99964,100,100225,100,99961,100,100243,100,99924,100,100314,100,99922,100,100331,100,99920,100,100389,100,99876,200,100466,100,99869,100
2019-06-28 09:56:10.000000000,100136,246,100074,246,100140,242,100049,242,100146,242,99972,242,100148,100,99964,100,100225,100,99961,100,100243,100,99924,100,100314,100,99922,100,100331,100,99920,100,100389,100,99876,200,100466,100,99869,100
2019-06-28 09:56:20.000000000,100136,315,100074,315,100140,315,100049,315,100146,100,99972,100,100148,100,99964,100,100225,100,99961,100,100243,100,99924,100,100314,100,99922,100,100331,100,99920,100,100389,100,99876,200,100466,100,99869,100
2019-06-28 09:56:30.000000000,100136,186,100074,186,100140,186,100049,186,100146,186,99972,186,100148,186,99964,186,100225,186,99961,186,100243,100,99924,100,100314,100,99922,100,100331,100,99920,100,100389,100,99876,200,100466,100,99869,100
2019-06-28 09:56:40.000000000,100136,246,100074,246,100140,242,100049,242,100146,242,99972,242,100148,100,99964,100,100225,100,99961,100,100243,100,99924,100,100314,100,99922,100,100331,100,99920,100,100389,100,99876,200,100466,100,99869,100
2019-06-28 09:56:50.000000000,100136,208,100074,208,100140,208,100049,208,100146,208,99972,208,100148,208,99964,208,100225,100,99961,100,100243,100,99924,100,100314,100,99922,100,100331,100,99920,100,100389,100,99876,200,100466,100,99869,100
2019-06-28 09:57:00.000000000,100136,186,100074,186,100140,186,100049,186,100146,186,99972,186,100148,186,99964,186,100225,186,99961,186,100243,100,99924,100,100314,100,99922,100,100331,100,99920,100,100389,100,99876,200,100466,100,99869,100
2019-06-28 09:57:09.222546746,100136,186,100074,186,100140,186,100049,186,100146,186,99972,186,100148,186,99964,186,100225,186,99961,186,100243,100,99924,100,100314,100,99922,100,100331,100,99876,200,100389,100,99869,100,100466,100,99841,100
2019-06-28 09:57:10.000000000,100136,246,100074,246,100140,242,100049,242,100146,242,99972,242,100148,100,99964,100,100225,100,99961,100,100243,100,99924,100,100314,100,99922,100,100331,100,99876,200,100389,100,99869,100,100466,100,99841,100
2019-06-28 09:57:15.752361409,100136,246,100074,146,100140,242,100049,242,100146,242,99972,242,100148,100,99964,100,100225,100,99961,100,100243,100,99924,100,100314,100,99922,100,100331,100,99876,200,100389,100,99841,100,100466,100,99690,100
2019-06-28 09:57:18.020826253,100136,246,100074,146,100140,242,100049,242,100146,242,99972,242,100148,100,99964,100,100225,100,99961,100,100243,100,99924,100,100314,100,99922,100,100331,100,99876,200,100389,100,99841,100,100466,100,99690,100
2019-06-28 09:57:20.000000000,100136,246,100049,246,100140,242,99972,242,100146,242,99964,242,100148,100,99961,100,100225,100,99924,100,100243,100,99922,100,100314,100,99876,200,100331,100,99841,100,100389,100,99690,100,100466,100,99656,100
2019-06-28 09:57:30.000000000,100136,208,100049,208,100140,208,99972,208,100146,208,99964,208,100148,208,99961,208,100225,100,99924,100,100243,100,99922,100,100314,100,99876,200,100331,100,99841,100,100389,100,99690,100,100466,100,99656,100
2019-06-28 09:57:40.000000000,100136,186,100049,186,100140,186,99972,186,100146,186,99964,186,100148,186,99961,186,100225,186,99924,186,100243,100,99922,100,100314,100,99876,200,100331,100,99841,100,100389,100,99690,100,100466,100,99656,100
2019-06-28 09:57:40.449762142,100136,186,100049,186,100140,186,99972,186,100146,186,99964,186,100148,186,99961,186,100225,186,99924,186,100243,100,99922,100,100314,100,99876,200,100331,100,99841,100,100389,100,99754,100,100466,100,99690,100
2019-06-28 09:57:50.000000000,100136,315,100049,315,100140,315,99972,315,100146,100,99964,100,100148,100,99961,100,100225,100,99924,100,100243,100,99922,100,100314,100,99876,200,100331,100,99841,100,100389,100,99754,100,100466,100,99690,100
2019-06-28 09:57:56.372746173,100136,315,100049,315,100140,315,99985,100,100146,100,99972,315,100148,100,99961,100,100225,100,99924,100,100243,100,99922,100,100314,100,99876,200,100331,100,99841,100,100389,100,99754,100,100466,100,99690,100
2019-06-28 09:58:00.000000000,100136,530,100049,530,100140,100,99985,100,100146,100,99972,100,100148,100,99961,100,100225,100,99924,100,100243,100,99922,100,100314,100,99876,200,100331,100,99841,100,100389,100,99754,100,100466,100,99690,100
2019-06-28 09:58:08.863217880,100136,530,100049,530,100140,100,99985,100,100146,100,99972,100,100148,100,99961,100,100225,100,99924,100,100243,100,99922,100,100314,100,99876,200,100331,100,99841,100,100389,100,99754,100,100466,100,99690,100
2019-06-28 09:58:10.000000000,100136,530,100049,530,100140,100,99985,100,100146,100,99972,100,100148,100,99961,100,100225,100,99924,100,100243,100,99922,100,100314,100,99876,200,100331,100,99841,100,100389,100,99754,100,100466,100,99690,100
2019-06-28 09:58:14.292227896,100136,530,100049,530,100140,100,99985,100,100146,100,99972,100,100148,100,99961,100,100225,100,99924,100,100243,100,99922,100,100314,100,99876,200,100331,100,99841,100,100389,100,99754,100,100466,100,99690,100
2019-06-28 09:58:20.000000000,100136,208,100049,208,100140,208,99985,208,100146,208,99972,208,100148,208,99961,208,100225,100,99924,100,100243,100,99922,100,100314,100,99876,200,100331,100,99841,100,100389,100,99754,100,100466,100,99690,100
2019-06-28 09:58:30.000000000,100136,530,100049,530,100140,100,99985,100,100146,100,99972,100,100148,100,99961,100,100225,100,99924,100,100243,100,99922,100,100314,100,99876,200,100331,100,99841,100,100389,100,99754,100,100466,100,99690,100
2019-06-28 09:58:40.000000000,100136,530,100049,530,100140,100,99985,100,100146,100,99972,100,100148,100,99961,100,100225,100,99924,100,100243,100,99922,100,100314,100,99876,200,100331,100,99841,100,100389,100,99754,100,100466,100,99690,100
2019-06-28 09:58:50.000000000,100136,208,100049,208,100140,208,99985,208,100146,208,99972,208,100148,208,99961,208,100225,100,99924,100,100243,100,99922,100,100314,100,99876,200,100331,100,99841,100,100389,100,99754,100,100466,100,99690,100
2019-06-28 09:58:50.550663287,100136,208,100049,208,100140,208,99985,208,100146,208,99972,208,100148,208,99961,208,100225,100,99924,100,100243,100,99922,100,100314,100,99900,100,100331,100,99876,200,100389,100,99841,100,100466,100,99754,100
2019-06-28 09:58:51.700348523,100136,208,100049,208,100140,208,99985,208,100146,208,99972,208,100148,208,99961,208,100225,100,99922,100,100243,100,99900,100,100265,100,99876,200,100314,100,99841,100,100331,100,99754,100,100389,100,99690,100
2019-06-28 09:59:00.000000000,100136,315,100049,315,100140,315,99985,315,100146,100,99972,100,100148,100,99961,100,100225,100,99922,100,100243,100,99900,100,100265,100,99876,200,100314,100,99841,100,100331,100,99754,100,100389,100,99690,100
2019-06-28 09:59:04.884395068,100136,315,100049,315,100140,315,99985,315,100146,100,99972,100,100148,100,99961,100,100203,100,99922,100,100225,100,99900,100,100243,100,99876,200,100265,100,99841,100,100314,100,99754,100,100331,100,99690,100
2019-06-28 09:59:05.887112277,100136,315,100076,100,100140,315,100049,315,100146,100,99985,315,100148,100,99972,100,100203,100,99961,100,100225,100,99922,100,100243,100,99900,100,100265,100,99876,200,100314,100,99841,100,100331,100,99754,100
2019-06-28 09:59:07.418785613,100136,315,100076,100,100140,215,100049,315,100146,100,100009,100,100148,100,99985,315,100203,100,99972,100,100225,100,99961,100,100243,100,99922,100,100265,100,99900,100,100314,100,99876,200,100331,100,99841,100
2019-06-28 09:59:10.000000000,100136,315,100076,315,100146,315,100049,315,100148,100,100009,100,100203,100,99985,100,100225,100,99972,100,100243,100,99961,100,100265,100,99922,100,100314,100,99900,100,100331,100,99876,200,100389,100,99841,100
2019-06-28 09:59:20.000000000,100136,530,100076,530,100146,100,100049,100,100148,100,100009,100,100203,100,99985,100,100225,100,99972,100,100243,100,99961,100,100265,100,99922,100,100314,100,99900,100,100331,100,99876,200,100389,100,99841,100
2019-06-28 09:59:30.000000000,100136,246,100076,246,100146,242,100049,242,100148,242,100009,242,100203,100,99985,100,100225,100,99972,100,100243,100,99961,100,100265,100,99922,100,100314,100,99900,100,100331,100,99876,200,100389,100,99841,100
2019-06-28 09:59:40.000000000,100136,208,100076,208,100146,208,100049,208,100148,208,100009,208,100203,208,99985,208,100225,100,99972,100,100243,100,99961,100,100265,100,99922,100,100314,100,99900,100,100331,100,99876,200,100389,100,99841,100
2019-06-28 09:59:45.830968366,100136,208,100076,108,100146,208,100049,208,100148,208,100009,208,100203,208,99985,208,100225,100,99972,100,100243,100,99961,100,100265,100,99922,100,100314,100,99900,100,100331,100,99876,200,100389,100,99841,100
2019-06-28 09:59:50.000000000,100136,208,100049,208,100146,208,100009,208,100148,208,99985,208,100203,208,99972,208,100225,100,99961,100,100243,100,99922,100,100265,100,99900,100,100314,100,99876,200,100331,100,99841,100,100389,100,99754,100
2019-06-28 09:59:52.324784736,100136,208,100049,208,100146,208,100009,208,100148,208,99985,208,100203,208,99972,208,100225,100,99961,100,100243,100,99922,100,100265,100,99900,100,100314,100,99876,200,100331,100,99865,100,100389,100,99841,100
2019-06-28 10:00:00.000000000,100136,315,100049,315,100146,315,100009,315,100148,100,99985,100,100203,100,99972,100,100225,100,99961,100,100243,100,99922,100,100265,100,99900,100,100314,100,99876,200,100331,100,99865,100,100389,100,99841,100
2019-06-28 10:00:10.000000000,100136,530,100049,530,100146,100,100009,100,100148,100,99985,100,100203,100,99972,100,100225,100,99961,100,100243,100,99922,100,100265,100,99900,100,100314,100,99876,200,100331,100,99865,100,100389,100,99841,100
2019-06-28 10:00:20.000000000,100136,315,100049,315,100146,315,100009,315,100148,100,99985,100,100203,100,99972,100,100225,100,99961,100,100243,100,99922,100,100265,100,99900,100,100314,100,99876,200,100331,100,99865,100,100389,100,99841,100
2019-06-28 10:00:24.345028190,100136,315,100049,215,100146,315,100009,315,100148,100,99985,100,100203,100,99972,100,100225,100,99961,100,100243,100,99922,100,100265,100,99900,100,100314,100,99876,200,100331,100,99865,100,100389,100,99841,100
2019-06-28 10:00:30.000000000,100136,530,100009,530,100146,100,99985,100,100148,100,99972,100,100203,100,99961,100,100225,100,99922,100,100243,100,99900,100,100265,100,99876,200,100314,100,99865,100,100331,100,99841,100,100389,100,99754,100
2019-06-28 10:00:30.171513935,100136,530,100009,430,100146,100,99985,100,100148,100,99972,100,100203,100,99961,100,100225,100,99922,100,100243,100,99900,100,100265,100,99876,200,100314,100,99865,100,100331,100,99841,100,100389,100,99754,100
2019-06-28 10:00:39.880121703,100049,100,100009,430,100136,530,99985,100,100146,100,99972,100,100148,100,99961,100,100203,100,99922,100,100225,100,99900,100,100243,100,99876,200,100265,100,99865,100,100314,100,99841,100,100331,100,99754,100
2019-06-28 10:00:40.000000000,100049,530,99985,530,100136,100,99972,100,100146,100,99961,100,100148,100,99922,100,100203,100,99900,100,100225,100,99876,200,100243,100,99865,100,100265,100,99841,100,100314,100,99754,100,100331,100,99690,100
2019-06-28 10:00:44.258307799,100049,530,99985,530,100136,100,99972,100,100148,100,99961,100,100203,100,99922,100,100225,100,99900,100,100243,100,99876,200,100265,100,99865,100,100314,100,99841,100,100331,100,99754,100,100389,100,99690,100
2019-06-28 10:00:45.639910985,100049,530,99985,530,100136,100,99972,100,100148,100,99961,100,100203,100,99922,100,100225,100,99900,100,100243,100,99876,200,100265,100,99865,100,100314,100,99841,100,100331,100,99754,100,100389,100,99690,100
2019-06-28 10:00:50.000000000,100049,186,99985,186,100136,186,99972,186,100148,186,99961,186,100203,186,99922,186,100225,186,99900,186,100243,100,99876,200,100265,100,99865,100,100314,100,99841,100,100331,100,99754,100,100389,100,99690,100
2019-06-28 10:00:52.329461233,100049,186,99985,186,100136,186,99972,186,100148,186,99961,186,100203,186,99922,186,100225,186,99900,186,100243,100,99876,200,100265,100,99865,100,100314,100,99841,100,100331,100,99754,100,100389,100,99690,100
2019-06-28 10:01:00.000000000,100049,530,99985,530,100136,100,99972,100,100148,100,99961,100,100203,100,99922,100,100225,100,99900,100,100243,100,99876,200,100265,100,99865,100,100314,100,99841,100,100331,100,99754,100,100389,100,99690,100
2019-06-28 10:01:04.339801214,100049,630,99985,530,100136,100,99961,100,100148,100,99922,100,100203,100,99900,100,100225,100,99876,200,100243,100,99865,100,100265,100,99841,100,100314,100,99754,100,100331,100,99690,100,100389,100,99678,100
2019-06-28 10:01:10.000000000,100049,346,99985,246,100136,242,99961,242,100148,242,99922,242,100203,100,99900,100,100225,100,99876,200,100243,100,99865,100,100265,100,99841,100,100314,100,99754,100,100331,100,99690,100,100389,100,99678,100
2019-06-28 10:01:20.000000000,100049,286,99985,186,100136,186,99961,186,100148,186,99922,186,100203,186,99900,186,100225,186,99876,286,100243,100,99865,100,100265,100,99841,100,100314,100,99754,100,100331,100,99690,100,100389,100,99678,100
2019-06-28 10:01:30.000000000,100049,630,99985,530,100136,100,99961,100,100148,100,99922,100,100203,100,99900,100,100225,100,99876,200,100243,100,99865,100,100265,100,99841,100,100314,100,99754,100,100331,100,99690,100,100389,100,99678,100
2019-06-28 10:01:40.000000000,100049,286,99985,186,100136,186,99961,186,100148,186,99922,186,100203,186,99900,186,100225,186,99876,286,100243,100,99865,100,100265,100,99841,100,100314,100,99754,100,100331,100,99690,100,100389,100,99678,100
2019-06-28 10:01:43.408308546,100049,286,99985,186,100136,186,99961,186,100148,186,99922,186,100203,186,99900,86,100225,186,99876,286,100243,100,99865,100,100265,100,99841,100,100314,100,99754,100,100331,100,99690,100,100389,100,99678,100
2019-06-28 10:01:46.394504475,100049,286,99985,186,100136,186,99961,186,100148,186,99922,186,100203,186,99900,86,100225,186,99876,286,100243,100,99865,100,100265,100,99841,100,100314,100,99754,100,100331,100,99690,100,100389,100,99678,100
2019-06-28 10:01:50.000000000,100049,630,99985,530,100136,100,99961,100,100148,100,99922,100,100203,100,99876,200,100225,100,99865,100,100243,100,99841,100,100265,100,99754,100,100314,100,99690,100,100331,100,99678,100,100389,100,99656,100
2019-06-28 10:01:53.648260227,100049,630,99985,530,100136,100,99961,100,100148,100,99922,100,100203,100,99876,200,100225,100,99865,100,100243,100,99841,100,100265,100,99690,100,100314,100,99678,100,100331,100,99656,100,100389,100,99558,100
2019-06-28 10:02:00.000000000,100049,346,99985,246,100136,242,99961,242,100148,242,99922,242,100203,100,99876,200,100225,100,99865,100,100243,100,99841,100,100265,100,99690,100,100314,100,99678,100,100331,100,99656,100,100389,100,99558,100
2019-06-28 10:02:10.000000000,100049,286,99985,186,100136,186,99961,186,100148,186,99922,186,100203,186,99876,286,100225,186,99865,186,100243,100,99841,100,100265,100,99690,100,100314,100,99678,100,100331,100,99656,100,100389,100,99558,100
2019-06-28 10:02:12.377143485,100049,386,99985,186,100136,186,99961,186,100148,186,99922,186,100203,186,99876,286,100225,186,99865,186,100243,100,99841,100,100265,100,99690,100,100314,100,99678,100,100331,100,99656,100,100389,100,99558,100
2019-06-28 10:02:20.000000000,100049,515,99985,315,100136,315,99961,315,100148,100,99922,100,100203,100,99876,200,100225,100,99865,100,100243,100,99841,100,100265,100,99690,100,100314,100,99678,100,100331,100,99656,100,100389,100,99558,100
2019-06-28 10:02:30.000000000,100049,446,99985,246,100136,242,99961,242,100148,242,99922,242,100203,100,99876,200,100225,100,99865,100,100243,100,99841,100,100265,100,99690,100,100314,100,99678,100,100331,100,99656,100,100389,100,99558,100
2019-06-28 10:02:40.000000000,100049,446,99985,246,100136,242,99961,242,100148,242,99922,242,100203,100,99876,200,100225,100,99865,100,100243,100,99841,100,100265,100,99690,100,100314,100,99678,100,100331,100,99656,100,100389,100,99558,100
2019-06-28 10:02:50.000000000,100049,446,99985,246,100136,242,99961,242,100148,242,99922,242,100203,100,99876,200,100225,100,99865,100,100243,100,99841,100,100265,100,99690,100,100314,100,99678,100,100331,100,99656,100,100389,100,99558,100
2019-06-28 10:03:00.000000000,100049,408,99985,208,100136,208,99961,208,100148,208,99922,208,100203,208,99876,308,100225,100,99865,100,100243,100,99841,100,100265,100,99690,100,100314,100,99678,100,100331,100,99656,100,100389,100,99558,100
2019-06-28 10:03:04.847586201,100049,408,99985,208,100136,208,99961,208,100148,208,99922,208,100203,208,99876,308,100225,100,99865,100,100243,100,99841,100,100265,100,99690,100,100314,100,99678,100,100331,100,99656,100,100389,100,99592,100
2019-06-28 10:03:10.000000000,100049,446,99985,246,100136,242,99961,242,100148,242,99922,242,100203,100,99876,200,100225,100,99865,100,100243,100,99841,100,100265,100,99690,100,100314,100,99678,100,100331,100,99656,100,100389,100,99592,100
2019-06-28 10:03:12.663067846,100049,446,99985,146,100136,242,99961,242,100148,242,99922,242,100203,100,99876,200,100225,100,99865,100,100243,100,99841,100,100265,100,99690,100,100314,100,99678,100,100331,100,99656,100,100389,100,99558,100
2019-06-28 10:03:15.789154256,100049,446,99985,146,100136,242,99961,242,100148,242,99922,242,100203,100,99876,100,100225,100,99865,100,100243,100,99841,100,100265,100,99690,100,100314,100,99678,100,100331,100,99656,100,100389,100,99558,100
2019-06-28 10:03:20.000000000,100049,408,99961,208,100136,208,99922,208,100148,208,99876,208,100203,208,99865,208,100225,100,99841,100,100243,100,99690,100,100265,100,99678,100,100314,100,99656,100,100331,100,99558,100,100389,100,99548,100
2019-06-28 10:03:30.000000000,100049,386,99961,186,100136,186,99922,186,100148,186,99876,186,100203,186,99865,186,100225,186,99841,186,100243,100,99690,100,100265,100,99678,100,100314,100,99656,100,100331,100,99558,100,100389,100,99548,100
2019-06-28 10:03:40.000000000,100049,386,99961,186,100136,186,99922,186,100148,186,99876,186,100203,186,99865,186,100225,186,99841,186,100243,100,99690,100,100265,100,99678,100,100314,100,99656,100,100331,100,99558,100,100389,100,99548,100
2019-06-28 10:03:50.000000000,100049,408,99961,208,100136,208,99922,208,100148,208,99876,208,100203,208,99865,208,100225,100,99841,100,100243,100,99690,100,100265,100,99678,100,100314,100,99656,100,100331,100,99558,100,100389,100,99548,100
2019-06-28 10:03:51.676166707,100049,408,99961,108,100136,208,99922,208,100148,208,99876,208,100203,208,99865,208,100225,100,99841,100,100243,100,99690,100,100265,100,99678,100,100314,100,99656,100,100331,100,99558,100,100389,100,99548,100
2019-06-28 10:04:00.000000000,100049,730,99922,530,100136,100,99876,100,100148,100,99865,100,100203,100,99841,100,100225,100,99690,100,100243,100,99678,100,100265,100,99656,100,100314,100,99558,100,100331,100,99548,100,100389,100,99448,100
2019-06-28 10:04:10.000000000,100049,515,99922,315,100136,315,99876,315,100148,100,99865,100,100203,100,99841,100,100225,100,99690,100,100243,100,99678,100,100265,100,99656,100,100314,100,99558,100,100331,100,99548,100,100389,100,99448,100
2019-06-28 10:04:20.000000000,100049,446,99922,246,100136,242,99876,242,100148,242,99865,242,100203,100,99841,100,100225,100,99690,100,100243,100,99678,100,100265,100,99656,100,100314,100,99558,100,100331,100,99548,100,100389,100,99448,100
2019-06-28 10:04:25.228497659,100049,446,99922,146,100136,242,99876,242,100148,242,99865,242,100203,100,99841,100,100225,100,99690,100,100243,100,99678,100,100265,100,99656,100,100314,100,99558,100,100331,100,99548,100,100389,100,99448,100
2019-06-28 10:04:25.696797298,100049,446,99922,146,100136,242,99876,242,100148,242,99865,242,100203,100,99841,100,100225,100,99690,100,100243,100,99678,100,100265,100,99656,100,100314,100,99558,100,100331,100,99548,100,100389,100,99448,100
2019-06-28 10:04:30.000000000,100049,408,99876,208,100136,208,99865,208,100148,208,99841,208,100203,208,99690,208,100225,100,99678,100,100243,100,99656,100,100265,100,99558,100,100314,100,99548,100,100331,100,99448,100,100389,100,99434,100
2019-06-28 10:04:40.000000000,100049,730,99876,530,100136,100,99865,100,100148,100,99841,100,100203,100,99690,100,100225,100,99678,100,100243,100,99656,100,100265,100,99558,100,100314,100,99548,100,100331,100,99448,100,100389,100,99434,100
2019-06-28 10:04:43.027997782,99961,100,99876,530,100049,730,99865,100,100136,100,99841,100,100148,100,99690,100,100203,100,99678,100,100225,100,99656,100,100243,100,99558,100,100265,100,99548,100,100314,100,99448,100,100331,100,99434,100
2019-06-28 10:04:50.000000000,99961,530,99876,530,100049,300,99865,100,100136,100,99841,100,100148,100,99690,100,100203,100,99678,100,100225,100,99656,100,100243,100,99558,100,100265,100,99548,100,100314,100,99448,100,100331,100,99434,100
2019-06-28 10:05:00.000000000,99961,208,99876,208,100049,408,99865,208,100136,208,99841,208,100148,208,99690,208,100203,100,99678,100,100225,100,99656,100,100243,100,99558,100,100265,100,99548,100,100314,100,99448,100,100331,100,99434,100
2019-06-28 10:05:10.000000000,99961,246,99876,246,100049,442,99865,242,100136,242,99841,242,100148,100,99690,100,100203,100,99678,100,100225,100,99656,100,100243,100,99558,100,100265,100,99548,100,100314,100,99448,100,100331,100,99434,100
2019-06-28 10:05:20.000000000,99961,246,99876,246,100049,442,99865,242,100136,242,99841,242,100148,100,99690,100,100203,100,99678,100,100225,100,99656,100,100243,100,99558,100,100265,100,99548,100,100314,100,99448,100,100331,100,99434,100
2019-06-28 10:05:30.000000000,99961,186,99876,186,100049,386,99865,186,100136,186,99841,186,100148,186,99690,186,100203,186,99678,186,100225,100,99656,100,100243,100,99558,100,100265,100,99548,100,100314,100,99448,100,100331,100,99434,100
2019-06-28 10:05:35.282127373,99961,186,99876,86,100049,386,99865,186,100136,186,99841,186,100148,186,99690,186,100203,186,99678,186,100225,100,99656,100,100243,100,99558,100,100265,100,99548,100,100314,100,99448,100,100331,100,99434,100
2019-06-28 10:05:40.000000000,99961,315,99865,315,100049,515,99841,315,100136,100,99690,100,100148,100,99678,100,100203,100,99656,100,100225,100,99558,100,100243,100,99548,100,100265,100,99448,100,100314,100,99434,100,100331,100,99343,100
2019-06-28 10:05:47.261219876,99961,315,99865,215,100049,515,99841,315,100136,100,99832,100,100148,100,99690,100,100203,100,99678,100,100225,100,99656,100,100243,100,99558,100,100265,100,99548,100,100314,100,99448,100,100331,100,99434,100
2019-06-28 10:05:50.000000000,99961,186,99841,186,100049,386,99832,186,100136,186,99690,186,100148,186,99678,186,100203,186,99656,186,100225,100,99558,100,100243,100,99548,100,100265,100,99448,100,100314,100,99434,100,100331,100,99343,100
2019-06-28 10:05:53.471559061,99961,186,99841,186,100049,386,99832,186,100136,186,99736,100,100148,86,99690,186,100203,186,99678,186,100225,100,99656,186,100243,100,99558,100,100265,100,99548,100,100314,100,99448,100,100331,100,99434,100
2019-06-28 10:06:00.000000000,99961,315,99841,315,100049,515,99832,315,100136,100,99736,100,100203,100,99690,100,100225,100,99678,100,100243,100,99656,100,100265,100,99558,100,100314,100,99548,100,100331,100,99448,100,100389,100,99434,100
2019-06-28 10:06:00.742077117,99922,100,99841,315,99961,315,99832,315,100049,515,99736,100,100136,100,99690,100,100203,100,99678,100,100225,100,99656,100,100243,100,99558,100,100265,100,99548,100,100314,100,99448,100,100331,100,99434,100
2019-06-28 10:06:10.000000000,99922,208,99841,208,99961,208,99832,208,100049,408,99736,208,100136,208,99690,208,100203,100,99678,100,100225,100,99656,100,100243,100,99558,100,100265,100,99548,100,100314,100,99448,100,100331,100,99434,100
2019-06-28 10:06:20.000000000,99922,530,99841,530,99961,100,99832,100,100049,300,99736,100,100136,100,99690,100,100203,100,99678,100,100225,100,99656,100,100243,100,99558,100,100265,100,99548,100,100314,100,99448,100,100331,100,99434,100
2019-06-28 10:06:23.838035075,99922,530,99841,430,99961,100,99832,100,100049,300,99736,100,100136,100,99690,100,100203,100,99678,100,100225,100,99656,100,100243,100,99558,100,100265,100,99548,100,100314,100,99448,100,100331,100,99434,100
2019-06-28 10:06:30.000000000,99922,530,99832,530,99961,100,99736,100,100049,300,99690,100,100136,100,99678,100,100203,100,99656,100,100225,100,99558,100,100243,100,99548,100,100265,100,99448,100,100314,100,99434,100,100331,100,99343,100
2019-06-28 10:06:40.000000000,99922,530,99832,530,99961,100,99736,100,100049,300,99690,100,100136,100,99678,100,100203,100,99656,100,100225,100,99558,100,100243,100,99548,100,100265,100,99448,100,100314,100,99434,100,100331,100,99343,100
2019-06-28 10:06:43.899678604,99922,530,99832,430,99961,100,99736,100,100049,300,99690,100,100136,100,99678,100,100203,100,99656,100,100225,100,99558,100,100243,100,99548,100,100265,100,99448,100,100314,100,99434,100,100331,100,99343,100
2019-06-28 10:06:50.000000000,99922,186,99736,186,99961,186,99690,186,100049,386,99678,186,100136,186,99656,186,100203,186,99558,186,100225,100,99548,100,100243,100,99448,100,100265,100,99434,100,100314,100,99343,100,100331,100,99204,100
2019-06-28 10:06:59.433529976,99922,186,99736,186,99961,186,99690,186,100049,386,99678,186,100136,186,99656,86,100203,186,99558,186,100225,100,99548,100,100243,100,99448,100,100265,100,99434,100,100314,100,99346,100,100331,100,99343,100
2019-06-28 10:07:00.000000000,99922,208,99736,208,99961,208,99690,208,100049,408,99678,208,100136,208,99558,208,100203,100,99548,100,100225,100,99448,100,100243,100,99434,100,100265,100,99346,100,100314,100,99343,100,100331,100,99204,100
2019-06-28 10:07:08.235955674,99922,208,99736,208,99961,208,99690,208,100049,408,99678,208,100136,208,99558,208,100203,100,99517,100,100225,100,99448,100,100243,100,99434,100,100265,100,99346,100,100314,100,99343,100,100331,100,99204,100
2019-06-28 10:07:10.000000000,99922,530,99736,530,99961,100,99690,100,100049,300,99678,100,100136,100,99558,100,100203,100,99517,100,100225,100,99448,100,100243,100,99434,100,100265,100,99346,100,100314,100,99343,100,100331,100,99204,100
2019-06-28 10:07:13.879059602,99776,100,99736,530,99922,530,99690,100,99961,100,99678,100,100049,300,99558,100,100136,100,99517,100,100203,100,99448,100,100225,100,99434,100,100243,100,99346,100,100265,100,99343,100,100314,100,99204,100
2019-06-28 10:07:20.000000000,99776,315,99736,315,99922,315,99690,315,99961,100,99678,100,100049,300,99558,100,100136,100,99517,100,100203,100,99448,100,100225,100,99434,100,100243,100,99346,100,100265,100,99343,100,100314,100,99204,100
2019-06-28 10:07:30.000000000,99776,315,99736,315,99922,315,99690,315,99961,100,99678,100,100049,300,99558,100,100136,100,99517,100,100203,100,99448,100,100225,100,99434,100,100243,100,99346,100,100265,100,99343,100,100314,100,99204,100
