,ask_price_1,ask_size_1,bid_price_1,bid_size_1,ask_price_2,ask_size_2,bid_price_2,bid_size_2,ask_price_3,ask_size_3,bid_price_3,bid_size_3,ask_price_4,ask_size_4,bid_price_4,bid_size_4,ask_price_5,ask_size_5,bid_price_5,bid_size_5,ask_price_6,ask_size_6,bid_price_6,bid_size_6,ask_price_7,ask_size_7,bid_price_7,bid_size_7,ask_price_8,ask_size_8,bid_price_8,bid_size_8,ask_price_9,ask_size_9,bid_price_9,bid_size_9,ask_price_10,ask_size_10,bid_price_10,bid_size_10
2019-06-28 09:30:00.000000001,100164,100,99818,100,,,,,,,,,,,,,,,,,,,,,,,,,,,,,,,,,,,,
2019-06-28 09:30:00.000000003,100164,100,100051,100,,,99984,100,,,99818,100,,,,,,,,,,,,,,,,,,,,,,,,,,,,
2019-06-28 09:30:00.000000006,100164,100,99984,100,,,99818,100,,,,,,,,,,,,,,,,,,,,,,,,,,,,,,,,
2019-06-28 09:30:00.000000007,100164,100,99984,100,,,99949,100,,,99900,100,,,99818,100,,,,,,,,,,,,,,,,,,,,,,,,
2019-06-28 09:30:00.000000008,100022,100,99984,100,100164,100,99964,100,,,99949,100,,,99900,100,,,99818,100,,,,,,,,,,,,,,,,,,,,
2019-06-28 09:30:00.000000009,100022,100,100001,100,100164,100,99984,100,,,99964,100,,,99949,100,,,99900,100,,,99818,100,,,,,,,,,,,,,,,,
2019-06-28 09:30:00.000000010,100011,100,100001,100,100022,100,99984,100,100164,100,99964,100,,,99949,100,,,99900,100,,,99818,100,,,,,,,,,,,,,,,,
2019-06-28 09:30:00.000000012,100011,100,100001,100,100022,100,99984,100,100164,100,99964,100,100195,100,99949,100,,,99900,100,,,99818,100,,,,,,,,,,,,,,,,
2019-06-28 09:30:00.000000013,100011,100,100001,100,100022,100,99984,100,100164,100,99964,100,100195,100,99949,100,,,99900,100,,,99852,100,,,99818,100,,,99799,100,,,,,,,,
2019-06-28 09:30:00.000000018,100011,100,100001,100,100022,100,99984,100,100164,100,99981,100,100195,100,99964,100,,,99949,100,,,99900,100,,,99852,100,,,99818,100,,,99799,100,,,,
2019-06-28 09:30:00.000000019,100011,100,99984,100,100022,100,99981,100,100164,100,99964,100,100195,100,99949,100,,,99900,100,,,99852,100,,,99818,100,,,99799,100,,,,,,,,
2019-06-28 09:30:00.000000021,100004,100,99984,100,100011,100,99981,100,100022,100,99964,100,100042,100,99949,100,100088,100,99900,100,100164,100,99852,100,100195,100,99818,100,,,99799,100,,,,,,,,
2019-06-28 09:30:00.000000029,100004,100,99984,100,100011,100,99981,100,100022,100,99964,100,100042,100,99949,100,100088,100,99900,100,100164,100,99852,100,100185,100,99818,100,100195,100,99799,100,,,,,,,,
2019-06-28 09:30:00.000000030,100004,100,99984,100,100011,100,99981,100,100022,100,99964,100,100042,100,99949,100,100088,100,99918,100,100164,100,99900,100,100185,100,99852,100,100195,100,99818,100,,,99799,100,,,,
2019-06-28 09:30:00.000000032,100004,100,100001,100,100011,100,99984,100,100022,100,99981,100,100042,100,99964,100,100088,100,99949,100,100164,100,99918,100,100185,100,99900,100,100195,100,99852,100,,,99818,100,,,99799,100
2019-06-28 09:30:00.000000033,100004,100,100001,100,100011,100,99984,100,100022,100,99981,100,100042,100,99964,100,100088,100,99949,100,100164,100,99948,100,100185,100,99918,100,100195,100,99900,100,,,99852,100,,,99818,100
2019-06-28 09:30:00.000000037,100004,100,100001,100,100011,100,99984,100,100022,100,99981,100,100042,100,99964,100,100043,100,99949,100,100088,100,99948,100,100164,100,99918,100,100185,100,99900,100,100195,100,99852,100,,,99818,100
2019-06-28 09:30:00.000000041,100004,100,100001,200,100011,100,99984,100,100022,100,99981,100,100042,100,99964,100,100043,100,99952,100,100088,100,99949,100,100164,100,99948,100,100185,100,99918,100,100195,100,99900,100,,,99852,100
2019-06-28 09:30:00.000000042,100004,100,100001,200,100011,100,99984,100,100022,100,99981,100,100042,100,99964,100,100043,100,99952,100,100088,100,99949,100,100164,100,99948,100,100185,100,99918,100,100195,100,99900,100,,,99891,100
2019-06-28 09:30:00.000000045,100004,100,100001,200,100011,100,99984,100,100022,100,99981,100,100042,100,99964,100,100043,100,99952,100,100085,100,99949,100,100088,100,99948,100,100164,100,99918,100,100185,100,99900,100,100195,100,99891,100
2019-06-28 09:30:00.000000047,100011,100,100001,200,100022,100,99984,100,100042,100,99981,100,100043,100,99964,100,100085,100,99952,100,100088,100,99949,100,100164,100,99948,100,100185,100,99918,100,100195,100,99908,100,,,99900,100
2019-06-28 09:30:00.000000056,100011,200,100001,200,100022,100,99984,100,100042,100,99981,100,100043,100,99964,100,100085,100,99952,100,100088,100,99949,100,100164,100,99948,100,100185,100,99918,100,100195,100,99908,100,,,99900,100
2019-06-28 09:30:00.000000057,100011,200,100001,200,100022,100,99984,100,100042,100,99981,100,100043,100,99964,100,100085,100,99952,100,100088,100,99949,100,100163,100,99948,100,100164,100,99918,100,100185,100,99908,100,100195,100,99900,100
2019-06-28 09:30:00.000000059,100011,200,100001,200,100022,100,99984,100,100042,100,99981,100,100043,100,99964,100,100085,100,99952,100,100088,100,99949,100,100163,100,99948,100,100164,100,99918,100,100185,100,99908,100,100195,100,99905,100
2019-06-28 09:30:00.000000063,100011,200,100002,100,100022,100,100001,200,100042,100,99984,100,100043,100,99981,100,100085,100,99964,100,100088,100,99952,100,100163,100,99949,100,100164,100,99948,100,100185,100,99918,100,100195,100,99908,100
2019-06-28 09:30:00.000000064,100011,200,100002,100,100022,100,100001,200,100042,100,99984,100,100043,100,99981,100,100085,100,99964,100,100088,100,99952,100,100127,100,99949,100,100163,100,99948,100,100164,100,99918,100,100185,100,99908,100
2019-06-28 09:30:00.000000066,100011,200,100002,100,100022,100,100001,300,100042,100,99984,100,100043,100,99981,100,100085,100,99964,100,100088,100,99952,100,100127,100,99949,100,100163,100,99948,100,100164,100,99918,100,100185,100,99908,100
2019-06-28 09:30:00.000000067,100011,200,100002,100,100022,100,100001,300,100042,100,99984,100,100043,100,99981,100,100085,100,99964,100,100088,100,99952,100,100113,100,99949,100,100121,100,99948,100,100127,100,99918,100,100163,100,99908,100
2019-06-28 09:30:00.000000068,100011,200,100002,100,100022,100,100001,300,100042,100,99984,100,100043,100,99981,100,100085,100,99968,100,100088,100,99964,100,100113,100,99952,100,100121,100,99949,100,100127,100,99948,100,100163,100,99918,100
2019-06-28 09:30:00.000000069,100011,200,100001,300,100022,100,99984,100,100042,100,99981,100,100043,100,99968,100,100085,100,99964,100,100088,100,99952,100,100113,100,99949,100,100121,100,99948,100,100127,100,99918,100,100163,100,99908,100
2019-06-28 09:30:00.000000072,100011,200,100001,300,100022,100,99984,100,100042,100,99981,100,100043,100,99968,100,100066,100,99964,100,100085,100,99952,100,100088,100,99949,100,100113,100,99948,100,100121,100,99918,100,100127,100,99908,100
2019-06-28 09:30:00.000000073,100011,200,100003,100,100022,100,100001,300,100042,100,99984,100,100043,100,99981,100,100058,100,99968,100,100066,100,99964,100,100085,100,99952,100,100088,100,99949,100,100106,100,99948,100,100113,100,99918,100
2019-06-28 09:30:00.000000074,100011,200,100003,100,100022,100,100001,300,100042,100,99984,100,100043,100,99981,100,100058,100,99968,100,100066,100,99964,100,100080,100,99952,100,100085,100,99949,100,100088,100,99948,100,100106,100,99918,100
2019-06-28 09:30:00.000000075,100004,100,100003,100,100011,200,100002,100,100022,100,100001,300,100025,100,99984,100,100042,100,99981,100,100043,100,99968,100,100058,100,99964,100,100066,100,99952,100,100080,100,99949,100,100085,100,99948,100
2019-06-28 09:30:00.000000076,100004,100,100003,100,100011,200,100002,100,100022,100,100001,300,100025,100,99984,100,100042,100,99981,100,100043,100,99968,100,100058,100,99964,100,100066,100,99952,100,100080,100,99949,100,100085,100,99948,100
2019-06-28 09:30:00.000000077,100004,100,100003,100,100011,200,100002,100,100022,100,100001,300,100025,100,99984,100,100042,100,99981,100,100043,100,99968,100,100058,100,99964,100,100066,100,99952,100,100080,100,99949,100,100085,100,99948,100
2019-06-28 09:30:00.000000079,100004,100,100003,100,100011,200,100002,100,100022,100,100001,300,100025,100,99984,100,100042,100,99981,100,100043,100,99968,100,100058,100,99964,100,100066,100,99952,100,100080,100,99949,100,100085,100,99948,100
2019-06-28 09:30:00.000000080,100004,100,100003,100,100011,200,100002,100,100022,100,100001,300,100025,100,99984,100,100042,100,99981,100,100043,100,99968,100,100058,100,99964,100,100066,100,99952,100,100080,100,99949,100,100085,100,99948,100
2019-06-28 09:30:00.000000082,100004,100,100003,100,100011,200,100002,100,100022,100,100001,300,100025,100,99984,100,100042,100,99981,100,100043,100,99968,100,100058,100,99964,100,100066,100,99952,100,100080,100,99949,100,100085,100,99948,100
2019-06-28 09:30:00.000000085,100004,100,100003,100,100011,200,100002,100,100022,100,100001,300,100025,100,99984,100,100042,100,99981,100,100043,100,99968,100,100058,100,99964,100,100066,100,99952,100,100080,100,99949,100,100085,100,99948,100
2019-06-28 09:30:00.000000086,100011,200,100003,100,100022,100,100002,100,100025,100,100001,300,100042,100,99984,100,100043,100,99981,100,100058,100,99968,100,100066,100,99964,100,100080,100,99952,100,100085,100,99949,100,100087,100,99948,100
2019-06-28 09:30:00.000000087,100011,200,100003,100,100022,100,100002,100,100025,100,100001,300,100042,100,99984,100,100043,100,99981,100,100058,100,99968,100,100066,100,99964,100,100080,100,99952,100,100085,100,99949,100,100087,100,99948,100
2019-06-28 09:30:00.000000089,100011,200,100003,100,100022,100,100002,100,100025,100,100001,300,100042,100,99984,100,100043,100,99981,100,100058,100,99968,100,100066,100,99964,100,100080,100,99952,100,100085,100,99949,100,100087,100,99948,100
2019-06-28 09:30:00.000000093,100011,200,100003,100,100016,100,100002,100,100022,100,100001,300,100025,100,99984,100,100042,100,99981,100,100043,100,99968,100,100058,100,99964,100,100066,100,99952,100,100080,100,99949,100,100085,100,99948,100
2019-06-28 09:30:00.000000094,100004,100,100003,100,100011,200,100002,100,100016,100,100001,300,100022,100,99984,100,100025,100,99981,100,100042,100,99968,100,100043,100,99964,100,100058,100,99952,100,100066,100,99949,100,100080,100,99948,100
2019-06-28 09:30:00.000000095,100004,100,100003,100,100011,200,100002,200,100016,100,100001,300,100022,100,99984,100,100025,100,99981,100,100042,100,99968,100,100043,100,99964,100,100058,100,99952,100,100066,100,99949,100,100080,100,99948,100
2019-06-28 09:30:08.241281157,100004,200,100003,100,100011,200,100002,200,100016,100,100001,300,100022,100,99984,100,100025,100,99981,100,100042,100,99968,100,100043,100,99964,100,100058,100,99952,100,100066,100,99949,100,100080,100,99948,100
2019-06-28 09:30:10.000000000,100004,367,100003,267,100011,362,100002,362,100016,262,100001,462,100022,100,99984,100,100025,100,99981,100,100042,100,99968,100,100043,100,99964,100,100058,100,99952,100,100066,100,99949,100,100080,100,99948,100
2019-06-28 09:30:20.000000000,100004,692,100003,592,100011,200,100002,200,100016,100,100001,300,100022,100,99984,100,100025,100,99981,100,100042,100,99968,100,100043,100,99964,100,100058,100,99952,100,100066,100,99949,100,100080,100,99948,100
2019-06-28 09:30:30.000000000,100004,323,100003,223,100011,323,100002,323,100016,223,100001,423,100022,223,99984,223,100025,100,99981,100,100042,100,99968,100,100043,100,99964,100,100058,100,99952,100,100066,100,99949,100,100080,100,99948,100
2019-06-28 09:30:40.000000000,100004,298,100003,198,100011,298,100002,298,100016,198,100001,398,100022,198,99984,198,100025,198,99981,198,100042,100,99968,100,100043,100,99964,100,100058,100,99952,100,100066,100,99949,100,100080,100,99948,100
2019-06-28 09:30:41.053465763,100004,198,100003,198,100011,298,100002,298,100016,198,100001,398,100022,198,99984,198,100025,198,99981,198,100042,100,99968,100,100043,100,99964,100,100058,100,99952,100,100066,100,99949,100,100080,100,99948,100
2019-06-28 09:30:50.000000000,100004,198,100003,198,100011,298,100002,298,100016,198,100001,398,100022,198,99984,198,100025,198,99981,198,100042,100,99968,100,100043,100,99964,100,100058,100,99952,100,100066,100,99949,100,100080,100,99948,100
2019-06-28 09:31:00.000000000,100004,223,100003,223,100011,323,100002,323,100016,223,100001,423,100022,223,99984,223,100025,100,99981,100,100042,100,99968,100,100043,100,99964,100,100058,100,99952,100,100066,100,99949,100,100080,100,99948,100
2019-06-28 09:31:10.000000000,100004,346,100003,346,100011,446,100002,446,100016,100,100001,300,100022,100,99984,100,100025,100,99981,100,100042,100,99968,100,100043,100,99964,100,100058,100,99952,100,100066,100,99949,100,100080,100,99948,100
2019-06-28 09:31:20.000000000,100004,223,100003,223,100011,323,100002,323,100016,223,100001,423,100022,223,99984,223,100025,100,99981,100,100042,100,99968,100,100043,100,99964,100,100058,100,99952,100,100066,100,99949,100,100080,100,99948,100
2019-06-28 09:31:30.000000000,100004,198,100003,198,100011,298,100002,298,100016,198,100001,398,100022,198,99984,198,100025,198,99981,198,100042,100,99968,100,100043,100,99964,100,100058,100,99952,100,100066,100,99949,100,100080,100,99948,100
2019-06-28 09:31:35.266384637,100004,198,100003,98,100011,298,100002,298,100016,198,100001,398,100022,198,99984,198,100025,198,99981,198,100042,100,99968,100,100043,100,99964,100,100058,100,99952,100,100066,100,99949,100,100080,100,99948,100
2019-06-28 09:31:40.000000000,100004,592,100002,692,100011,200,100001,300,100016,100,99984,100,100022,100,99981,100,100025,100,99968,100,100042,100,99964,100,100043,100,99952,100,100058,100,99949,100,100066,100,99948,100,100080,100,99918,100
2019-06-28 09:31:46.519158151,100003,100,100002,692,100004,592,100001,300,100011,200,99984,100,100016,100,99981,100,100022,100,99968,100,100025,100,99964,100,100042,100,99952,100,100043,100,99949,100,100058,100,99948,100,100066,100,99918,100
2019-06-28 09:31:50.000000000,100003,592,100002,692,100004,100,100001,300,100011,200,99984,100,100016,100,99981,100,100022,100,99968,100,100025,100,99964,100,100042,100,99952,100,100043,100,99949,100,100058,100,99948,100,100066,100,99918,100
2019-06-28 09:32:00.000000000,100003,592,100002,692,100004,100,100001,300,100011,200,99984,100,100016,100,99981,100,100022,100,99968,100,100025,100,99964,100,100042,100,99952,100,100043,100,99949,100,100058,100,99948,100,100066,100,99918,100
2019-06-28 09:32:10.000000000,100003,592,100002,692,100004,100,100001,300,100011,200,99984,100,100016,100,99981,100,100022,100,99968,100,100025,100,99964,100,100042,100,99952,100,100043,100,99949,100,100058,100,99948,100,100066,100,99918,100
2019-06-28 09:32:20.000000000,100003,198,100002,298,100004,198,100001,398,100011,298,99984,198,100016,198,99981,198,100022,198,99968,198,100025,100,99964,100,100042,100,99952,100,100043,100,99949,100,100058,100,99948,100,100066,100,99918,100
2019-06-28 09:32:29.495402488,100003,198,100002,198,100004,198,100001,398,100011,298,99984,198,100016,198,99981,198,100022,198,99968,198,100025,100,99964,100,100042,100,99952,100,100043,100,99949,100,100058,100,99948,100,100066,100,99918,100
2019-06-28 09:32:30.000000000,100003,592,100002,592,100004,100,100001,300,100011,200,99984,100,100016,100,99981,100,100022,100,99968,100,100025,100,99964,100,100042,100,99952,100,100043,100,99949,100,100058,100,99948,100,100066,100,99918,100
2019-06-28 09:32:39.575191514,100003,592,100002,492,100004,100,100001,300,100011,200,99984,100,100016,100,99981,100,100022,100,99968,100,100025,100,99964,100,100042,100,99952,100,100043,100,99949,100,100058,100,99948,100,100066,100,99918,100
2019-06-28 09:32:40.000000000,100003,267,100001,467,100004,262,99984,262,100011,362,99981,262,100016,100,99968,100,100022,100,99964,100,100025,100,99952,100,100042,100,99949,100,100043,100,99948,100,100058,100,99918,100,100066,100,99917,100
2019-06-28 09:32:50.000000000,100003,267,100001,467,100004,262,99984,262,100011,362,99981,262,100016,100,99968,100,100022,100,99964,100,100025,100,99952,100,100042,100,99949,100,100043,100,99948,100,100058,100,99918,100,100066,100,99917,100
2019-06-28 09:33:00.000000000,100003,267,100001,467,100004,262,99984,262,100011,362,99981,262,100016,100,99968,100,100022,100,99964,100,100025,100,99952,100,100042,100,99949,100,100043,100,99948,100,100058,100,99918,100,100066,100,99917,100
2019-06-28 09:33:10.000000000,100003,592,100001,792,100004,100,99984,100,100011,200,99981,100,100016,100,99968,100,100022,100,99964,100,100025,100,99952,100,100042,100,99949,100,100043,100,99948,100,100058,100,99918,100,100066,100,99917,100
2019-06-28 09:33:11.043814977,100003,592,100001,692,100004,100,99984,100,100011,100,99981,100,100016,100,99968,100,100022,100,99964,100,100025,100,99952,100,100042,100,99949,100,100043,100,99948,100,100058,100,99918,100,100066,100,99917,100
2019-06-28 09:33:20.000000000,100003,198,100001,298,100004,198,99984,198,100011,198,99981,198,100016,198,99968,198,100022,198,99964,198,100025,100,99952,100,100042,100,99949,100,100043,100,99948,100,100058,100,99918,100,100066,100,99917,100
2019-06-28 09:33:21.585097762,100003,198,100001,298,100004,198,99984,198,100011,198,99981,198,100016,198,99968,198,100022,198,99964,198,100025,100,99952,100,100042,100,99949,100,100043,100,99948,100,100058,100,99918,100,100066,100,99917,100
2019-06-28 09:33:30.000000000,100003,223,100001,323,100004,223,99984,223,100011,223,99981,223,100016,223,99968,223,100022,100,99964,100,100025,100,99952,100,100042,100,99949,100,100043,100,99948,100,100058,100,99918,100,100066,100,99917,100
2019-06-28 09:33:32.873114800,100002,100,100001,323,100003,223,99984,223,100004,223,99981,223,100011,223,99968,223,100016,223,99964,100,100022,100,99952,100,100025,100,99949,100,100042,100,99948,100,100043,100,99918,100,100058,100,99917,100
2019-06-28 09:33:40.000000000,100002,223,100001,323,100003,223,99984,223,100004,223,99981,223,100011,223,99968,223,100016,100,99964,100,100022,100,99952,100,100025,100,99949,100,100042,100,99948,100,100043,100,99918,100,100058,100,99917,100
2019-06-28 09:33:50.000000000,100002,223,100001,323,100003,223,99984,223,100004,223,99981,223,100011,223,99968,223,100016,100,99964,100,100022,100,99952,100,100025,100,99949,100,100042,100,99948,100,100043,100,99918,100,100058,100,99917,100
2019-06-28 09:33:54.942500809,100002,223,100001,223,100003,223,99984,223,100004,223,99981,223,100011,223,99968,223,100016,100,99964,100,100022,100,99952,100,100025,100,99949,100,100042,100,99948,100,100043,100,99918,100,100058,100,99917,100
2019-06-28 09:33:57.324580394,100002,223,100001,223,100003,223,99984,223,100004,223,99981,223,100011,223,99968,223,100016,100,99964,100,100022,100,99952,100,100025,100,99949,100,100042,100,99948,100,100043,100,99918,100,100066,100,99917,100
2019-06-28 09:34:00.000000000,100002,198,100001,198,100003,198,99984,198,100004,198,99981,198,100011,198,99968,198,100016,198,99964,198,100022,100,99952,100,100025,100,99949,100,100042,100,99948,100,100043,100,99918,100,100066,100,99917,100
2019-06-28 09:34:10.000000000,100002,592,100001,592,100003,100,99984,100,100004,100,99981,100,100011,100,99968,100,100016,100,99964,100,100022,100,99952,100,100025,100,99949,100,100042,100,99948,100,100043,100,99918,100,100066,100,99917,100
2019-06-28 09:34:12.250291966,100002,592,100001,492,100003,100,99984,100,100004,100,99981,100,100011,100,99964,100,100016,100,99952,100,100022,100,99949,100,100025,100,99948,100,100042,100,99918,100,100043,100,99917,100,100066,100,99908,100
2019-06-28 09:34:20.000000000,100002,346,99984,346,100003,346,99981,346,100004,100,99964,100,100011,100,99952,100,100016,100,99949,100,100022,100,99948,100,100025,100,99918,100,100042,100,99917,100,100043,100,99908,100,100066,100,99905,100
2019-06-28 09:34:30.000000000,100002,346,99984,346,100003,346,99981,346,100004,100,99964,100,100011,100,99952,100,100016,100,99949,100,100022,100,99948,100,100025,100,99918,100,100042,100,99917,100,100043,100,99908,100,100066,100,99905,100
2019-06-28 09:34:32.544445578,100002,346,99984,346,100003,346,99981,346,100004,100,99964,100,100011,100,99952,100,100016,100,99949,100,100022,100,99948,100,100025,100,99918,100,100042,100,99917,100,100043,100,99908,100,100066,100,99905,100
2019-06-28 09:34:40.000000000,100002,223,99984,223,100003,223,99981,223,100004,223,99964,223,100011,223,99952,223,100016,100,99949,100,100022,100,99948,100,100025,100,99918,100,100042,100,99917,100,100043,100,99908,100,100066,100,99905,100
2019-06-28 09:34:44.828611629,100001,100,99984,223,100002,223,99981,223,100003,223,99964,223,100004,223,99952,223,100011,223,99949,100,100016,100,99948,100,100022,100,99918,100,100025,100,99917,100,100042,100,99908,100,100043,100,99905,100
2019-06-28 09:34:50.000000000,100001,198,99984,198,100002,198,99981,198,100003,198,99964,198,100004,198,99952,198,100011,198,99949,198,100016,100,99948,100,100022,100,99918,100,100025,100,99917,100,100042,100,99908,100,100043,100,99905,100
2019-06-28 09:35:00.000000000,100001,346,99984,346,100002,346,99981,346,100003,100,99964,100,100004,100,99952,100,100011,100,99949,100,100016,100,99948,100,100022,100,99918,100,100025,100,99917,100,100042,100,99908,100,100043,100,99905,100
2019-06-28 09:35:06.923285017,100001,446,99984,346,100002,346,99981,346,100003,100,99964,100,100004,100,99952,100,100011,100,99949,100,100016,100,99948,100,100022,100,99918,100,100025,100,99917,100,100042,100,99908,100,100043,100,99905,100
2019-06-28 09:35:09.017596113,100001,446,99984,346,100002,346,99981,346,100003,100,99964,100,100004,100,99952,100,100011,100,99949,100,100016,100,99948,100,100022,100,99918,100,100025,100,99917,100,100042,100,99908,100,100043,100,99905,100
2019-06-28 09:35:09.780473004,100001,446,99984,246,100002,346,99981,346,100003,100,99964,100,100004,100,99952,100,100011,100,99949,100,100016,100,99948,100,100022,100,99918,100,100025,100,99908,100,100042,100,99905,100,100043,100,99900,100
2019-06-28 09:35:10.000000000,100001,692,99981,592,100002,100,99964,100,100003,100,99952,100,100004,100,99949,100,100011,100,99948,100,100016,100,99918,100,100022,100,99908,100,100025,100,99905,100,100042,100,99900,100,100043,100,99891,100
2019-06-28 09:35:20.000000000,100001,692,99981,592,100002,100,99964,100,100003,100,99952,100,100004,100,99949,100,100011,100,99948,100,100016,100,99918,100,100022,100,99908,100,100025,100,99905,100,100042,100,99900,100,100043,100,99891,100
2019-06-28 09:35:25.363428576,100001,692,99981,592,100002,100,99964,100,100003,100,99952,100,100004,100,99949,100,100011,100,99948,100,100016,100,99918,100,100022,100,99908,100,100025,100,99905,100,100042,100,99900,100,100043,100,99891,100
2019-06-28 09:35:27.228017977,100001,692,99981,592,100002,100,99952,100,100003,100,99949,100,100004,100,99948,100,100011,100,99918,100,100016,100,99908,100,100022,100,99905,100,100025,100,99900,100,100042,100,99891,100,100043,100,99874,100
2019-06-28 09:35:30.000000000,100001,446,99981,346,100002,346,99952,346,100003,100,99949,100,100004,100,99948,100,100011,100,99918,100,100016,100,99908,100,100022,100,99905,100,100025,100,99900,100,100042,100,99891,100,100043,100,99874,100
2019-06-28 09:35:40.000000000,100001,367,99981,267,100002,262,99952,262,100003,262,99949,262,100004,100,99948,100,100011,100,99918,100,100016,100,99908,100,100022,100,99905,100,100025,100,99900,100,100042,100,99891,100,100043,100,99874,100
2019-06-28 09:35:43.822995770,100000,100,99981,267,100001,367,99952,262,100002,262,99949,262,100003,262,99948,100,100004,100,99918,100,100011,100,99908,100,100016,100,99905,100,100022,100,99900,100,100025,100,99891,100,100042,100,99874,100
2019-06-28 09:35:45.208745085,100000,200,99981,267,100001,367,99952,262,100002,262,99949,262,100003,262,99948,100,100004,100,99918,100,100011,100,99908,100,100016,100,99905,100,100022,100,99900,100,100025,100,99891,100,100042,100,99874,100
2019-06-28 09:35:50.000000000,100000,367,99981,267,100001,362,99952,262,100002,262,99949,262,100003,100,99948,100,100004,100,99918,100,100011,100,99908,100,100016,100,99905,100,100022,100,99900,100,100025,100,99891,100,100042,100,99874,100
2019-06-28 09:35:56.218689013,100000,367,99981,267,100001,362,99952,262,100002,262,99949,262,100003,100,99948,100,100004,100,99918,100,100011,100,99908,100,100016,100,99905,100,100022,100,99900,100,100042,100,99891,100,100043,100,99874,100
2019-06-28 09:36:00.000000000,100000,446,99981,346,100001,446,99952,346,100002,100,99949,100,100003,100,99948,100,100004,100,99918,100,100011,100,99908,100,100016,100,99905,100,100022,100,99900,100,100042,100,99891,100,100043,100,99874,100
2019-06-28 09:36:08.575180895,100000,446,99981,246,100001,446,99952,346,100002,100,99949,100,100003,100,99948,100,100004,100,99918,100,100011,100,99908,100,100016,100,99905,100,100022,100,99900,100,100042,100,99891,100,100043,100,99874,100
2019-06-28 09:36:10.000000000,100000,692,99952,592,100001,200,99949,100,100002,100,99948,100,100003,100,99918,100,100004,100,99908,100,100011,100,99905,100,100016,100,99900,100,100022,100,99891,100,100042,100,99874,100,100043,100,99865,100
2019-06-28 09:36:20.000000000,100000,692,99952,592,100001,200,99949,100,100002,100,99948,100,100003,100,99918,100,100004,100,99908,100,100011,100,99905,100,100016,100,99900,100,100022,100,99891,100,100042,100,99874,100,100043,100,99865,100
2019-06-28 09:36:21.450923150,100000,592,99952,592,100001,200,99949,100,100002,100,99948,100,100003,100,99918,100,100004,100,99908,100,100011,100,99905,100,100016,100,99900,100,100022,100,99891,100,100042,100,99874,100,100043,100,99865,100
2019-06-28 09:36:23.686512715,100000,592,99952,592,100001,200,99949,100,100002,100,99948,100,100003,100,99918,100,100004,100,99908,100,100011,100,99905,100,100016,100,99900,100,100022,100,99891,100,100042,100,99874,100,100043,100,99865,100
2019-06-28 09:36:30.000000000,100000,198,99952,198,100001,298,99949,198,100002,198,99948,198,100003,198,99918,198,100004,198,99908,198,100011,100,99905,100,100016,100,99900,100,100022,100,99891,100,100042,100,99874,100,100043,100,99865,100
2019-06-28 09:36:40.000000000,100000,592,99952,592,100001,200,99949,100,100002,100,99948,100,100003,100,99918,100,100004,100,99908,100,100011,100,99905,100,100016,100,99900,100,100022,100,99891,100,100042,100,99874,100,100043,100,99865,100
2019-06-28 09:36:41.620652862,100000,592,99952,492,100001,200,99949,100,100002,100,99948,100,100003,100,99918,100,100004,100,99908,100,100011,100,99905,100,100016,100,99900,100,100022,100,99891,100,100042,100,99874,100,100043,100,99865,100
2019-06-28 09:36:50.000000000,100000,223,99949,223,100001,323,99948,223,100002,223,99918,223,100003,223,99908,223,100004,100,99905,100,100011,100,99900,100,100016,100,99891,100,100022,100,99874,100,100042,100,99865,100,100043,100,99863,100
2019-06-28 09:36:55.506096740,100000,223,99949,123,100001,323,99948,223,100002,223,99918,223,100003,223,99908,223,100004,100,99905,100,100011,100,99900,100,100016,100,99891,100,100022,100,99874,100,100042,100,99863,100,100043,100,99859,100
2019-06-28 09:37:00.000000000,100000,346,99948,346,100001,446,99918,346,100002,100,99908,100,100003,100,99905,100,100004,100,99900,100,100011,100,99891,100,100016,100,99874,100,100022,100,99863,100,100042,100,99859,100,100043,100,99852,100
2019-06-28 09:37:07.714351869,100000,346,99948,246,100001,446,99918,346,100002,100,99908,100,100003,100,99905,100,100004,100,99900,100,100016,100,99891,100,100022,100,99874,100,100042,100,99863,100,100043,100,99859,100,100080,100,99852,100
2019-06-28 09:37:10.000000000,100000,592,99918,592,100001,200,99908,100,100002,100,99905,100,100003,100,99900,100,100004,100,99891,100,100016,100,99874,100,100022,100,99863,100,100042,100,99859,100,100043,100,99852,100,100080,100,99850,100
2019-06-28 09:37:20.000000000,100000,346,99918,346,100001,446,99908,346,100002,100,99905,100,100003,100,99900,100,100004,100,99891,100,100016,100,99874,100,100022,100,99863,100,100042,100,99859,100,100043,100,99852,100,100080,100,99850,100
2019-06-28 09:37:30.000000000,100000,223,99918,223,100001,323,99908,223,100002,223,99905,223,100003,223,99900,223,100004,100,99891,100,100016,100,99874,100,100022,100,99863,100,100042,100,99859,100,100043,100,99852,100,100080,100,99850,100
2019-06-28 09:37:40.000000000,100000,267,99918,267,100001,362,99908,262,100002,262,99905,262,100003,100,99900,100,100004,100,99891,100,100016,100,99874,100,100022,100,99863,100,100042,100,99859,100,100043,100,99852,100,100080,100,99850,100
2019-06-28 09:37:49.766072479,99949,100,99918,267,100000,267,99908,262,100001,362,99905,262,100002,262,99900,100,100003,100,99891,100,100004,100,99874,100,100016,100,99863,100,100022,100,99859,100,100042,100,99852,100,100043,100,99850,100
2019-06-28 09:37:50.000000000,99949,346,99918,346,100000,346,99908,346,100001,200,99905,100,100002,100,99900,100,100003,100,99891,100,100004,100,99874,100,100016,100,99863,100,100022,100,99859,100,100042,100,99852,100,100043,100,99850,100
2019-06-28 09:37:56.718190725,99949,346,99918,346,100000,346,99908,346,100001,100,99905,100,100002,100,99900,100,100003,100,99891,100,100004,100,99874,100,100016,100,99863,100,100022,100,99859,100,100042,100,99852,100,100043,100,99850,100
2019-06-28 09:37:58.670655491,99949,346,99918,246,100000,346,99908,346,100001,100,99905,100,100002,100,99900,100,100003,100,99891,100,100004,100,99874,100,100016,100,99859,100,100022,100,99852,100,100042,100,99850,100,100043,100,99821,100
2019-06-28 09:38:00.000000000,99949,267,99908,267,100000,262,99905,262,100001,262,99900,262,100002,100,99891,100,100003,100,99874,100,100004,100,99859,100,100016,100,99852,100,100022,100,99850,100,100042,100,99821,100,100043,100,99799,100
2019-06-28 09:38:08.794081198,99949,267,99908,267,100000,262,99905,262,100001,262,99900,262,100002,100,99891,100,100003,100,99874,100,100004,100,99859,100,100022,100,99852,100,100042,100,99850,100,100043,100,99821,100,100080,100,99799,100
2019-06-28 09:38:10.000000000,99949,592,99908,592,100000,100,99905,100,100001,100,99900,100,100002,100,99891,100,100003,100,99874,100,100004,100,99859,100,100022,100,99852,100,100042,100,99850,100,100043,100,99821,100,100080,100,99799,100
2019-06-28 09:38:16.547544012,99949,592,99908,592,100000,100,99905,100,100001,100,99900,100,100002,100,99891,100,100003,100,99874,100,100004,100,99859,100,100022,100,99852,100,100042,100,99850,100,100043,100,99821,100,100080,100,99799,100
2019-06-28 09:38:20.000000000,99949,223,99908,223,100000,223,99905,223,100001,223,99900,223,100002,223,99891,223,100003,100,99874,100,100004,100,99859,100,100022,100,99852,100,100042,100,99850,100,100043,100,99821,100,100080,100,99799,100
2019-06-28 09:38:30.000000000,99949,223,99908,223,100000,223,99905,223,100001,223,99900,223,100002,223,99891,223,100003,100,99874,100,100004,100,99859,100,100022,100,99852,100,100042,100,99850,100,100043,100,99821,100,100080,100,99799,100
2019-06-28 09:38:40.000000000,99949,223,99908,223,100000,223,99905,223,100001,223,99900,223,100002,223,99891,223,100003,100,99874,100,100004,100,99859,100,100022,100,99852,100,100042,100,99850,100,100043,100,99821,100,100080,100,99799,100
2019-06-28 09:38:46.247047925,99949,223,99908,123,100000,223,99905,223,100001,223,99900,223,100002,223,99891,223,100003,100,99874,100,100004,100,99859,100,100022,100,99852,100,100042,100,99850,100,100043,100,99821,100,100080,100,98360,100
2019-06-28 09:38:48.849938467,99949,223,99908,123,100000,223,99905,223,100001,223,99900,223,100002,223,99891,223,100003,100,99874,100,100004,100,99859,100,100022,100,99852,100,100042,100,99850,100,100043,100,99821,100,100080,100,98360,100
2019-06-28 09:38:50.000000000,99949,346,99905,346,100000,346,99900,346,100001,100,99891,100,100002,100,99874,100,100003,100,99859,100,100004,100,99852,100,100022,100,99850,100,100042,100,99821,100,100043,100,98360,100,100080,100,98272,100
2019-06-28 09:38:59.915734063,99949,346,99905,346,100000,346,99900,346,100001,100,99874,100,100002,100,99859,100,100003,100,99852,100,100004,100,99850,100,100022,100,99821,100,100042,100,98391,100,100043,100,98360,100,100080,100,98272,100
2019-06-28 09:39:00.000000000,99949,346,99905,346,100000,346,99900,346,100001,100,99874,100,100002,100,99859,100,100003,100,99852,100,100004,100,99850,100,100022,100,99821,100,100042,100,98391,100,100043,100,98360,100,100080,100,98272,100
2019-06-28 09:39:01.552933686,99949,346,99905,246,100000,346,99900,346,100001,100,99874,100,100002,100,99859,100,100003,100,99852,100,100004,100,99850,100,100022,100,99821,100,100042,100,98391,100,100043,100,98360,100,100080,100,98272,100
2019-06-28 09:39:10.000000000,99949,267,99900,267,100000,262,99874,262,100001,262,99859,262,100002,100,99852,100,100003,100,99850,100,100004,100,99821,100,100022,100,98391,100,100042,100,98360,100,100043,100,98272,100,100080,100,98248,100
2019-06-28 09:39:20.000000000,99949,346,99900,346,100000,346,99874,346,100001,100,99859,100,100002,100,99852,100,100003,100,99850,100,100004,100,99821,100,100022,100,98391,100,100042,100,98360,100,100043,100,98272,100,100080,100,98248,100
2019-06-28 09:39:24.345705166,99949,346,99900,346,100000,346,99874,346,100001,100,99859,100,100002,100,99852,100,100003,100,99850,100,100004,100,99821,100,100022,100,98391,100,100042,100,98364,100,100080,100,98360,100,100094,100,98272,100
2019-06-28 09:39:25.854128016,99949,346,99900,346,100000,346,99874,346,100001,100,99859,100,100002,100,99852,100,100003,100,99850,100,100022,100,99821,100,100042,100,98391,100,100080,100,98364,100,100094,100,98360,100,100106,100,98272,100
2019-06-28 09:39:30.000000000,99949,198,99900,198,100000,198,99874,198,100001,198,99859,198,100002,198,99852,198,100003,198,99850,198,100022,100,99821,100,100042,100,98391,100,100080,100,98364,100,100094,100,98360,100,100106,100,98272,100
2019-06-28 09:39:36.579746672,99949,198,99900,198,100000,198,99874,198,100001,198,99859,98,100002,198,99852,198,100003,198,99850,198,100022,100,99821,100,100042,100,98442,100,100080,100,98391,100,100094,100,98364,100,100106,100,98360,100
2019-06-28 09:39:40.000000000,99949,198,99900,198,100000,198,99874,198,100001,198,99852,198,100002,198,99850,198,100003,198,99821,198,100022,100,98442,100,100042,100,98391,100,100080,100,98364,100,100094,100,98360,100,100106,100,98272,100
2019-06-28 09:39:50.000000000,99949,198,99900,198,100000,198,99874,198,100001,198,99852,198,100002,198,99850,198,100003,198,99821,198,100022,100,98442,100,100042,100,98391,100,100080,100,98364,100,100094,100,98360,100,100106,100,98272,100
2019-06-28 09:39:51.949756292,99949,198,99900,98,100000,198,99874,198,100001,198,99852,198,100002,198,99850,198,100003,198,99821,198,100022,100,98442,100,100042,100,98391,100,100080,100,98364,100,100094,100,98360,100,100106,100,98272,100
2019-06-28 09:39:54.220716590,99949,198,99900,98,100000,198,99874,198,100001,198,99852,198,100002,198,99850,198,100003,198,99821,198,100022,100,98550,100,100042,100,98442,100,100080,100,98391,100,100094,100,98364,100,100106,100,98360,100
2019-06-28 09:40:00.000000000,99949,198,99874,198,100000,198,99852,198,100001,198,99850,198,100002,198,99821,198,100003,198,98550,198,100022,100,98442,100,100042,100,98391,100,100080,100,98364,100,100094,100,98360,100,100106,100,98272,100
2019-06-28 09:40:09.820876509,99949,198,99874,98,100000,198,99852,198,100001,198,99850,198,100002,198,99821,198,100003,198,98550,198,100022,100,98442,100,100042,100,98391,100,100094,100,98364,100,100106,100,98360,100,100119,100,98272,100
2019-06-28 09:40:10.000000000,99949,592,99852,592,100000,100,99850,100,100001,100,99821,100,100002,100,98550,100,100003,100,98442,100,100022,100,98391,100,100042,100,98364,100,100094,100,98360,100,100106,100,98272,100,100119,100,98248,100
2019-06-28 09:40:20.000000000,99949,267,99852,267,100000,262,99850,262,100001,262,99821,262,100002,100,98550,100,100003,100,98442,100,100022,100,98391,100,100042,100,98364,100,100094,100,98360,100,100106,100,98272,100,100119,100,98248,100
2019-06-28 09:40:30.000000000,99949,267,99852,267,100000,262,99850,262,100001,262,99821,262,100002,100,98550,100,100003,100,98442,100,100022,100,98391,100,100042,100,98364,100,100094,100,98360,100,100106,100,98272,100,100119,100,98248,100
2019-06-28 09:40:31.237443223,99949,267,99852,167,100000,262,99850,262,100001,262,99821,262,100002,100,98550,100,100003,100,98442,100,100022,100,98391,100,100042,100,98364,100,100094,100,98360,100,100106,100,98272,100,100119,100,98248,100
2019-06-28 09:40:39.055129833,99949,267,99852,167,100000,262,99850,262,100001,262,99821,262,100002,100,98550,100,100003,100,98442,100,100022,100,98391,100,100042,100,98364,100,100094,100,98360,100,100106,100,98272,100,100119,100,98248,100
2019-06-28 09:40:39.280113298,99949,267,99852,67,100000,262,99850,262,100001,262,99821,262,100002,100,98550,100,100003,100,98442,100,100022,100,98391,100,100042,100,98364,100,100094,100,98360,100,100106,100,98272,100,100119,100,98248,100
2019-06-28 09:40:40.000000000,99949,592,99850,592,100000,100,99821,100,100001,100,98550,100,100002,100,98442,100,100003,100,98391,100,100022,100,98364,100,100042,100,98360,100,100094,100,98272,100,100106,100,98248,100,100119,100,98201,100
2019-06-28 09:40:47.893320394,99949,592,99850,592,100001,100,99821,100,100002,100,98550,100,100003,100,98442,100,100022,100,98391,100,100042,100,98364,100,100094,100,98360,100,100106,100,98272,100,100119,100,98248,100,100121,100,98201,100
2019-06-28 09:40:50.000000000,99949,592,99850,592,100001,100,99821,100,100002,100,98550,100,100003,100,98442,100,100022,100,98391,100,100042,100,98364,100,100094,100,98360,100,100106,100,98272,100,100119,100,98248,100,100121,100,98201,100
2019-06-28 09:41:00.000000000,99949,198,99850,198,100001,198,99821,198,100002,198,98550,198,100003,198,98442,198,100022,198,98391,198,100042,100,98364,100,100094,100,98360,100,100106,100,98272,100,100119,100,98248,100,100121,100,98201,100
2019-06-28 09:41:07.009799049,99949,198,99850,198,100001,198,99821,198,100002,198,98550,198,100003,198,98442,198,100022,198,98391,198,100042,100,98364,100,100094,100,98360,100,100106,100,98281,100,100119,100,98272,100,100121,100,98248,100
2019-06-28 09:41:08.667862902,99949,98,99850,198,100001,198,99821,198,100002,198,98550,198,100003,198,98442,198,100022,198,98391,198,100042,100,98364,100,100094,100,98360,100,100106,100,98281,100,100119,100,98272,100,100121,100,98248,100
2019-06-28 09:41:09.560365716,99949,98,99850,98,100001,198,99821,198,100002,198,98550,198,100003,198,98442,198,100022,198,98391,198,100042,100,98364,100,100094,100,98360,100,100106,100,98281,100,100119,100,98272,100,100121,100,98248,100
2019-06-28 09:41:10.000000000,100001,198,99821,198,100002,198,98550,198,100003,198,98442,198,100022,198,98391,198,100042,198,98364,198,100094,100,98360,100,100106,100,98281,100,100119,100,98272,100,100121,100,98248,100,100127,100,98201,100
2019-06-28 09:41:20.000000000,100001,198,99821,198,100002,198,98550,198,100003,198,98442,198,100022,198,98391,198,100042,198,98364,198,100094,100,98360,100,100106,100,98281,100,100119,100,98272,100,100121,100,98248,100,100127,100,98201,100
2019-06-28 09:41:26.038982654,100001,198,99821,98,100002,198,98550,198,100003,198,98442,198,100022,198,98391,198,100042,198,98364,198,100094,100,98360,100,100106,100,98281,100,100119,100,98272,100,100121,100,98248,100,100127,100,98201,100
2019-06-28 09:41:30.000000000,100001,267,98550,267,100002,262,98442,262,100003,262,98391,262,100022,100,98364,100,100042,100,98360,100,100094,100,98281,100,100106,100,98272,100,100119,100,98248,100,100121,100,98201,100,100127,100,98188,100
2019-06-28 09:41:40.000000000,100001,346,98550,346,100002,346,98442,346,100003,100,98391,100,100022,100,98364,100,100042,100,98360,100,100094,100,98281,100,100106,100,98272,100,100119,100,98248,100,100121,100,98201,100,100127,100,98188,100
2019-06-28 09:41:43.341555668,100001,346,98550,246,100002,346,98442,346,100003,100,98391,100,100022,100,98364,100,100042,100,98360,100,100094,100,98281,100,100106,100,98272,100,100119,100,98248,100,100121,100,98201,100,100127,100,98188,100
2019-06-28 09:41:50.000000000,100001,198,98442,198,100002,198,98391,198,100003,198,98364,198,100022,198,98360,198,100042,198,98281,198,100094,100,98272,100,100106,100,98248,100,100119,100,98201,100,100121,100,98188,100,100127,100,98185,100
2019-06-28 09:42:00.000000000,100001,267,98442,267,100002,262,98391,262,100003,262,98364,262,100022,100,98360,100,100042,100,98281,100,100094,100,98272,100,100106,100,98248,100,100119,100,98201,100,100121,100,98188,100,100127,100,98185,100
2019-06-28 09:42:00.390915404,100001,267,98442,267,100002,262,98391,262,100003,262,98364,262,100022,100,98360,100,100042,100,98281,100,100094,100,98272,100,100106,100,98258,100,100119,100,98248,100,100121,100,98201,100,100127,100,98188,100
2019-06-28 09:42:04.243511947,98523,100,98442,267,100001,267,98391,262,100002,262,98364,262,100003,262,98360,100,100022,100,98281,100,100042,100,98272,100,100094,100,98258,100,100106,100,98248,100,100119,100,98201,100,100121,100,98188,100
2019-06-28 09:42:05.576437110,100001,267,98442,267,100002,262,98391,262,100003,262,98364,262,100022,100,98360,100,100042,100,98281,100,100094,100,98272,100,100106,100,98258,100,100119,100,98248,100,100121,100,98201,100,100127,100,98188,100
2019-06-28 09:42:10.000000000,100001,198,98442,198,100002,198,98391,198,100003,198,98364,198,100022,198,98360,198,100042,198,98281,198,100094,100,98272,100,100106,100,98258,100,100119,100,98248,100,100121,100,98201,100,100127,100,98188,100
2019-06-28 09:42:11.780128297,98507,100,98442,198,100001,198,98391,198,100002,198,98364,198,100003,198,98360,98,100022,198,98281,198,100042,198,98272,100,100094,100,98258,100,100106,100,98248,100,100119,100,98201,100,100121,100,98188,100
2019-06-28 09:42:20.000000000,98507,592,98442,592,100001,100,98391,100,100002,100,98364,100,100003,100,98281,100,100022,100,98272,100,100042,100,98258,100,100094,100,98248,100,100106,100,98201,100,100119,100,98188,100,100121,100,98185,100
2019-06-28 09:42:30.000000000,98507,223,98442,223,100001,223,98391,223,100002,223,98364,223,100003,223,98281,223,100022,100,98272,100,100042,100,98258,100,100094,100,98248,100,100106,100,98201,100,100119,100,98188,100,100121,100,98185,100
2019-06-28 09:42:40.000000000,98507,198,98442,198,100001,198,98391,198,100002,198,98364,198,100003,198,98281,198,100022,198,98272,198,100042,100,98258,100,100094,100,98248,100,100106,100,98201,100,100119,100,98188,100,100121,100,98185,100
2019-06-28 09:42:44.393622520,98507,98,98442,198,100001,98,98391,198,100002,198,98364,198,100003,198,98281,198,100022,198,98272,198,100042,100,98258,100,100094,100,98248,100,100106,100,98201,100,100119,100,98188,100,100121,100,98185,100
2019-06-28 09:42:50.000000000,100002,198,98442,198,100003,198,98391,198,100022,198,98364,198,100042,198,98281,198,100094,198,98272,198,100106,100,98258,100,100119,100,98248,100,100121,100,98201,100,100127,100,98188,100,100163,100,98185,100
2019-06-28 09:42:51.423005195,100002,198,98569,100,100003,198,98442,198,100022,198,98391,198,100042,198,98364,198,100094,198,98281,198,100106,100,98272,198,100119,100,98258,100,100121,100,98248,100,100127,100,98201,100,100163,100,98188,100
2019-06-28 09:43:00.000000000,100002,592,98569,592,100003,100,98442,100,100022,100,98391,100,100042,100,98364,100,100094,100,98281,100,100106,100,98272,100,100119,100,98258,100,100121,100,98248,100,100127,100,98201,100,100163,100,98188,100
2019-06-28 09:43:10.000000000,100002,198,98569,198,100003,198,98442,198,100022,198,98391,198,100042,198,98364,198,100094,198,98281,198,100106,100,98272,100,100119,100,98258,100,100121,100,98248,100,100127,100,98201,100,100163,100,98188,100
2019-06-28 09:43:20.000000000,100002,267,98569,267,100003,262,98442,262,100022,262,98391,262,100042,100,98364,100,100094,100,98281,100,100106,100,98272,100,100119,100,98258,100,100121,100,98248,100,100127,100,98201,100,100163,100,98188,100
2019-06-28 09:43:30.000000000,100002,198,98569,198,100003,198,98442,198,100022,198,98391,198,100042,198,98364,198,100094,198,98281,198,100106,100,98272,100,100119,100,98258,100,100121,100,98248,100,100127,100,98201,100,100163,100,98188,100
2019-06-28 09:43:36.248135691,100002,198,98927,100,100003,198,98569,98,100022,198,98442,198,100042,198,98391,198,100094,198,98364,198,100106,100,98281,198,100119,100,98272,100,100121,100,98258,100,100127,100,98248,100,100163,100,98201,100
2019-06-28 09:43:37.709474435,98969,100,98927,100,100002,198,98569,98,100003,198,98442,198,100022,198,98391,198,100042,198,98364,198,100094,198,98281,198,100106,100,98272,100,100119,100,98258,100,100121,100,98248,100,100127,100,98201,100
2019-06-28 09:43:39.661743268,98969,100,98927,100,99004,100,98569,98,100002,198,98442,198,100003,198,98391,198,100022,198,98364,198,100042,198,98281,198,100094,198,98272,100,100106,100,98258,100,100119,100,98248,100,100121,100,98201,100
2019-06-28 09:43:40.000000000,98969,223,98927,223,99004,223,98442,223,100002,223,98391,223,100003,223,98364,223,100022,100,98281,100,100042,100,98272,100,100094,100,98258,100,100106,100,98248,100,100119,100,98201,100,100121,100,98188,100
2019-06-28 09:43:43.727222805,98969,223,98927,223,99004,223,98507,100,100002,123,98442,223,100003,223,98391,223,100022,100,98364,223,100042,100,98281,100,100094,100,98272,100,100106,100,98258,100,100119,100,98248,100,100121,100,98201,100
2019-06-28 09:43:45.719153046,98969,223,98927,223,99004,223,98711,100,100002,123,98507,100,100003,223,98442,223,100022,100,98391,223,100042,100,98364,223,100094,100,98281,100,100106,100,98272,100,100119,100,98258,100,100121,100,98248,100
2019-06-28 09:43:50.000000000,98969,223,98927,223,99004,223,98711,223,100003,223,98507,223,100022,223,98442,223,100042,100,98391,100,100094,100,98364,100,100106,100,98281,100,100119,100,98272,100,100121,100,98258,100,100127,100,98248,100
2019-06-28 09:44:00.000000000,98969,267,98927,267,99004,262,98711,262,100003,262,98507,262,100022,100,98442,100,100042,100,98391,100,100094,100,98364,100,100106,100,98281,100,100119,100,98272,100,100121,100,98258,100,100127,100,98248,100
2019-06-28 09:44:10.000000000,98969,223,98927,223,99004,223,98711,223,100003,223,98507,223,100022,223,98442,223,100042,100,98391,100,100094,100,98364,100,100106,100,98281,100,100119,100,98272,100,100121,100,98258,100,100127,100,98248,100
2019-06-28 09:44:20.000000000,98969,223,98927,223,99004,223,98711,223,100003,223,98507,223,100022,223,98442,223,100042,100,98391,100,100094,100,98364,100,100106,100,98281,100,100119,100,98272,100,100121,100,98258,100,100127,100,98248,100
2019-06-28 09:44:30.000000000,98969,592,98927,592,99004,100,98711,100,100003,100,98507,100,100022,100,98442,100,100042,100,98391,100,100094,100,98364,100,100106,100,98281,100,100119,100,98272,100,100121,100,98258,100,100127,100,98248,100
2019-06-28 09:44:35.298162235,98969,592,98927,492,100003,100,98711,100,100022,100,98507,100,100042,100,98442,100,100094,100,98391,100,100106,100,98364,100,100119,100,98281,100,100121,100,98272,100,100127,100,98258,100,100163,100,98248,100
2019-06-28 09:44:40.000000000,98969,592,98711,592,100003,100,98507,100,100022,100,98442,100,100042,100,98391,100,100094,100,98364,100,100106,100,98281,100,100119,100,98272,100,100121,100,98258,100,100127,100,98248,100,100163,100,98201,100
2019-06-28 09:44:41.827432378,98969,592,98711,592,100003,100,98570,100,100022,100,98507,100,100042,100,98442,100,100094,100,98391,100,100106,100,98364,100,100119,100,98281,100,100121,100,98272,100,100127,100,98258,100,100163,100,98248,100
2019-06-28 09:44:45.001478487,98927,100,98711,592,98969,592,98570,100,100003,100,98507,100,100022,100,98442,100,100042,100,98391,100,100094,100,98364,100,100106,100,98281,100,100119,100,98272,100,100121,100,98258,100,100127,100,98248,100
2019-06-28 09:44:49.833598632,98927,100,98711,592,98969,592,98570,200,100003,100,98507,100,100022,100,98442,100,100042,100,98391,100,100094,100,98364,100,100106,100,98281,100,100119,100,98272,100,100121,100,98258,100,100127,100,98248,100
2019-06-28 09:44:50.000000000,98927,346,98711,346,98969,346,98570,446,100003,100,98507,100,100022,100,98442,100,100042,100,98391,100,100094,100,98364,100,100106,100,98281,100,100119,100,98272,100,100121,100,98258,100,100127,100,98248,100
2019-06-28 09:44:59.831600490,98927,346,98711,346,98969,346,98583,100,100003,100,98570,446,100022,100,98507,100,100042,100,98442,100,100094,100,98391,100,100119,100,98364,100,100121,100,98281,100,100127,100,98272,100,100163,100,98258,100
2019-06-28 09:45:00.000000000,98927,223,98711,223,98969,223,98583,223,100003,223,98570,323,100022,223,98507,223,100042,100,98442,100,100094,100,98391,100,100119,100,98364,100,100121,100,98281,100,100127,100,98272,100,100163,100,98258,100
2019-06-28 09:45:01.794016522,98927,323,98711,223,98969,223,98583,223,100003,223,98570,323,100022,223,98507,223,100042,100,98442,100,100094,100,98391,100,100119,100,98364,100,100121,100,98281,100,100127,100,98272,100,100163,100,98258,100
2019-06-28 09:45:02.180136657,98927,323,98711,123,98969,223,98583,223,100003,223,98570,323,100022,223,98507,223,100042,100,98442,100,100094,100,98391,100,100119,100,98364,100,100121,100,98281,100,100127,100,98272,100,100163,100,98258,100
2019-06-28 09:45:10.000000000,98927,298,98583,198,98969,198,98570,298,100003,198,98507,198,100022,198,98442,198,100042,198,98391,198,100094,100,98364,100,100119,100,98281,100,100121,100,98272,100,100127,100,98258,100,100163,100,98248,100
2019-06-28 09:45:11.972698820,98927,298,98619,100,98969,198,98583,198,100003,198,98570,298,100022,198,98507,198,100042,198,98442,198,100094,100,98391,198,100119,100,98364,100,100121,100,98281,100,100127,100,98272,100,100163,100,98258,100
2019-06-28 09:45:20.000000000,98927,446,98619,346,98969,346,98583,346,100003,100,98570,200,100022,100,98507,100,100042,100,98442,100,100094,100,98391,100,100119,100,98364,100,100121,100,98281,100,100127,100,98272,100,100163,100,98258,100
2019-06-28 09:45:22.231333201,98927,446,98824,100,98969,346,98619,346,100003,100,98583,346,100022,100,98570,200,100042,100,98507,100,100094,100,98442,100,100119,100,98391,100,100121,100,98364,100,100127,100,98281,100,100163,100,98272,100
2019-06-28 09:45:30.000000000,98927,367,98824,267,98969,262,98619,262,100003,262,98583,262,100022,100,98570,200,100042,100,98507,100,100094,100,98442,100,100119,100,98391,100,100121,100,98364,100,100127,100,98281,100,100163,100,98272,100
2019-06-28 09:45:40.000000000,98927,692,98824,592,98969,100,98619,100,100003,100,98583,100,100022,100,98570,200,100042,100,98507,100,100094,100,98442,100,100119,100,98391,100,100121,100,98364,100,100127,100,98281,100,100163,100,98272,100
2019-06-28 09:45:44.153049085,98927,692,98824,592,98969,100,98788,100,100003,100,98619,100,100022,100,98583,100,100042,100,98570,200,100094,100,98507,100,100119,100,98442,100,100121,100,98391,100,100127,100,98364,100,100163,100,98281,100
2019-06-28 09:45:50.000000000,98927,692,98824,592,98969,100,98788,100,100003,100,98619,100,100022,100,98583,100,100042,100,98570,200,100094,100,98507,100,100119,100,98442,100,100121,100,98391,100,100127,100,98364,100,100163,100,98281,100
2019-06-28 09:45:55.430022516,98926,100,98824,592,98927,692,98788,100,98969,100,98619,100,100003,100,98583,100,100022,100,98570,200,100042,100,98507,100,100094,100,98442,100,100119,100,98391,100,100121,100,98364,100,100127,100,98281,100
2019-06-28 09:46:00.000000000,98926,346,98824,346,98927,446,98788,346,98969,100,98619,100,100003,100,98583,100,100022,100,98570,200,100042,100,98507,100,100094,100,98442,100,100119,100,98391,100,100121,100,98364,100,100127,100,98281,100
2019-06-28 09:46:05.337586160,98926,246,98824,346,98927,446,98788,346,98969,100,98619,100,100003,100,98583,100,100022,100,98570,200,100042,100,98507,100,100094,100,98442,100,100119,100,98391,100,100121,100,98364,100,100127,100,98281,100
2019-06-28 09:46:09.757371754,98926,246,98824,346,98927,446,98788,346,98969,100,98619,100,99001,100,98583,100,100003,100,98570,200,100022,100,98507,100,100042,100,98442,100,100094,100,98391,100,100119,100,98364,100,100121,100,98281,100
2019-06-28 09:46:10.000000000,98927,367,98824,267,98969,262,98788,262,99001,262,98619,262,100003,100,98583,100,100022,100,98570,200,100042,100,98507,100,100094,100,98442,100,100119,100,98391,100,100121,100,98364,100,100127,100,98281,100
2019-06-28 09:46:12.908083393,98925,100,98824,267,98927,367,98788,262,98969,262,98619,262,99001,262,98583,100,100003,100,98570,200,100022,100,98507,100,100042,100,98442,100,100094,100,98391,100,100119,100,98364,100,100121,100,98281,100
2019-06-28 09:46:14.655267487,98925,100,98824,267,98927,367,98788,262,98969,262,98746,100,99001,262,98619,262,100003,100,98583,100,100022,100,98570,200,100042,100,98507,100,100094,100,98442,100,100119,100,98391,100,100121,100,98364,100
2019-06-28 09:46:19.691941754,98925,100,98825,100,98927,367,98824,267,98969,262,98788,262,99001,262,98746,100,100003,100,98619,262,100022,100,98583,100,100042,100,98570,200,100094,100,98507,100,100119,100,98442,100,100121,100,98391,100
2019-06-28 09:46:20.000000000,98925,267,98825,267,98927,362,98824,262,98969,262,98788,262,99001,100,98746,100,100003,100,98619,100,100022,100,98583,100,100042,100,98570,200,100094,100,98507,100,100119,100,98442,100,100121,100,98391,100
2019-06-28 09:46:22.803591519,98925,267,98825,267,98927,362,98824,262,98969,262,98814,100,99001,100,98788,262,100003,100,98746,100,100022,100,98619,100,100042,100,98583,100,100119,100,98570,200,100121,100,98507,100,100127,100,98442,100
2019-06-28 09:46:25.356058814,98925,267,98825,267,98927,362,98824,262,98969,262,98814,100,99001,100,98788,262,99248,100,98746,100,100003,100,98619,100,100022,100,98583,100,100042,100,98570,200,100119,100,98507,100,100121,100,98442,100
2019-06-28 09:46:30.000000000,98925,198,98825,198,98927,298,98824,198,98969,198,98814,198,99001,198,98788,198,99248,198,98746,198,100003,100,98619,100,100022,100,98583,100,100042,100,98570,200,100119,100,98507,100,100121,100,98442,100
2019-06-28 09:46:40.000000000,98925,267,98825,267,98927,362,98824,262,98969,262,98814,262,99001,100,98788,100,99248,100,98746,100,100003,100,98619,100,100022,100,98583,100,100042,100,98570,200,100119,100,98507,100,100121,100,98442,100
2019-06-28 09:46:45.836039051,98925,267,98871,100,98927,362,98825,267,98969,262,98824,262,99001,100,98814,262,99248,100,98788,100,100003,100,98746,100,100022,100,98619,100,100042,100,98583,100,100119,100,98570,200,100121,100,98507,100
2019-06-28 09:46:47.112488317,98925,267,98871,100,98927,362,98825,267,98969,262,98824,262,98999,100,98814,262,99001,100,98788,100,99248,100,98746,100,100003,100,98619,100,100022,100,98583,100,100042,100,98570,200,100119,100,98507,100
2019-06-28 09:46:47.144818690,98925,267,98871,100,98927,362,98825,267,98956,100,98824,262,98969,262,98814,262,98999,100,98788,100,99001,100,98746,100,99248,100,98619,100,100003,100,98583,100,100022,100,98570,200,100042,100,98507,100
2019-06-28 09:46:50.000000000,98925,592,98871,592,98927,200,98825,100,98956,100,98824,100,98969,100,98814,100,98999,100,98788,100,99001,100,98746,100,99248,100,98619,100,100003,100,98583,100,100022,100,98570,200,100042,100,98507,100
2019-06-28 09:46:51.554701721,98925,492,98871,592,98927,200,98825,100,98956,100,98814,100,98969,100,98788,100,98999,100,98746,100,99001,100,98619,100,99248,100,98583,100,100003,100,98570,200,100022,100,98507,100,100042,100,98442,100
2019-06-28 09:46:54.436592297,98924,100,98871,592,98925,492,98825,100,98927,200,98814,100,98956,100,98788,100,98969,100,98746,100,98999,100,98619,100,99001,100,98583,100,99248,100,98570,200,100003,100,98507,100,100022,100,98442,100
2019-06-28 09:47:00.000000000,98924,267,98871,267,98927,362,98825,262,98956,262,98814,262,98969,100,98788,100,98999,100,98746,100,99001,100,98619,100,99248,100,98583,100,100003,100,98570,200,100022,100,98507,100,100042,100,98442,100
2019-06-28 09:47:01.765954716,98924,267,98871,267,98927,362,98825,262,98956,262,98814,262,98969,100,98788,100,98999,100,98746,100,99001,100,98619,100,99171,100,98583,100,99248,100,98570,200,100003,100,98507,100,100022,100,98442,100
2019-06-28 09:47:10.000000000,98924,198,98871,198,98927,298,98825,198,98956,198,98814,198,98969,198,98788,198,98999,198,98746,198,99001,100,98619,100,99171,100,98583,100,99248,100,98570,200,100003,100,98507,100,100022,100,98442,100
2019-06-28 09:47:14.556399395,98924,198,98871,198,98927,298,98825,198,98956,198,98814,198,98969,198,98788,198,98999,198,98746,198,99001,100,98745,100,99171,100,98619,100,99248,100,98583,100,100003,100,98570,200,100022,100,98507,100
2019-06-28 09:47:20.000000000,98924,592,98871,592,98927,200,98825,100,98956,100,98814,100,98969,100,98788,100,98999,100,98746,100,99001,100,98745,100,99171,100,98619,100,99248,100,98583,100,100003,100,98570,200,100022,100,98507,100
2019-06-28 09:47:30.000000000,98924,592,98871,592,98927,200,98825,100,98956,100,98814,100,98969,100,98788,100,98999,100,98746,100,99001,100,98745,100,99171,100,98619,100,99248,100,98583,100,100003,100,98570,200,100022,100,98507,100
2019-06-28 09:47:32.433840260,98924,592,98871,592,98927,200,98825,100,98956,100,98814,100,98969,100,98788,100,98999,100,98746,100,99001,100,98745,100,99171,100,98619,100,99248,100,98583,100,99348,100,98570,200,100003,100,98507,100
2019-06-28 09:47:40.000000000,98924,267,98871,267,98927,362,98825,262,98956,262,98814,262,98969,100,98788,100,98999,100,98746,100,99001,100,98745,100,99171,100,98619,100,99248,100,98583,100,99348,100,98570,200,100003,100,98507,100
2019-06-28 09:47:45.428667670,98924,167,98871,267,98927,362,98825,262,98956,262,98814,262,98969,100,98788,100,98999,100,98746,100,99001,100,98745,100,99171,100,98619,100,99248,100,98583,100,99348,100,98570,200,100003,100,98507,100
2019-06-28 09:47:50.000000000,98927,323,98871,223,98956,223,98825,223,98969,223,98814,223,98999,223,98788,223,99001,100,98746,100,99171,100,98745,100,99248,100,98619,100,99348,100,98583,100,100003,100,98570,200,100022,100,98507,100
2019-06-28 09:47:51.460368564,98927,323,98871,223,98956,223,98825,223,98969,223,98814,223,98999,223,98788,223,99001,100,98746,100,99171,100,98745,100,99248,100,98619,100,99344,100,98583,100,99348,100,98570,200,100003,100,98507,100
2019-06-28 09:47:59.090773448,98927,223,98871,223,98956,223,98825,223,98969,223,98814,223,98999,223,98788,223,99001,100,98746,100,99171,100,98745,100,99248,100,98619,100,99344,100,98583,100,99348,100,98570,200,100003,100,98507,100
2019-06-28 09:48:00.000000000,98927,198,98871,198,98956,198,98825,198,98969,198,98814,198,98999,198,98788,198,99001,198,98746,198,99171,100,98745,100,99248,100,98619,100,99344,100,98583,100,99348,100,98570,200,100003,100,98507,100
2019-06-28 09:48:06.845258566,98927,198,98871,198,98956,198,98825,198,98969,198,98814,198,98999,198,98788,198,99001,198,98746,198,99171,100,98745,100,99248,100,98619,100,99344,100,98583,100,99348,100,98570,200,99514,100,98507,100
2019-06-28 09:48:10.000000000,98927,198,98871,198,98956,198,98825,198,98969,198,98814,198,98999,198,98788,198,99001,198,98746,198,99171,100,98745,100,99248,100,98619,100,99344,100,98583,100,99348,100,98570,200,99514,100,98507,100
2019-06-28 09:48:20.000000000,98927,267,98871,267,98956,262,98825,262,98969,262,98814,262,98999,100,98788,100,99001,100,98746,100,99171,100,98745,100,99248,100,98619,100,99344,100,98583,100,99348,100,98570,200,99514,100,98507,100
2019-06-28 09:48:30.000000000,98927,592,98871,592,98956,100,98825,100,98969,100,98814,100,98999,100,98788,100,99001,100,98746,100,99171,100,98745,100,99248,100,98619,100,99344,100,98583,100,99348,100,98570,200,99514,100,98507,100
2019-06-28 09:48:39.378129898,98927,492,98871,592,98956,100,98825,100,98969,100,98814,100,98999,100,98788,100,99001,100,98746,100,99171,100,98745,100,99248,100,98619,100,99344,100,98583,100,99348,100,98570,200,99514,100,98507,100
2019-06-28 09:48:40.000000000,98956,198,98871,198,98969,198,98825,198,98999,198,98814,198,99001,198,98788,198,99171,198,98746,198,99248,100,98745,100,99344,100,98619,100,99348,100,98583,100,99514,100,98570,200,100003,100,98507,100
2019-06-28 09:48:50.000000000,98956,346,98871,346,98969,346,98825,346,98999,100,98814,100,99001,100,98788,100,99171,100,98746,100,99248,100,98745,100,99344,100,98619,100,99348,100,98583,100,99514,100,98570,200,100003,100,98507,100
2019-06-28 09:48:56.666045207,98956,346,98871,346,98969,346,98825,346,98999,100,98814,100,99001,100,98788,100,99171,100,98746,100,99248,100,98745,100,99344,100,98619,100,99348,100,98570,200,99514,100,98507,100,99531,100,98442,100
2019-06-28 09:49:00.000000000,98956,346,98871,346,98969,346,98825,346,98999,100,98814,100,99001,100,98788,100,99171,100,98746,100,99248,100,98745,100,99344,100,98619,100,99348,100,98570,200,99514,100,98507,100,99531,100,98442,100
2019-06-28 09:49:04.617467078,98956,346,98871,346,98969,346,98825,346,98999,100,98814,100,99001,100,98788,100,99171,100,98746,100,99248,100,98745,100,99344,100,98619,100,99348,100,98570,200,99397,100,98507,100,99514,100,98442,100
2019-06-28 09:49:10.000000000,98956,223,98871,223,98969,223,98825,223,98999,223,98814,223,99001,223,98788,223,99171,100,98746,100,99248,100,98745,100,99344,100,98619,100,99348,100,98570,200,99397,100,98507,100,99514,100,98442,100
2019-06-28 09:49:10.145491840,98956,123,98871,223,98969,223,98825,223,98999,223,98814,223,99001,223,98788,223,99171,100,98746,100,99248,100,98745,100,99344,100,98619,100,99348,100,98570,200,99397,100,98507,100,99514,100,98442,100
2019-06-28 09:49:20.000000000,98969,198,98871,198,98999,198,98825,198,99001,198,98814,198,99171,198,98788,198,99248,198,98746,198,99344,100,98745,100,99348,100,98619,100,99397,100,98570,200,99514,100,98507,100,99531,100,98442,100
2019-06-28 09:49:30.000000000,98969,223,98871,223,98999,223,98825,223,99001,223,98814,223,99171,223,98788,223,99248,100,98746,100,99344,100,98745,100,99348,100,98619,100,99397,100,98570,200,99514,100,98507,100,99531,100,98442,100
2019-06-28 09:49:31.666979384,98969,123,98871,223,98999,223,98825,223,99001,223,98814,223,99171,223,98788,223,99248,100,98746,100,99344,100,98745,100,99348,100,98619,100,99397,100,98570,200,99514,100,98507,100,99531,100,98442,100
2019-06-28 09:49:40.000000000,98999,346,98871,346,99001,346,98825,346,99171,100,98814,100,99248,100,98788,100,99344,100,98746,100,99348,100,98745,100,99397,100,98619,100,99514,100,98570,200,99531,100,98507,100,100003,100,98442,100
2019-06-28 09:49:50.000000000,98999,223,98871,223,99001,223,98825,223,99171,223,98814,223,99248,223,98788,223,99344,100,98746,100,99348,100,98745,100,99397,100,98619,100,99514,100,98570,200,99531,100,98507,100,100003,100,98442,100
2019-06-28 09:50:00.000000000,98999,223,98871,223,99001,223,98825,223,99171,223,98814,223,99248,223,98788,223,99344,100,98746,100,99348,100,98745,100,99397,100,98619,100,99514,100,98570,200,99531,100,98507,100,100003,100,98442,100
2019-06-28 09:50:00.445048470,98999,223,98871,223,99001,223,98825,223,99171,223,98814,223,99248,223,98788,223,99344,100,98746,100,99348,100,98745,100,99374,100,98619,100,99397,100,98570,200,99514,100,98507,100,99531,100,98442,100
2019-06-28 09:50:08.960696952,98999,123,98871,223,99001,223,98825,223,99171,223,98814,223,99248,223,98788,223,99344,100,98746,100,99348,100,98745,100,99374,100,98619,100,99397,100,98570,200,99514,100,98507,100,99531,100,98442,100
2019-06-28 09:50:10.000000000,99001,223,98871,223,99171,223,98825,223,99248,223,98814,223,99344,223,98788,223,99348,100,98746,100,99374,100,98745,100,99397,100,98619,100,99514,100,98570,200,99531,100,98507,100,100003,100,98442,100
2019-06-28 09:50:20.000000000,99001,198,98871,198,99171,198,98825,198,99248,198,98814,198,99344,198,98788,198,99348,198,98746,198,99374,100,98745,100,99397,100,98619,100,99514,100,98570,200,99531,100,98507,100,100003,100,98442,100
2019-06-28 09:50:20.243582324,99001,198,98871,198,99171,198,98825,198,99219,100,98814,198,99248,198,98788,198,99344,198,98746,198,99348,198,98745,100,99374,100,98619,100,99397,100,98570,200,99514,100,98507,100,99531,100,98442,100
2019-06-28 09:50:30.000000000,99001,223,98871,223,99171,223,98825,223,99219,223,98814,223,99248,223,98788,223,99344,100,98746,100,99348,100,98745,100,99374,100,98619,100,99397,100,98570,200,99514,100,98507,100,99531,100,98442,100
2019-06-28 09:50:40.000000000,99001,223,98871,223,99171,223,98825,223,99219,223,98814,223,99248,223,98788,223,99344,100,98746,100,99348,100,98745,100,99374,100,98619,100,99397,100,98570,200,99514,100,98507,100,99531,100,98442,100
2019-06-28 09:50:50.000000000,99001,346,98871,346,99171,346,98825,346,99219,100,98814,100,99248,100,98788,100,99344,100,98746,100,99348,100,98745,100,99374,100,98619,100,99397,100,98570,200,99514,100,98507,100,99531,100,98442,100
2019-06-28 09:51:00.000000000,99001,592,98871,592,99171,100,98825,100,99219,100,98814,100,99248,100,98788,100,99344,100,98746,100,99348,100,98745,100,99374,100,98619,100,99397,100,98570,200,99514,100,98507,100,99531,100,98442,100
2019-06-28 09:51:06.439914323,99001,592,98871,592,99171,100,98825,100,99219,100,98814,100,99248,100,98788,100,99288,100,98746,100,99344,100,98745,100,99348,100,98619,100,99374,100,98570,200,99397,100,98507,100,99514,100,98442,100
2019-06-28 09:51:10.000000000,99001,267,98871,267,99171,262,98825,262,99219,262,98814,262,99248,100,98788,100,99288,100,98746,100,99344,100,98745,100,99348,100,98619,100,99374,100,98570,200,99397,100,98507,100,99514,100,98442,100
2019-06-28 09:51:15.812062607,99001,267,98871,267,99171,262,98825,262,99219,262,98814,262,99222,100,98788,100,99248,100,98746,100,99288,100,98745,100,99344,100,98619,100,99348,100,98570,200,99374,100,98507,100,99397,100,98442,100
2019-06-28 09:51:20.000000000,99001,267,98871,267,99171,262,98825,262,99219,262,98814,262,99222,100,98788,100,99248,100,98746,100,99288,100,98745,100,99344,100,98619,100,99348,100,98570,200,99374,100,98507,100,99397,100,98442,100
2019-06-28 09:51:22.310256065,99001,167,98871,267,99171,262,98825,262,99219,262,98814,262,99222,100,98788,100,99248,100,98746,100,99288,100,98745,100,99344,100,98619,100,99348,100,98570,200,99374,100,98507,100,99514,100,98442,100
2019-06-28 09:51:30.000000000,99171,267,98871,267,99219,262,98825,262,99222,262,98814,262,99248,100,98788,100,99288,100,98746,100,99344,100,98745,100,99348,100,98619,100,99374,100,98570,200,99514,100,98507,100,99531,100,98442,100
2019-06-28 09:51:31.253986794,99171,267,98871,267,99219,262,98825,262,99222,262,98814,262,99248,100,98788,100,99288,100,98746,100,99344,100,98745,100,99348,100,98619,100,99374,100,98570,200,99396,100,98507,100,99514,100,98442,100
2019-06-28 09:51:39.268348261,99171,267,98871,267,99219,262,98825,262,99222,262,98814,262,99248,100,98788,100,99288,100,98746,100,99348,100,98745,100,99374,100,98619,100,99396,100,98570,200,99514,100,98507,100,99531,100,98442,100
2019-06-28 09:51:40.000000000,99171,198,98871,198,99219,198,98825,198,99222,198,98814,198,99248,198,98788,198,99288,198,98746,198,99348,100,98745,100,99374,100,98619,100,99396,100,98570,200,99514,100,98507,100,99531,100,98442,100
2019-06-28 09:51:45.397995032,99219,198,99171,2,99222,198,98871,198,99248,198,98825,198,99288,198,98814,198,99348,100,98788,198,99374,100,98746,198,99396,100,98745,100,99514,100,98619,100,99531,100,98570,200,99594,100,98507,100
2019-06-28 09:51:50.000000000,99219,198,99171,100,99222,198,98871,198,99248,198,98825,198,99288,198,98814,198,99348,198,98788,198,99374,100,98746,100,99396,100,98745,100,99514,100,98619,100,99531,100,98570,200,99594,100,98507,100
2019-06-28 09:51:59.468810651,99174,100,99171,98,99219,198,98871,198,99222,198,98825,198,99248,198,98814,198,99288,198,98788,198,99348,198,98746,100,99374,100,98745,100,99396,100,98619,100,99514,100,98570,200,99531,100,98507,100
2019-06-28 09:52:00.000000000,99174,592,98871,592,99219,100,98825,100,99222,100,98814,100,99248,100,98788,100,99288,100,98746,100,99348,100,98745,100,99374,100,98619,100,99396,100,98570,200,99514,100,98507,100,99531,100,98442,100
2019-06-28 09:52:10.000000000,99174,346,98871,346,99219,346,98825,346,99222,100,98814,100,99248,100,98788,100,99288,100,98746,100,99348,100,98745,100,99374,100,98619,100,99396,100,98570,200,99514,100,98507,100,99531,100,98442,100
2019-06-28 09:52:11.190604451,99174,346,99073,100,99219,346,98871,246,99222,100,98825,346,99248,100,98814,100,99288,100,98788,100,99348,100,98746,100,99374,100,98745,100,99396,100,98619,100,99514,100,98570,200,99531,100,98507,100
2019-06-28 09:52:18.838925037,99174,346,99073,100,99219,346,99001,100,99222,100,98871,246,99248,100,98825,346,99288,100,98814,100,99348,100,98788,100,99374,100,98746,100,99396,100,98745,100,99514,100,98619,100,99531,100,98570,200
2019-06-28 09:52:18.897205908,99174,346,99073,100,99219,346,99001,100,99222,100,98871,246,99248,100,98868,100,99288,100,98825,346,99348,100,98814,100,99374,100,98788,100,99396,100,98746,100,99514,100,98745,100,99531,100,98619,100
2019-06-28 09:52:20.000000000,99174,592,99073,592,99219,100,99001,100,99222,100,98868,100,99248,100,98825,100,99288,100,98814,100,99348,100,98788,100,99374,100,98746,100,99396,100,98745,100,99514,100,98619,100,99531,100,98570,200
2019-06-28 09:52:21.373640011,99170,100,99073,592,99174,592,99001,100,99219,100,98868,100,99222,100,98825,100,99248,100,98814,100,99288,100,98788,100,99348,100,98746,100,99374,100,98745,100,99396,100,98619,100,99514,100,98570,200
2019-06-28 09:52:22.767738431,99170,100,99073,592,99174,592,99001,200,99219,100,98868,100,99222,100,98825,100,99248,100,98814,100,99288,100,98788,100,99348,100,98746,100,99374,100,98745,100,99396,100,98619,100,99514,100,98570,200
2019-06-28 09:52:24.192613236,99170,100,99073,592,99174,592,99001,300,99219,100,98868,100,99222,100,98825,100,99248,100,98814,100,99288,100,98788,100,99348,100,98746,100,99374,100,98745,100,99396,100,98619,100,99514,100,98570,100
2019-06-28 09:52:27.390845739,99170,100,99073,592,99174,592,99001,300,99219,100,98868,100,99222,100,98825,100,99231,100,98814,100,99288,100,98788,100,99348,100,98746,100,99374,100,98745,100,99396,100,98619,100,99514,100,98570,100
2019-06-28 09:52:28.296510939,99170,100,99073,592,99174,592,99001,400,99219,100,98868,100,99222,100,98825,100,99231,100,98814,100,99288,100,98788,100,99348,100,98746,100,99374,100,98745,100,99396,100,98619,100,99514,100,98570,100
2019-06-28 09:52:30.000000000,99170,346,99073,346,99174,346,99001,646,99219,100,98868,100,99222,100,98825,100,99231,100,98814,100,99288,100,98788,100,99348,100,98746,100,99374,100,98745,100,99396,100,98619,100,99514,100,98570,100
2019-06-28 09:52:32.219596830,99170,346,99073,346,99174,346,99001,646,99219,100,98868,100,99222,100,98825,100,99231,100,98814,100,99288,100,98788,100,99348,100,98746,100,99374,100,98745,100,99396,100,98619,100,99430,100,98570,100
2019-06-28 09:52:40.000000000,99170,223,99073,223,99174,223,99001,523,99219,223,98868,223,99222,223,98825,223,99231,100,98814,100,99288,100,98788,100,99348,100,98746,100,99374,100,98745,100,99396,100,98619,100,99430,100,98570,100
2019-06-28 09:52:50.000000000,99170,346,99073,346,99174,346,99001,646,99219,100,98868,100,99222,100,98825,100,99231,100,98814,100,99288,100,98788,100,99348,100,98746,100,99374,100,98745,100,99396,100,98619,100,99430,100,98570,100
2019-06-28 09:53:00.000000000,99170,346,99073,346,99174,346,99001,646,99219,100,98868,100,99222,100,98825,100,99231,100,98814,100,99288,100,98788,100,99348,100,98746,100,99374,100,98745,100,99396,100,98619,100,99430,100,98570,100
2019-06-28 09:53:10.000000000,99170,267,99073,267,99174,262,99001,562,99219,262,98868,262,99222,100,98825,100,99231,100,98814,100,99288,100,98788,100,99348,100,98746,100,99374,100,98745,100,99396,100,98619,100,99430,100,98570,100
2019-06-28 09:53:10.841008196,99170,267,99073,267,99174,262,99001,562,99219,262,98868,262,99222,100,98825,100,99231,100,98814,100,99288,100,98788,100,99310,100,98746,100,99348,100,98745,100,99374,100,98619,100,99396,100,98570,100
2019-06-28 09:53:20.000000000,99170,592,99073,592,99174,100,99001,400,99219,100,98868,100,99222,100,98825,100,99231,100,98814,100,99288,100,98788,100,99310,100,98746,100,99348,100,98745,100,99374,100,98619,100,99396,100,98570,100
2019-06-28 09:53:30.000000000,99170,592,99073,592,99174,100,99001,400,99219,100,98868,100,99222,100,98825,100,99231,100,98814,100,99288,100,98788,100,99310,100,98746,100,99348,100,98745,100,99374,100,98619,100,99396,100,98570,100
2019-06-28 09:53:40.000000000,99170,592,99073,592,99174,100,99001,400,99219,100,98868,100,99222,100,98825,100,99231,100,98814,100,99288,100,98788,100,99310,100,98746,100,99348,100,98745,100,99374,100,98619,100,99396,100,98570,100
2019-06-28 09:53:50.000000000,99170,223,99073,223,99174,223,99001,523,99219,223,98868,223,99222,223,98825,223,99231,100,98814,100,99288,100,98788,100,99310,100,98746,100,99348,100,98745,100,99374,100,98619,100,99396,100,98570,100
2019-06-28 09:53:51.349439535,99170,123,99073,223,99174,223,99001,523,99219,223,98868,223,99222,223,98825,223,99231,100,98814,100,99288,100,98788,100,99348,100,98746,100,99374,100,98745,100,99396,100,98619,100,99430,100,98570,100
2019-06-28 09:53:52.711889748,99170,23,99073,123,99174,223,99001,523,99219,223,98868,223,99222,223,98825,223,99231,100,98814,100,99288,100,98788,100,99348,100,98746,100,99374,100,98745,100,99396,100,98619,100,99430,100,98570,100
2019-06-28 09:54:00.000000000,99174,198,99001,498,99219,198,98868,198,99222,198,98825,198,99231,198,98814,198,99288,198,98788,198,99348,100,98746,100,99374,100,98745,100,99396,100,98619,100,99430,100,98570,100,99514,100,98507,100
2019-06-28 09:54:00.652790604,99174,198,99001,498,99219,198,98868,198,99222,198,98825,198,99231,198,98814,198,99288,198,98788,198,99348,100,98746,100,99374,100,98745,100,99396,100,98619,100,99430,100,98570,100,99514,100,98507,100
2019-06-28 09:54:10.000000000,99174,267,99001,567,99219,262,98868,262,99222,262,98825,262,99231,100,98814,100,99288,100,98788,100,99348,100,98746,100,99374,100,98745,100,99396,100,98619,100,99430,100,98570,100,99514,100,98507,100
2019-06-28 09:54:20.000000000,99174,267,99001,567,99219,262,98868,262,99222,262,98825,262,99231,100,98814,100,99288,100,98788,100,99348,100,98746,100,99374,100,98745,100,99396,100,98619,100,99430,100,98570,100,99514,100,98507,100
2019-06-28 09:54:26.170657750,99174,267,99172,100,99219,262,99001,567,99222,262,98868,262,99231,100,98825,262,99288,100,98814,100,99348,100,98788,100,99374,100,98746,100,99396,100,98745,100,99430,100,98619,100,99514,100,98570,100
2019-06-28 09:54:26.988801969,99174,167,99172,100,99219,262,99001,567,99222,262,98868,262,99231,100,98825,262,99288,100,98814,100,99348,100,98788,100,99374,100,98745,100,99396,100,98619,100,99430,100,98570,100,99514,100,98507,100
2019-06-28 09:54:30.000000000,99219,267,99172,267,99222,262,99001,562,99231,262,98868,262,99288,100,98825,100,99348,100,98814,100,99374,100,98788,100,99396,100,98745,100,99430,100,98619,100,99514,100,98570,100,99531,100,98507,100
2019-06-28 09:54:40.000000000,99219,198,99172,198,99222,198,99001,498,99231,198,98868,198,99288,198,98825,198,99348,198,98814,198,99374,100,98788,100,99396,100,98745,100,99430,100,98619,100,99514,100,98570,100,99531,100,98507,100
2019-06-28 09:54:50.000000000,99219,267,99172,267,99222,262,99001,562,99231,262,98868,262,99288,100,98825,100,99348,100,98814,100,99374,100,98788,100,99396,100,98745,100,99430,100,98619,100,99514,100,98570,100,99531,100,98507,100
2019-06-28 09:55:00.000000000,99219,346,99172,346,99222,346,99001,646,99231,100,98868,100,99288,100,98825,100,99348,100,98814,100,99374,100,98788,100,99396,100,98745,100,99430,100,98619,100,99514,100,98570,100,99531,100,98507,100
2019-06-28 09:55:09.900553645,99219,346,99173,100,99222,346,99172,346,99231,100,99001,646,99288,100,98868,100,99348,100,98825,100,99374,100,98814,100,99396,100,98788,100,99430,100,98745,100,99514,100,98619,100,99531,100,98570,100
2019-06-28 09:55:10.000000000,99219,223,99173,223,99222,223,99172,223,99231,223,99001,523,99288,223,98868,223,99348,100,98825,100,99374,100,98814,100,99396,100,98788,100,99430,100,98745,100,99514,100,98619,100,99531,100,98570,100
2019-06-28 09:55:12.341299928,99219,123,99173,223,99222,223,99172,223,99231,223,99001,523,99288,223,98868,223,99348,100,98825,100,99374,100,98814,100,99396,100,98788,100,99430,100,98745,100,99514,100,98619,100,99531,100,98570,100
2019-06-28 09:55:20.000000000,99222,346,99173,346,99231,346,99172,346,99288,100,99001,400,99348,100,98868,100,99374,100,98825,100,99396,100,98814,100,99430,100,98788,100,99514,100,98745,100,99531,100,98619,100,99594,100,98570,100
2019-06-28 09:55:30.000000000,99222,267,99173,267,99231,262,99172,262,99288,262,99001,562,99348,100,98868,100,99374,100,98825,100,99396,100,98814,100,99430,100,98788,100,99514,100,98745,100,99531,100,98619,100,99594,100,98570,100
2019-06-28 09:55:30.040485590,99222,167,99173,267,99231,262,99172,262,99288,262,99001,562,99348,100,98868,100,99374,100,98825,100,99396,100,98814,100,99430,100,98788,100,99514,100,98745,100,99531,100,98619,100,99594,100,98570,100
2019-06-28 09:55:30.579395424,99222,167,99173,267,99231,262,99172,262,99288,262,99001,562,99348,100,98868,100,99374,100,98825,100,99396,100,98814,100,99430,100,98788,100,99514,100,98745,100,99531,100,98619,100,99594,100,98570,100
2019-06-28 09:55:31.322318881,99222,67,99173,267,99231,262,99172,262,99288,162,99001,562,99348,100,98868,100,99374,100,98825,100,99396,100,98814,100,99430,100,98788,100,99514,100,98745,100,99531,100,98619,100,99594,100,98570,100
2019-06-28 09:55:40.000000000,99231,198,99173,198,99348,198,99172,198,99374,198,99001,498,99396,198,98868,198,99430,198,98825,198,99514,100,98814,100,99531,100,98788,100,99594,100,98745,100,100003,100,98619,100,100042,100,98570,100
2019-06-28 09:55:41.312653618,99231,98,99173,198,99348,198,99172,198,99374,198,99001,498,99396,198,98868,198,99430,198,98825,198,99514,100,98814,100,99531,100,98788,100,99594,100,98745,100,100003,100,98619,100,100042,100,98570,100
2019-06-28 09:55:44.411990747,99231,98,99173,198,99348,198,99172,198,99374,198,99001,498,99396,198,98868,198,99430,198,98825,198,99514,100,98814,100,99531,100,98788,100,99594,100,98745,100,100003,100,98619,100,100042,100,98570,100
2019-06-28 09:55:50.000000000,99348,223,99173,223,99374,223,99172,223,99396,223,99001,523,99430,223,98868,223,99514,100,98825,100,99531,100,98814,100,99594,100,98788,100,100003,100,98745,100,100042,100,98619,100,100127,100,98570,100
2019-06-28 09:56:00.000000000,99348,346,99173,346,99374,346,99172,346,99396,100,99001,400,99430,100,98868,100,99514,100,98825,100,99531,100,98814,100,99594,100,98788,100,100003,100,98745,100,100042,100,98619,100,100127,100,98570,100
2019-06-28 09:56:10.000000000,99348,592,99173,592,99374,100,99172,100,99396,100,99001,400,99430,100,98868,100,99514,100,98825,100,99531,100,98814,100,99594,100,98788,100,100003,100,98745,100,100042,100,98619,100,100127,100,98570,100
2019-06-28 09:56:12.330565186,99348,492,99173,592,99374,100,99172,100,99396,100,99001,400,99430,100,98868,100,99514,100,98825,100,99531,100,98814,100,99594,100,98788,100,100003,100,98745,100,100042,100,98619,100,100127,100,98570,100
2019-06-28 09:56:20.000000000,99374,223,99173,223,99396,223,99172,223,99430,223,99001,523,99514,223,98868,223,99531,100,98825,100,99594,100,98814,100,100003,100,98788,100,100042,100,98745,100,100127,100,98619,100,100133,100,98570,100
2019-06-28 09:56:25.830107397,99374,223,99173,223,99396,223,99172,223,99430,223,99001,523,99514,223,98868,223,99531,100,98825,100,99594,100,98814,100,100003,100,98788,100,100042,100,98745,100,100127,100,98619,100,100133,100,98570,100
2019-06-28 09:56:30.000000000,99374,223,99173,223,99396,223,99172,223,99430,223,99001,523,99514,223,98868,223,99531,100,98825,100,99594,100,98814,100,100003,100,98788,100,100042,100,98745,100,100127,100,98619,100,100133,100,98570,100
2019-06-28 09:56:36.351906047,99374,123,99173,223,99396,223,99172,223,99430,223,99001,523,99514,223,98868,223,99531,100,98825,100,99594,100,98814,100,100003,100,98788,100,100042,100,98745,100,100133,100,98619,100,100163,100,98570,100
2019-06-28 09:56:40.000000000,99396,198,99173,198,99430,198,99172,198,99514,198,99001,498,99531,198,98868,198,99594,198,98825,198,100003,100,98814,100,100042,100,98788,100,100133,100,98745,100,100163,100,98619,100,100168,100,98570,100
2019-06-28 09:56:44.918065883,99396,98,99173,198,99430,198,99172,198,99514,198,99001,498,99531,198,98868,198,99594,198,98825,198,100003,100,98814,100,100042,100,98788,100,100133,100,98745,100,100163,100,98619,100,100168,100,98570,100
2019-06-28 09:56:50.000000000,99430,223,99173,223,99514,223,99172,223,99531,223,99001,523,99594,223,98868,223,100003,100,98825,100,100042,100,98814,100,100133,100,98788,100,100163,100,98745,100,100168,100,98619,100,100169,100,98570,100
2019-06-28 09:56:59.733030443,99430,223,99173,223,99514,223,99172,223,99531,223,99001,523,99594,223,98868,223,100003,100,98825,100,100042,100,98814,100,100133,100,98788,100,100163,100,98745,100,100168,100,98619,100,100169,100,98570,100
2019-06-28 09:57:00.000000000,99430,592,99173,592,99514,100,99172,100,99531,100,99001,400,99594,100,98868,100,100003,100,98825,100,100042,100,98814,100,100133,100,98788,100,100163,100,98745,100,100168,100,98619,100,100169,100,98570,100
2019-06-28 09:57:04.831820309,99430,492,99173,592,99514,100,99172,100,99531,100,99001,400,99594,100,98868,100,100003,100,98825,100,100042,100,98814,100,100133,100,98788,100,100163,100,98745,100,100168,100,98619,100,100169,100,98570,100
2019-06-28 09:57:10.000000000,99514,267,99173,267,99531,262,99172,262,99594,262,99001,562,100003,100,98868,100,100042,100,98825,100,100133,100,98814,100,100163,100,98788,100,100168,100,98745,100,100169,100,98619,100,100205,100,98570,100
2019-06-28 09:57:20.000000000,99514,267,99173,267,99531,262,99172,262,99594,262,99001,562,100003,100,98868,100,100042,100,98825,100,100133,100,98814,100,100163,100,98788,100,100168,100,98745,100,100169,100,98619,100,100205,100,98570,100
2019-06-28 09:57:26.569501868,99514,167,99173,267,99531,262,99172,262,99594,262,99001,562,100003,100,98868,100,100042,100,98825,100,100133,100,98814,100,100163,100,98788,100,100168,100,98745,100,100169,100,98619,100,100205,100,98570,100
2019-06-28 09:57:27.436686890,99514,67,99173,267,99531,262,99172,262,99594,262,99001,562,100003,100,98868,100,100042,100,98825,100,100133,100,98814,100,100163,100,98788,100,100168,100,98745,100,100169,100,98619,100,100205,100,98570,100
2019-06-28 09:57:30.000000000,99531,198,99173,198,99594,198,99172,198,100003,198,99001,498,100042,198,98868,198,100133,198,98825,198,100163,100,98814,100,100168,100,98788,100,100169,100,98745,100,100205,100,98619,100,100286,100,98570,100
2019-06-28 09:57:40.000000000,99531,346,99173,346,99594,346,99172,346,100003,100,99001,400,100042,100,98868,100,100133,100,98825,100,100163,100,98814,100,100168,100,98788,100,100169,100,98745,100,100205,100,98619,100,100286,100,98570,100
2019-06-28 09:57:46.971271850,99531,246,99173,346,99594,346,99172,346,100003,100,99001,400,100042,100,98868,100,100133,100,98825,100,100163,100,98814,100,100168,100,98788,100,100169,100,98745,100,100205,100,98619,100,100286,100,98570,100
2019-06-28 09:57:49.198112596,99531,246,99514,100,99594,346,99173,346,100003,100,99172,346,100042,100,99001,300,100133,100,98868,100,100163,100,98825,100,100168,100,98814,100,100169,100,98788,100,100205,100,98745,100,100286,100,98619,100
2019-06-28 09:57:50.000000000,99594,592,99514,592,100003,100,99173,100,100042,100,99172,100,100133,100,99001,300,100163,100,98868,100,100168,100,98825,100,100169,100,98814,100,100205,100,98788,100,100286,100,98745,100,,,98619,100
2019-06-28 09:58:00.000000000,99594,223,99514,223,100003,223,99173,223,100042,223,99172,223,100133,223,99001,423,100163,100,98868,100,100168,100,98825,100,100169,100,98814,100,100205,100,98788,100,100286,100,98745,100,,,98619,100
2019-06-28 09:58:02.180768862,99594,123,99514,223,100003,223,99173,223,100042,223,99172,223,100133,223,99001,423,100163,100,98868,100,100168,100,98825,100,100169,100,98814,100,100205,100,98788,100,100286,100,98745,100,,,98619,100
2019-06-28 09:58:10.000000000,100003,267,99514,267,100042,262,99173,262,100133,262,99172,262,100163,100,99001,300,100168,100,98868,100,100169,100,98825,100,100205,100,98814,100,100286,100,98788,100,,,98745,100,,,98619,100
2019-06-28 09:58:20.000000000,100003,267,99514,267,100042,262,99173,262,100133,262,99172,262,100163,100,99001,300,100168,100,98868,100,100169,100,98825,100,100205,100,98814,100,100286,100,98788,100,,,98745,100,,,98619,100
2019-06-28 09:58:30.000000000,100003,223,99514,223,100042,223,99173,223,100133,223,99172,223,100163,223,99001,423,100168,100,98868,100,100169,100,98825,100,100205,100,98814,100,100286,100,98788,100,,,98745,100,,,98619,100
2019-06-28 09:58:39.493467079,100003,223,99514,223,100028,100,99173,223,100042,223,99172,223,100133,223,99001,423,100163,223,98868,100,100168,100,98825,100,100169,100,98814,100,100205,100,98788,100,100286,100,98745,100,,,98619,100
2019-06-28 09:58:40.000000000,100003,592,99514,592,100028,100,99173,100,100042,100,99172,100,100133,100,99001,300,100163,100,98868,100,100168,100,98825,100,100169,100,98814,100,100205,100,98788,100,100286,100,98745,100,,,98619,100
2019-06-28 09:58:50.000000000,100003,198,99514,198,100028,198,99173,198,100042,198,99172,198,100133,198,99001,398,100163,198,98868,198,100168,100,98825,100,100169,100,98814,100,100205,100,98788,100,100286,100,98745,100,,,98619,100
2019-06-28 09:59:00.000000000,100003,592,99514,592,100028,100,99173,100,100042,100,99172,100,100133,100,99001,300,100163,100,98868,100,100168,100,98825,100,100169,100,98814,100,100205,100,98788,100,100286,100,98745,100,,,98619,100
2019-06-28 09:59:10.000000000,100003,198,99514,198,100028,198,99173,198,100042,198,99172,198,100133,198,99001,398,100163,198,98868,198,100168,100,98825,100,100169,100,98814,100,100205,100,98788,100,100286,100,98745,100,,,98619,100
2019-06-28 09:59:20.000000000,100003,267,99514,267,100028,262,99173,262,100042,262,99172,262,100133,100,99001,300,100163,100,98868,100,100168,100,98825,100,100169,100,98814,100,100205,100,98788,100,100286,100,98745,100,,,98619,100
2019-06-28 09:59:21.797378612,100003,267,99514,267,100028,262,99173,262,100042,262,99172,262,100070,100,99001,300,100133,100,98868,100,100163,100,98825,100,100168,100,98814,100,100169,100,98788,100,100205,100,98745,100,100286,100,98619,100
2019-06-28 09:59:22.925520923,100003,167,99514,267,100028,262,99173,262,100042,262,99172,262,100070,100,99001,300,100133,100,98868,100,100163,100,98825,100,100168,100,98814,100,100169,100,98788,100,100205,100,98745,100,100286,100,98619,100
2019-06-28 09:59:30.000000000,100028,346,99514,346,100042,346,99173,346,100070,100,99172,100,100133,100,99001,300,100163,100,98868,100,100168,100,98825,100,100169,100,98814,100,100205,100,98788,100,100286,100,98745,100,,,98619,100
2019-06-28 09:59:40.000000000,100028,592,99514,592,100042,100,99173,100,100070,100,99172,100,100133,100,99001,300,100163,100,98868,100,100168,100,98825,100,100169,100,98814,100,100205,100,98788,100,100286,100,98745,100,,,98619,100
2019-06-28 09:59:50.000000000,100028,346,99514,346,100042,346,99173,346,100070,100,99172,100,100133,100,99001,300,100163,100,98868,100,100168,100,98825,100,100169,100,98814,100,100205,100,98788,100,100286,100,98745,100,,,98619,100
2019-06-28 09:59:56.374317531,100028,346,99514,346,100042,346,99173,346,100133,100,99172,100,100163,100,99001,300,100168,100,98868,100,100169,100,98825,100,100205,100,98814,100,100286,100,98788,100,100317,100,98745,100,,,98619,100
2019-06-28 10:00:00.000000000,100028,267,99514,267,100042,262,99173,262,100133,262,99172,262,100163,100,99001,300,100168,100,98868,100,100169,100,98825,100,100205,100,98814,100,100286,100,98788,100,100317,100,98745,100,,,98619,100
2019-06-28 10:00:10.000000000,100028,223,99514,223,100042,223,99173,223,100133,223,99172,223,100163,223,99001,423,100168,100,98868,100,100169,100,98825,100,100205,100,98814,100,100286,100,98788,100,100317,100,98745,100,,,98619,100
2019-06-28 10:00:20.000000000,100028,223,99514,223,100042,223,99173,223,100133,223,99172,223,100163,223,99001,423,100168,100,98868,100,100169,100,98825,100,100205,100,98814,100,100286,100,98788,100,100317,100,98745,100,,,98619,100
2019-06-28 10:00:26.026268526,100028,223,99514,223,100042,123,99173,223,100133,223,99172,223,100163,223,99001,423,100168,100,98868,100,100169,100,98825,100,100205,100,98814,100,100286,100,98788,100,100317,100,98745,100,100413,100,98619,100
2019-06-28 10:00:29.783626942,100028,223,99514,223,100042,123,99173,223,100133,223,99172,223,100163,223,99001,323,100168,100,98868,100,100169,100,98825,100,100205,100,98814,100,100286,100,98788,100,100317,100,98745,100,100413,100,98619,100
2019-06-28 10:00:30.000000000,100028,198,99514,198,100133,198,99173,198,100163,198,99172,198,100168,198,99001,298,100169,198,98868,198,100205,100,98825,100,100286,100,98814,100,100317,100,98788,100,100413,100,98745,100,,,98619,100
2019-06-28 10:00:40.000000000,100028,592,99514,592,100133,100,99173,100,100163,100,99172,100,100168,100,99001,200,100169,100,98868,100,100205,100,98825,100,100286,100,98814,100,100317,100,98788,100,100413,100,98745,100,,,98619,100
2019-06-28 10:00:47.032324826,100028,492,99514,592,100133,100,99173,100,100163,100,99172,100,100168,100,99001,200,100169,100,98868,100,100205,100,98825,100,100286,100,98814,100,100317,100,98788,100,100413,100,98745,100,,,98619,100
2019-06-28 10:00:50.000000000,100133,592,99514,592,100163,100,99173,100,100168,100,99172,100,100169,100,99001,200,100205,100,98868,100,100286,100,98825,100,100317,100,98814,100,100413,100,98788,100,,,98745,100,,,98619,100
2019-06-28 10:01:00.000000000,100133,346,99514,346,100163,346,99173,346,100168,100,99172,100,100169,100,99001,200,100205,100,98868,100,100286,100,98825,100,100317,100,98814,100,100413,100,98788,100,,,98745,100,,,98619,100
2019-06-28 10:01:06.598404592,100133,346,100003,100,100163,346,99514,346,100168,100,99173,346,100169,100,99172,100,100205,100,99001,200,100286,100,98868,100,100317,100,98825,100,100413,100,98814,100,,,98788,100,,,98745,100
2019-06-28 10:01:10.000000000,100133,267,100003,267,100163,262,99514,262,100168,262,99173,262,100169,100,99172,100,100205,100,99001,200,100286,100,98868,100,100317,100,98825,100,100413,100,98814,100,,,98788,100,,,98745,100
2019-06-28 10:01:20.000000000,100133,346,100003,346,100163,346,99514,346,100168,100,99173,100,100169,100,99172,100,100205,100,99001,200,100286,100,98868,100,100317,100,98825,100,100413,100,98814,100,,,98788,100,,,98745,100
2019-06-28 10:01:23.053340285,100133,346,100003,346,100163,346,99977,100,100168,100,99514,346,100169,100,99173,100,100205,100,99172,100,100286,100,99001,200,100317,100,98868,100,100413,100,98825,100,,,98814,100,,,98788,100
2019-06-28 10:01:24.802020378,100133,346,100003,446,100163,346,99977,100,100168,100,99514,346,100169,100,99172,100,100205,100,99001,200,100286,100,98868,100,100317,100,98825,100,100413,100,98814,100,,,98788,100,,,98745,100
2019-06-28 10:01:30.000000000,100133,267,100003,367,100163,262,99977,262,100168,262,99514,262,100169,100,99172,100,100205,100,99001,200,100286,100,98868,100,100317,100,98825,100,100413,100,98814,100,,,98788,100,,,98745,100
2019-06-28 10:01:33.970489519,100133,167,100003,367,100163,262,99977,262,100168,262,99514,262,100169,100,99172,100,100205,100,99001,200,100286,100,98868,100,100317,100,98825,100,100413,100,98814,100,,,98788,100,,,98745,100
2019-06-28 10:01:40.000000000,100163,223,100003,323,100168,223,99977,223,100169,223,99514,223,100205,223,99172,223,100286,100,99001,200,100317,100,98868,100,100413,100,98825,100,,,98814,100,,,98788,100,,,98745,100
2019-06-28 10:01:41.240309857,100163,223,100003,323,100168,223,99977,223,100169,223,99514,223,100205,223,99172,223,100286,100,99001,200,100339,100,98868,100,100413,100,98825,100,,,98814,100,,,98788,100,,,98745,100
2019-06-28 10:01:50.000000000,100163,267,100003,367,100168,262,99977,262,100169,262,99514,262,100205,100,99172,100,100286,100,99001,200,100339,100,98868,100,100413,100,98825,100,,,98814,100,,,98788,100,,,98745,100
2019-06-28 10:01:59.612970972,100163,167,100003,367,100168,262,99977,262,100169,262,99514,262,100205,100,99172,100,100286,100,99001,200,100339,100,98868,100,100413,100,98825,100,,,98814,100,,,98788,100,,,98745,100
2019-06-28 10:02:00.000000000,100168,267,100003,367,100169,262,99977,262,100205,262,99514,262,100286,100,99172,100,100339,100,99001,200,100413,100,98868,100,,,98825,100,,,98814,100,,,98788,100,,,98745,100
2019-06-28 10:02:06.375187148,100168,267,100003,367,100169,262,99977,262,100205,262,99514,262,100286,100,99172,100,100339,100,99001,200,100413,100,98868,100,100514,100,98825,100,,,98814,100,,,98788,100,,,98745,100
2019-06-28 10:02:06.929778942,100168,267,100003,367,100169,262,99977,262,100205,262,99514,262,100286,100,99172,100,100339,100,99001,200,100413,100,98868,100,100482,100,98825,100,100514,100,98814,100,,,98788,100,,,98745,100
2019-06-28 10:02:10.000000000,100168,592,100003,692,100169,100,99977,100,100205,100,99514,100,100286,100,99172,100,100339,100,99001,200,100413,100,98868,100,100482,100,98825,100,100514,100,98814,100,,,98788,100,,,98745,100
2019-06-28 10:02:13.519848259,100168,492,100003,692,100169,100,99977,100,100205,100,99514,100,100286,100,99172,100,100339,100,99001,200,100413,100,98868,100,100482,100,98825,100,100514,100,98814,100,,,98788,100,,,98745,100
2019-06-28 10:02:16.264316325,100168,492,100003,692,100169,100,99977,100,100205,100,99514,100,100286,100,99172,100,100288,100,99001,200,100339,100,98868,100,100413,100,98825,100,100482,100,98814,100,100514,100,98788,100,,,98745,100
2019-06-28 10:02:20.000000000,100169,267,100003,367,100205,262,99977,262,100286,262,99514,262,100288,100,99172,100,100339,100,99001,200,100413,100,98868,100,100482,100,98825,100,100514,100,98814,100,,,98788,100,,,98745,100
2019-06-28 10:02:26.707624286,100169,267,100003,367,100205,262,99977,262,100286,262,99514,262,100288,100,99172,100,100339,100,99001,100,100413,100,98868,100,100482,100,98825,100,100514,100,98814,100,,,98788,100,,,98745,100
2019-06-28 10:02:30.000000000,100169,223,100003,323,100205,223,99977,223,100286,223,99514,223,100288,223,99172,223,100339,100,99001,100,100413,100,98868,100,100482,100,98825,100,100514,100,98814,100,,,98788,100,,,98745,100
2019-06-28 10:02:38.737604091,100169,223,100003,323,100205,223,99977,223,100286,223,99514,223,100288,223,99172,223,100301,100,99001,100,100339,100,98868,100,100413,100,98825,100,100482,100,98814,100,100514,100,98788,100,,,98745,100
2019-06-28 10:02:40.000000000,100169,198,100003,298,100205,198,99977,198,100286,198,99514,198,100288,198,99172,198,100301,198,99001,198,100339,100,98868,100,100413,100,98825,100,100482,100,98814,100,100514,100,98788,100,,,98745,100
2019-06-28 10:02:44.173703259,100169,198,100003,298,100205,198,99977,198,100286,98,99973,100,100288,198,99514,198,100301,198,99172,198,100339,100,99001,198,100413,100,98868,100,100482,100,98825,100,100514,100,98814,100,,,98788,100
2019-06-28 10:02:50.000000000,100169,223,100003,323,100205,223,99977,223,100288,223,99973,223,100301,223,99514,223,100339,100,99172,100,100413,100,99001,100,100482,100,98868,100,100514,100,98825,100,,,98814,100,,,98788,100
2019-06-28 10:02:53.322689087,100169,223,100003,323,100205,223,99977,223,100288,223,99973,223,100301,223,99514,223,100339,100,99172,100,100372,100,99001,100,100413,100,98868,100,100482,100,98825,100,100514,100,98814,100,,,98788,100
2019-06-28 10:03:00.000000000,100169,198,100003,298,100205,198,99977,198,100288,198,99973,198,100301,198,99514,198,100339,198,99172,198,100372,100,99001,100,100413,100,98868,100,100482,100,98825,100,100514,100,98814,100,,,98788,100
2019-06-28 10:03:00.931248303,100169,98,100003,298,100205,198,99977,198,100288,198,99973,198,100301,198,99514,198,100339,198,99172,198,100372,100,99001,100,100413,100,98868,100,100482,100,98825,100,100514,100,98814,100,,,98788,100
2019-06-28 10:03:10.000000000,100205,223,100003,323,100288,223,99977,223,100301,223,99973,223,100339,223,99514,223,100372,100,99172,100,100413,100,99001,100,100482,100,98868,100,100514,100,98825,100,,,98814,100,,,98788,100
2019-06-28 10:03:13.151109349,100205,223,100168,100,100288,223,100003,323,100301,223,99977,223,100339,223,99973,223,100372,100,99514,223,100413,100,99172,100,100482,100,99001,100,100514,100,98868,100,,,98825,100,,,98814,100
2019-06-28 10:03:20.000000000,100205,223,100168,223,100288,223,100003,323,100301,223,99977,223,100339,223,99973,223,100372,100,99514,100,100413,100,99172,100,100482,100,99001,100,100514,100,98868,100,,,98825,100,,,98814,100
2019-06-28 10:03:30.000000000,100205,223,100168,223,100288,223,100003,323,100301,223,99977,223,100339,223,99973,223,100372,100,99514,100,100413,100,99172,100,100482,100,99001,100,100514,100,98868,100,,,98825,100,,,98814,100
2019-06-28 10:03:40.000000000,100205,223,100168,223,100288,223,100003,323,100301,223,99977,223,100339,223,99973,223,100372,100,99514,100,100413,100,99172,100,100482,100,99001,100,100514,100,98868,100,,,98825,100,,,98814,100
2019-06-28 10:03:41.333115510,100205,223,100168,123,100288,223,100003,323,100301,223,99977,223,100339,223,99973,223,100372,100,99514,100,100413,100,99172,100,100482,100,99001,100,100514,100,98868,100,,,98825,100,,,98814,100
2019-06-28 10:03:48.156793887,100190,100,100168,123,100205,223,100003,323,100288,223,99977,223,100301,223,99973,223,100339,223,99514,100,100372,100,99172,100,100413,100,99001,100,100482,100,98868,100,100514,100,98825,100,,,98814,100
2019-06-28 10:03:50.000000000,100190,346,100003,446,100205,346,99977,346,100288,100,99973,100,100301,100,99514,100,100339,100,99172,100,100372,100,99001,100,100413,100,98868,100,100482,100,98825,100,100514,100,98814,100,,,98788,100
2019-06-28 10:03:54.554580522,100168,100,100003,446,100190,346,99977,346,100205,346,99973,100,100288,100,99514,100,100301,100,99172,100,100339,100,99001,100,100372,100,98868,100,100413,100,98825,100,100482,100,98814,100,100514,100,98788,100
2019-06-28 10:04:00.000000000,100168,223,100003,323,100190,223,99977,223,100205,223,99973,223,100288,223,99514,223,100301,100,99172,100,100339,100,99001,100,100372,100,98868,100,100413,100,98825,100,100482,100,98814,100,100514,100,98788,100
2019-06-28 10:04:10.000000000,100168,346,100003,446,100190,346,99977,346,100205,100,99973,100,100288,100,99514,100,100301,100,99172,100,100339,100,99001,100,100372,100,98868,100,100413,100,98825,100,100482,100,98814,100,100514,100,98788,100
2019-06-28 10:04:20.000000000,100168,592,100003,692,100190,100,99977,100,100205,100,99973,100,100288,100,99514,100,100301,100,99172,100,100339,100,99001,100,100372,100,98868,100,100413,100,98825,100,100482,100,98814,100,100514,100,98788,100
2019-06-28 10:04:30.000000000,100168,346,100003,446,100190,346,99977,346,100205,100,99973,100,100288,100,99514,100,100301,100,99172,100,100339,100,99001,100,100372,100,98868,100,100413,100,98825,100,100482,100,98814,100,100514,100,98788,100
2019-06-28 10:04:40.000000000,100168,198,100003,298,100190,198,99977,198,100205,198,99973,198,100288,198,99514,198,100301,198,99172,198,100339,100,99001,100,100372,100,98868,100,100413,100,98825,100,100482,100,98814,100,100514,100,98788,100
2019-06-28 10:04:50.000000000,100168,267,100003,367,100190,262,99977,262,100205,262,99973,262,100288,100,99514,100,100301,100,99172,100,100339,100,99001,100,100372,100,98868,100,100413,100,98825,100,100482,100,98814,100,100514,100,98788,100
2019-06-28 10:05:00.000000000,100168,592,100003,692,100190,100,99977,100,100205,100,99973,100,100288,100,99514,100,100301,100,99172,100,100339,100,99001,100,100372,100,98868,100,100413,100,98825,100,100482,100,98814,100,100514,100,98788,100
2019-06-28 10:05:00.676961306,100147,100,100003,692,100168,592,99977,100,100190,100,99973,100,100205,100,99514,100,100288,100,99172,100,100301,100,99001,100,100372,100,98868,100,100413,100,98825,100,100482,100,98814,100,100514,100,98788,100
2019-06-28 10:05:01.399623754,100147,100,100003,692,100168,592,99977,100,100190,100,99973,100,100205,100,99514,100,100268,100,99172,100,100288,100,99001,100,100301,100,98868,100,100372,100,98825,100,100413,100,98814,100,100482,100,98570,100
2019-06-28 10:05:10.000000000,100147,223,100003,323,100168,223,99977,223,100190,223,99973,223,100205,223,99514,223,100268,100,99172,100,100288,100,99001,100,100301,100,98868,100,100372,100,98825,100,100413,100,98814,100,100482,100,98570,100
2019-06-28 10:05:10.230606550,100147,223,100003,323,100168,223,99977,223,100190,223,99973,223,100205,223,99514,223,100268,100,99172,100,100288,100,99001,100,100301,100,98868,100,100372,100,98825,100,100413,100,98814,100,100482,100,98507,100
2019-06-28 10:05:10.956880886,100035,100,100003,323,100147,223,99977,223,100168,223,99973,223,100190,223,99514,223,100205,223,99172,100,100268,100,99001,100,100301,100,98868,100,100372,100,98825,100,100413,100,98814,100,100482,100,98507,100
