,ask_price_1,ask_size_1,bid_price_1,bid_size_1,ask_price_2,ask_size_2,bid_price_2,bid_size_2,ask_price_3,ask_size_3,bid_price_3,bid_size_3,ask_price_4,ask_size_4,bid_price_4,bid_size_4,ask_price_5,ask_size_5,bid_price_5,bid_size_5,ask_price_6,ask_size_6,bid_price_6,bid_size_6,ask_price_7,ask_size_7,bid_price_7,bid_size_7,ask_price_8,ask_size_8,bid_price_8,bid_size_8,ask_price_9,ask_size_9,bid_price_9,bid_size_9,ask_price_10,ask_size_10,bid_price_10,bid_size_10
2019-06-28 09:30:00.000000001,100118,100,,,,,,,,,,,,,,,,,,,,,,,,,,,,,,,,,,,,,,
2019-06-28 09:30:00.000000004,100118,100,99952,100,100166,100,,,,,,,,,,,,,,,,,,,,,,,,,,,,,,,,,,
2019-06-28 09:30:00.000000008,100118,100,99952,100,100166,100,99879,100,,,,,,,,,,,,,,,,,,,,,,,,,,,,,,,,
2019-06-28 09:30:00.000000009,100118,100,100064,100,100166,100,99952,100,,,99879,100,,,,,,,,,,,,,,,,,,,,,,,,,,,,
2019-06-28 09:30:00.000000011,100118,100,99952,100,100166,100,99879,100,,,,,,,,,,,,,,,,,,,,,,,,,,,,,,,,
2019-06-28 09:30:00.000000014,100118,100,99952,100,100125,100,99879,100,100166,100,,,,,,,,,,,,,,,,,,,,,,,,,,,,,,
2019-06-28 09:30:00.000000015,100118,100,99952,100,100125,100,99879,100,100166,100,99851,100,,,,,,,,,,,,,,,,,,,,,,,,,,,,
2019-06-28 09:30:00.000000016,100118,100,99952,100,100125,100,99879,100,100159,100,99851,100,100166,100,,,,,,,,,,,,,,,,,,,,,,,,,,
2019-06-28 09:30:00.000000019,100024,100,99952,100,100118,100,99879,100,100125,100,99851,100,100159,100,,,100166,100,,,,,,,,,,,,,,,,,,,,,,
2019-06-28 09:30:00.000000020,100023,100,99952,100,100024,100,99879,100,100118,100,99851,100,100125,100,,,100159,100,,,100166,100,,,,,,,,,,,,,,,,,,
2019-06-28 09:30:00.000000021,100023,100,99952,100,100024,100,99879,100,100103,100,99851,100,100118,100,99830,100,100125,100,,,100159,100,,,100166,100,,,,,,,,,,,,,,
2019-06-28 09:30:00.000000022,100023,100,99952,100,100024,100,99879,100,100057,100,99851,100,100103,100,99830,100,100118,100,,,100125,100,,,100159,100,,,100166,100,,,,,,,,,,
2019-06-28 09:30:00.000000024,100023,100,99952,100,100024,100,99893,100,100057,100,99879,100,100103,100,99851,100,100118,100,99830,100,100125,100,,,100159,100,,,100166,100,,,,,,,,,,
2019-06-28 09:30:00.000000025,100023,100,99952,100,100024,100,99893,100,100057,100,99879,100,100081,100,99851,100,100103,100,99830,100,100118,100,,,100125,100,,,100159,100,,,100166,100,,,,,,
2019-06-28 09:30:00.000000026,100024,100,99952,100,100057,100,99893,100,100081,100,99879,100,100103,100,99851,100,100118,100,99830,100,100125,100,,,100159,100,,,100166,100,,,,,,,,,,
2019-06-28 09:30:00.000000029,100024,100,99952,100,100057,100,99929,100,100081,100,99893,100,100103,100,99879,100,100118,100,99851,100,100125,100,99830,100,100159,100,,,100166,100,,,,,,,,,,
2019-06-28 09:30:00.000000030,99989,100,99952,100,100024,100,99929,100,100057,100,99893,100,100081,100,99879,100,100103,100,99851,100,100118,100,99830,100,100125,100,,,100159,100,,,100166,100,,,,,,
2019-06-28 09:30:00.000000032,99989,100,99952,100,100024,100,99949,100,100057,100,99929,100,100081,100,99893,100,100103,100,99884,100,100118,100,99879,100,100125,100,99851,100,100159,100,99830,100,100166,100,,,,,,
2019-06-28 09:30:00.000000036,99989,100,99952,100,100024,100,99949,100,100057,100,99929,100,100081,100,99893,100,100103,100,99884,100,100118,100,99879,100,100120,100,99851,100,100125,100,99830,100,100159,100,,,100166,100,,
2019-06-28 09:30:00.000000037,99989,100,99953,100,100024,100,99952,100,100057,100,99949,100,100081,100,99929,100,100103,100,99893,100,100118,100,99884,100,100120,100,99879,100,100125,100,99851,100,100159,100,99830,200,100166,100,,
2019-06-28 09:30:00.000000039,99989,100,99953,100,100024,100,99952,100,100040,100,99949,100,100057,100,99929,100,100059,100,99893,100,100081,100,99884,100,100103,100,99879,100,100118,100,99851,100,100120,100,99830,200,100125,100,,
2019-06-28 09:30:00.000000042,99989,100,99953,100,100023,100,99952,100,100024,100,99949,100,100040,100,99929,100,100057,100,99893,100,100059,100,99884,100,100081,100,99879,100,100103,100,99851,100,100118,100,99830,200,100120,100,,
2019-06-28 09:30:00.000000043,99989,100,99953,200,100023,100,99952,100,100024,100,99949,100,100040,100,99929,100,100057,100,99893,100,100059,100,99884,100,100081,100,99879,100,100103,100,99851,100,100118,100,99830,200,100120,100,,
2019-06-28 09:30:00.000000044,99989,100,99957,100,100023,200,99953,200,100024,100,99952,100,100040,100,99949,100,100057,100,99938,100,100059,100,99929,100,100081,100,99893,100,100103,100,99884,100,100118,100,99879,100,100120,100,99851,100
2019-06-28 09:30:00.000000045,99989,100,99957,100,99993,100,99953,200,100023,300,99952,100,100024,100,99949,100,100040,100,99938,100,100057,100,99929,100,100059,100,99893,100,100081,100,99884,100,100103,100,99879,100,100118,100,99851,100
2019-06-28 09:30:00.000000047,99993,100,99957,100,100023,300,99953,200,100024,100,99952,100,100040,100,99949,100,100057,100,99947,100,100059,100,99938,100,100081,100,99929,100,100103,100,99893,100,100118,100,99884,100,100120,100,99879,100
2019-06-28 09:30:00.000000048,100023,300,99989,100,100024,100,99957,100,100040,100,99953,200,100057,100,99952,100,100059,100,99949,100,100081,100,99947,100,100103,100,99938,100,100118,100,99929,100,100120,100,99893,100,100125,100,99884,100
2019-06-28 09:30:00.000000051,100023,300,99989,100,100024,100,99957,100,100028,100,99953,200,100040,100,99952,100,100057,100,99949,100,100059,100,99947,100,100081,100,99938,100,100103,100,99929,100,100118,100,99893,100,100120,100,99884,100
2019-06-28 09:30:00.000000053,100023,300,99989,100,100024,100,99957,100,100028,100,99953,200,100040,100,99952,100,100057,100,99949,100,100059,100,99947,100,100081,100,99938,100,100103,100,99929,100,100118,100,99893,100,100120,100,99884,100
2019-06-28 09:30:00.000000054,100023,300,99990,100,100024,100,99989,100,100028,100,99957,100,100040,100,99953,200,100057,100,99952,100,100059,100,99949,100,100081,100,99947,100,100103,100,99938,100,100118,100,99929,100,100120,100,99893,100
2019-06-28 09:30:00.000000056,100023,300,99990,100,100024,100,99989,200,100028,100,99957,100,100040,100,99953,200,100057,100,99952,100,100059,100,99949,100,100081,100,99947,100,100103,100,99938,100,100118,100,99929,100,100120,100,99893,100
2019-06-28 09:30:00.000000057,100023,200,99990,100,100024,100,99989,200,100028,100,99957,100,100040,100,99953,200,100057,100,99952,100,100059,100,99949,100,100081,100,99947,100,100096,100,99938,100,100103,100,99929,100,100118,100,99893,100
2019-06-28 09:30:00.000000064,100023,200,99990,100,100024,100,99989,200,100028,100,99957,100,100040,100,99953,200,100057,100,99952,100,100059,100,99949,100,100081,100,99947,100,100096,100,99938,100,100103,100,99929,100,100118,100,99893,100
2019-06-28 09:30:00.000000065,100023,200,99990,100,100024,100,99989,200,100028,100,99957,100,100040,100,99953,200,100057,100,99952,100,100059,100,99949,100,100081,100,99947,100,100096,100,99938,100,100103,100,99929,100,100104,100,99893,100
2019-06-28 09:30:00.000000066,100023,200,99990,100,100024,100,99989,200,100028,100,99957,100,100040,100,99953,200,100057,100,99952,100,100059,100,99949,100,100081,100,99947,100,100096,100,99938,100,100101,100,99929,100,100103,100,99893,100
2019-06-28 09:30:00.000000067,100023,200,99993,100,100024,100,99990,100,100028,100,99989,200,100040,100,99957,100,100057,100,99953,200,100059,100,99952,100,100081,100,99949,100,100096,100,99947,100,100101,100,99938,100,100103,100,99929,100
2019-06-28 09:30:00.000000069,100023,200,99993,100,100024,100,99990,100,100028,100,99989,200,100040,100,99957,100,100057,100,99953,200,100059,100,99952,100,100081,100,99949,100,100096,100,99947,100,100101,100,99941,100,100103,100,99938,100
2019-06-28 09:30:00.000000072,100023,300,99993,100,100024,100,99990,100,100028,100,99989,200,100040,100,99957,100,100057,100,99953,200,100059,100,99952,100,100081,100,99949,100,100096,100,99947,100,100101,100,99941,100,100103,100,99938,100
2019-06-28 09:30:00.000000074,100023,300,99993,100,100024,100,99990,100,100028,100,99989,200,100040,100,99957,100,100057,100,99953,200,100059,100,99952,100,100081,100,99949,100,100096,100,99947,100,100101,100,99941,100,100103,100,99938,100
2019-06-28 09:30:00.000000075,100023,400,99993,100,100024,100,99990,100,100028,100,99989,200,100040,100,99986,100,100057,100,99957,100,100059,100,99953,200,100081,100,99952,100,100096,100,99949,100,100101,100,99947,100,100103,100,99941,100
2019-06-28 09:30:00.000000076,100023,500,99993,100,100024,100,99990,100,100028,100,99989,200,100040,100,99986,100,100057,100,99957,100,100059,100,99953,200,100081,100,99952,100,100096,100,99949,100,100101,100,99947,100,100103,100,99941,100
2019-06-28 09:30:00.000000078,100023,500,99990,100,100024,100,99989,200,100028,100,99986,100,100040,100,99957,100,100057,100,99953,200,100059,100,99952,100,100081,100,99949,100,100096,100,99947,100,100101,100,99941,100,100103,100,99938,100
2019-06-28 09:30:00.000000079,100023,500,99990,100,100024,200,99989,200,100028,100,99986,100,100040,100,99957,100,100057,100,99953,200,100059,100,99952,100,100081,100,99949,100,100096,100,99947,100,100101,100,99941,100,100103,100,99938,100
2019-06-28 09:30:00.000000084,100023,500,100017,100,100024,200,99990,100,100028,100,99989,200,100040,100,99986,100,100057,100,99957,100,100059,100,99953,200,100081,100,99952,100,100096,100,99949,100,100101,100,99947,100,100103,100,99941,100
2019-06-28 09:30:00.000000086,100023,500,100017,100,100024,200,99990,100,100028,100,99989,200,100040,100,99986,100,100057,100,99957,100,100059,100,99953,200,100081,100,99952,100,100096,100,99949,100,100101,100,99947,100,100103,100,99941,100
2019-06-28 09:30:00.000000088,100023,500,100017,100,100024,200,99990,100,100028,100,99989,200,100040,100,99986,100,100057,100,99957,100,100059,100,99953,200,100081,100,99952,100,100096,100,99949,100,100101,100,99947,100,100103,100,99941,100
2019-06-28 09:30:00.000000090,100022,100,100017,100,100023,500,99990,100,100024,200,99989,200,100028,100,99986,100,100040,100,99957,100,100057,100,99953,200,100059,100,99952,100,100081,100,99949,100,100096,100,99947,100,100101,100,99941,100
2019-06-28 09:30:00.000000091,100022,100,100017,100,100023,500,99990,100,100024,200,99989,200,100028,100,99986,100,100040,100,99957,100,100057,100,99953,200,100059,100,99952,100,100081,100,99949,100,100096,100,99947,100,100101,100,99941,100
2019-06-28 09:30:00.000000092,100022,100,100017,100,100023,500,99990,100,100024,200,99989,200,100028,100,99986,100,100040,100,99957,100,100057,100,99953,200,100059,100,99952,100,100081,100,99949,100,100096,100,99947,100,100101,100,99941,100
2019-06-28 09:30:00.000000098,100023,500,100017,100,100024,200,99990,100,100028,100,99989,200,100040,100,99986,100,100057,100,99957,100,100059,100,99953,200,100081,100,99952,100,100096,100,99949,100,100101,100,99947,100,100103,100,99941,100
2019-06-28 09:30:00.000000099,100023,500,100017,100,100024,200,99993,100,100028,100,99990,100,100040,100,99989,200,100057,100,99986,100,100059,100,99957,100,100081,100,99953,200,100096,100,99952,100,100101,100,99949,100,100103,100,99947,100
2019-06-28 09:30:01.033840847,100023,500,100018,100,100024,200,100017,100,100028,100,99993,100,100040,100,99990,100,100057,100,99989,200,100059,100,99986,100,100081,100,99957,100,100096,100,99953,100,100101,100,99952,100,100103,100,99949,100
2019-06-28 09:30:10.000000000,100023,606,100018,206,100024,306,100017,206,100028,206,99993,206,100040,206,99990,206,100057,100,99989,200,100059,100,99986,100,100081,100,99957,100,100096,100,99953,100,100101,100,99952,100,100103,100,99949,100
2019-06-28 09:30:20.000000000,100023,585,100018,185,100024,285,100017,185,100028,185,99993,185,100040,185,99990,185,100057,185,99989,285,100059,100,99986,100,100081,100,99957,100,100096,100,99953,100,100101,100,99952,100,100103,100,99949,100
2019-06-28 09:30:23.261076412,100023,585,100018,85,100024,285,100017,185,100028,185,99993,185,100040,185,99990,185,100057,185,99989,285,100059,100,99986,100,100081,100,99957,100,100096,100,99953,100,100101,100,99952,100,100103,100,99949,100
2019-06-28 09:30:30.000000000,100023,645,100017,245,100024,341,99993,241,100028,241,99990,241,100040,100,99989,200,100057,100,99986,100,100059,100,99957,100,100081,100,99953,100,100096,100,99952,100,100101,100,99949,100,100103,100,99947,100
2019-06-28 09:30:40.000000000,100023,713,100017,313,100024,413,99993,313,100028,100,99990,100,100040,100,99989,200,100057,100,99986,100,100059,100,99957,100,100081,100,99953,100,100096,100,99952,100,100101,100,99949,100,100103,100,99947,100
2019-06-28 09:30:50.000000000,100023,606,100017,206,100024,306,99993,206,100028,206,99990,206,100040,206,99989,306,100057,100,99986,100,100059,100,99957,100,100081,100,99953,100,100096,100,99952,100,100101,100,99949,100,100103,100,99947,100
2019-06-28 09:31:00.000000000,100023,606,100017,206,100024,306,99993,206,100028,206,99990,206,100040,206,99989,306,100057,100,99986,100,100059,100,99957,100,100081,100,99953,100,100096,100,99952,100,100101,100,99949,100,100103,100,99947,100
2019-06-28 09:31:10.000000000,100023,645,100017,245,100024,341,99993,241,100028,241,99990,241,100040,100,99989,200,100057,100,99986,100,100059,100,99957,100,100081,100,99953,100,100096,100,99952,100,100101,100,99949,100,100103,100,99947,100
2019-06-28 09:31:16.528797213,100023,645,100017,245,100024,341,99993,241,100028,241,99990,241,100040,100,99989,200,100057,100,99986,100,100059,100,99957,100,100081,100,99953,100,100096,100,99952,100,100101,100,99949,100,100103,100,99947,100
2019-06-28 09:31:20.000000000,100023,926,100017,526,100024,200,99993,100,100028,100,99990,100,100040,100,99989,200,100057,100,99986,100,100059,100,99957,100,100081,100,99953,100,100096,100,99952,100,100101,100,99949,100,100103,100,99947,100
2019-06-28 09:31:25.012555277,100023,926,100017,526,100024,200,99993,100,100040,100,99990,100,100057,100,99989,200,100059,100,99986,100,100081,100,99957,100,100096,100,99953,100,100101,100,99952,100,100103,100,99949,100,100104,100,99947,100
2019-06-28 09:31:25.633426843,100022,100,100017,526,100023,926,99993,100,100024,200,99990,100,100040,100,99989,200,100057,100,99986,100,100059,100,99957,100,100081,100,99952,100,100096,100,99949,100,100101,100,99947,100,100103,100,99941,100
2019-06-28 09:31:27.624349184,100022,200,100017,526,100023,826,99993,100,100024,200,99990,100,100040,100,99989,200,100057,100,99986,100,100059,100,99957,100,100081,100,99952,100,100096,100,99949,100,100101,100,99947,100,100103,100,99941,100
2019-06-28 09:31:30.000000000,100022,306,100017,206,100023,506,99993,206,100024,306,99990,206,100040,206,99989,306,100057,100,99986,100,100059,100,99957,100,100081,100,99952,100,100096,100,99949,100,100101,100,99947,100,100103,100,99941,100
2019-06-28 09:31:40.000000000,100022,306,100017,206,100023,506,99993,206,100024,306,99990,206,100040,206,99989,306,100057,100,99986,100,100059,100,99957,100,100081,100,99952,100,100096,100,99949,100,100101,100,99947,100,100103,100,99941,100
2019-06-28 09:31:50.000000000,100022,413,100017,313,100023,613,99993,313,100024,200,99990,100,100040,100,99989,200,100057,100,99986,100,100059,100,99957,100,100081,100,99952,100,100096,100,99949,100,100101,100,99947,100,100103,100,99941,100
2019-06-28 09:32:00.000000000,100022,345,100017,245,100023,541,99993,241,100024,341,99990,241,100040,100,99989,200,100057,100,99986,100,100059,100,99957,100,100081,100,99952,100,100096,100,99949,100,100101,100,99947,100,100103,100,99941,100
2019-06-28 09:32:10.000000000,100022,285,100017,185,100023,485,99993,185,100024,285,99990,185,100040,185,99989,285,100057,185,99986,185,100059,100,99957,100,100081,100,99952,100,100096,100,99949,100,100101,100,99947,100,100103,100,99941,100
2019-06-28 09:32:12.521023267,100022,385,100017,185,100023,385,99993,185,100024,285,99990,185,100040,185,99989,285,100057,185,99986,185,100059,100,99957,100,100081,100,99952,100,100096,100,99949,100,100101,100,99947,100,100103,100,99941,100
2019-06-28 09:32:20.000000000,100022,726,100017,526,100023,300,99993,100,100024,200,99990,100,100040,100,99989,200,100057,100,99986,100,100059,100,99957,100,100081,100,99952,100,100096,100,99949,100,100101,100,99947,100,100103,100,99941,100
2019-06-28 09:32:20.379002283,100022,726,100017,426,100023,300,99993,100,100024,200,99990,100,100040,100,99989,200,100057,100,99986,100,100059,100,99957,100,100081,100,99952,100,100096,100,99949,100,100101,100,99947,100,100103,100,99941,100
2019-06-28 09:32:30.000000000,100022,726,99993,526,100023,300,99990,100,100024,200,99989,200,100040,100,99986,100,100057,100,99957,100,100059,100,99952,100,100081,100,99949,100,100096,100,99947,100,100101,100,99941,100,100103,100,99938,100
2019-06-28 09:32:33.355320466,100022,726,99993,526,100023,300,99990,100,100024,200,99989,200,100040,100,99986,100,100057,100,99957,100,100059,100,99952,100,100081,100,99949,100,100096,100,99947,100,100101,100,99941,100,100103,100,99938,100
2019-06-28 09:32:40.000000000,100022,513,99993,313,100023,513,99990,313,100024,200,99989,200,100040,100,99986,100,100057,100,99957,100,100059,100,99952,100,100081,100,99949,100,100096,100,99947,100,100101,100,99941,100,100103,100,99938,100
2019-06-28 09:32:45.069342550,100022,513,99993,313,100023,513,99990,313,100024,200,99989,200,100040,100,99986,100,100057,100,99957,100,100059,100,99952,100,100081,100,99949,100,100096,100,99947,100,100101,100,99941,100,100103,100,99938,100
2019-06-28 09:32:50.000000000,100022,385,99993,185,100023,385,99990,185,100024,285,99989,285,100040,185,99986,185,100057,185,99957,185,100059,100,99952,100,100081,100,99949,100,100096,100,99947,100,100101,100,99941,100,100103,100,99938,100
2019-06-28 09:32:53.241090928,100022,385,99993,185,100023,385,99990,185,100024,285,99989,285,100040,185,99986,185,100057,185,99957,185,100059,100,99952,100,100081,100,99949,100,100096,100,99947,100,100101,100,99941,100,100103,100,99938,100
2019-06-28 09:33:00.000000000,100022,385,99993,185,100023,385,99990,185,100024,285,99989,285,100040,185,99986,185,100057,185,99957,185,100059,100,99952,100,100081,100,99949,100,100096,100,99947,100,100101,100,99941,100,100103,100,99938,100
2019-06-28 09:33:10.000000000,100022,513,99993,313,100023,513,99990,313,100024,200,99989,200,100040,100,99986,100,100057,100,99957,100,100059,100,99952,100,100081,100,99949,100,100096,100,99947,100,100101,100,99941,100,100103,100,99938,100
2019-06-28 09:33:20.000000000,100022,513,99993,313,100023,513,99990,313,100024,200,99989,200,100040,100,99986,100,100057,100,99957,100,100059,100,99952,100,100081,100,99949,100,100096,100,99947,100,100101,100,99941,100,100103,100,99938,100
2019-06-28 09:33:30.000000000,100022,513,99993,313,100023,513,99990,313,100024,200,99989,200,100040,100,99986,100,100057,100,99957,100,100059,100,99952,100,100081,100,99949,100,100096,100,99947,100,100101,100,99941,100,100103,100,99938,100
2019-06-28 09:33:40.000000000,100022,406,99993,206,100023,406,99990,206,100024,306,99989,306,100040,206,99986,206,100057,100,99957,100,100059,100,99952,100,100081,100,99949,100,100096,100,99947,100,100101,100,99941,100,100103,100,99938,100
2019-06-28 09:33:50.000000000,100022,726,99993,526,100023,300,99990,100,100024,200,99989,200,100040,100,99986,100,100057,100,99957,100,100059,100,99952,100,100081,100,99949,100,100096,100,99947,100,100101,100,99941,100,100103,100,99938,100
2019-06-28 09:34:00.000000000,100022,513,99993,313,100023,513,99990,313,100024,200,99989,200,100040,100,99986,100,100057,100,99957,100,100059,100,99952,100,100081,100,99949,100,100096,100,99947,100,100101,100,99941,100,100103,100,99938,100
2019-06-28 09:34:10.000000000,100022,385,99993,185,100023,385,99990,185,100024,285,99989,285,100040,185,99986,185,100057,185,99957,185,100059,100,99952,100,100081,100,99949,100,100096,100,99947,100,100101,100,99941,100,100103,100,99938,100
2019-06-28 09:34:11.052727445,100022,385,100019,100,100023,385,99993,185,100024,285,99990,185,100040,185,99989,185,100057,185,99986,185,100059,100,99957,185,100081,100,99952,100,100096,100,99949,100,100101,100,99947,100,100103,100,99941,100
2019-06-28 09:34:20.000000000,100022,445,100019,245,100023,441,99993,241,100024,341,99990,241,100040,100,99989,100,100057,100,99986,100,100059,100,99957,100,100081,100,99952,100,100096,100,99949,100,100101,100,99947,100,100103,100,99941,100
2019-06-28 09:34:23.494669425,100022,445,100019,245,100023,341,99993,241,100024,341,99990,241,100040,100,99989,100,100057,100,99986,100,100059,100,99957,100,100081,100,99952,100,100096,100,99949,100,100101,100,99947,100,100103,100,99941,100
2019-06-28 09:34:26.231277822,100022,445,100019,245,100023,341,99993,241,100024,341,99990,241,100040,100,99989,100,100057,100,99986,100,100059,100,99980,100,100081,100,99957,100,100096,100,99952,100,100101,100,99949,100,100103,100,99947,100
2019-06-28 09:34:30.000000000,100022,406,100019,206,100023,306,99993,206,100024,306,99990,206,100040,206,99989,206,100057,100,99986,100,100059,100,99980,100,100081,100,99957,100,100096,100,99952,100,100101,100,99949,100,100103,100,99947,100
2019-06-28 09:34:35.923107447,100022,306,100019,206,100023,306,99993,206,100024,306,99990,206,100040,206,99989,206,100057,100,99986,100,100059,100,99980,100,100081,100,99957,100,100096,100,99952,100,100101,100,99949,100,100103,100,99947,100
2019-06-28 09:34:40.000000000,100022,345,100019,245,100023,341,99993,241,100024,341,99990,241,100040,100,99989,100,100057,100,99986,100,100059,100,99980,100,100081,100,99957,100,100096,100,99952,100,100101,100,99949,100,100103,100,99947,100
2019-06-28 09:34:47.388116638,100022,345,100019,245,100023,341,99993,241,100024,341,99990,241,100057,100,99989,100,100059,100,99986,100,100081,100,99980,100,100096,100,99957,100,100099,100,99952,100,100101,100,99949,100,100103,100,99947,100
2019-06-28 09:34:50.000000000,100022,345,100019,245,100023,341,99993,241,100024,341,99990,241,100057,100,99989,100,100059,100,99986,100,100081,100,99980,100,100096,100,99957,100,100099,100,99952,100,100101,100,99949,100,100103,100,99947,100
2019-06-28 09:34:56.227042039,100022,345,100019,245,100023,341,99993,241,100024,341,99990,241,100057,100,99989,100,100059,100,99986,100,100081,100,99980,100,100096,100,99957,100,100099,100,99952,100,100101,100,99949,100,100103,100,99947,100
2019-06-28 09:35:00.000000000,100022,306,100019,206,100023,306,99993,206,100024,306,99990,206,100057,206,99989,206,100059,100,99986,100,100081,100,99980,100,100096,100,99957,100,100099,100,99952,100,100101,100,99949,100,100103,100,99947,100
2019-06-28 09:35:04.750816607,100021,100,100019,206,100022,306,99993,206,100023,306,99990,206,100024,306,99989,206,100057,206,99986,100,100059,100,99980,100,100081,100,99957,100,100096,100,99952,100,100099,100,99949,100,100101,100,99947,100
2019-06-28 09:35:10.000000000,100021,245,100019,245,100022,341,99993,241,100023,341,99990,241,100024,200,99989,100,100057,100,99986,100,100059,100,99980,100,100081,100,99957,100,100096,100,99952,100,100099,100,99949,100,100101,100,99947,100
2019-06-28 09:35:20.000000000,100021,206,100019,206,100022,306,99993,206,100023,306,99990,206,100024,306,99989,206,100057,100,99986,100,100059,100,99980,100,100081,100,99957,100,100096,100,99952,100,100099,100,99949,100,100101,100,99947,100
2019-06-28 09:35:29.622956265,100021,106,100019,206,100022,306,99993,206,100023,306,99990,206,100024,306,99989,206,100057,100,99986,100,100059,100,99980,100,100081,100,99957,100,100096,100,99952,100,100099,100,99949,100,100101,100,99947,100
2019-06-28 09:35:30.000000000,100022,285,100019,185,100023,285,99993,185,100024,285,99990,185,100057,185,99989,185,100059,185,99986,185,100081,100,99980,100,100096,100,99957,100,100099,100,99952,100,100101,100,99949,100,100103,100,99947,100
2019-06-28 09:35:40.000000000,100022,285,100019,185,100023,285,99993,185,100024,285,99990,185,100057,185,99989,185,100059,185,99986,185,100081,100,99980,100,100096,100,99957,100,100099,100,99952,100,100101,100,99949,100,100103,100,99947,100
2019-06-28 09:35:43.627723331,100022,285,100019,185,100023,285,99993,185,100024,285,99990,185,100057,185,99989,185,100059,185,99986,185,100081,100,99980,100,100096,100,99957,100,100099,100,99952,100,100101,100,99949,100,100103,100,99947,100
2019-06-28 09:35:45.077390999,100022,185,100019,185,100023,285,99993,185,100024,285,99990,185,100057,185,99989,185,100059,185,99986,185,100081,100,99980,100,100096,100,99957,100,100099,100,99952,100,100101,100,99949,100,100103,100,99947,100
2019-06-28 09:35:47.417590296,100022,85,100019,185,100023,285,99993,185,100024,285,99990,185,100057,185,99989,185,100059,185,99986,185,100081,100,99980,100,100096,100,99957,100,100099,100,99952,100,100103,100,99949,100,100104,100,99947,100
2019-06-28 09:35:50.000000000,100023,626,100019,526,100024,200,99993,100,100057,100,99990,100,100059,100,99989,100,100081,100,99986,100,100096,100,99980,100,100099,100,99957,100,100103,100,99952,100,100104,100,99949,100,100118,100,99947,100
2019-06-28 09:35:50.624749055,100023,626,100022,100,100024,200,100019,526,100057,100,99993,100,100059,100,99990,100,100081,100,99989,100,100096,100,99986,100,100099,100,99980,100,100103,100,99957,100,100104,100,99952,100,100118,100,99949,100
2019-06-28 09:36:00.000000000,100023,345,100022,245,100024,341,100019,241,100057,241,99993,241,100059,100,99990,100,100081,100,99989,100,100096,100,99986,100,100099,100,99980,100,100103,100,99957,100,100104,100,99952,100,100118,100,99949,100
2019-06-28 09:36:10.000000000,100023,345,100022,245,100024,341,100019,241,100057,241,99993,241,100059,100,99990,100,100081,100,99989,100,100096,100,99986,100,100099,100,99980,100,100103,100,99957,100,100104,100,99952,100,100118,100,99949,100
2019-06-28 09:36:16.958946311,100023,345,100022,245,100024,341,100019,241,100057,241,99993,241,100059,100,99990,100,100081,100,99989,100,100096,100,99986,100,100099,100,99980,100,100103,100,99957,100,100104,100,99952,100,100118,100,99949,100
2019-06-28 09:36:20.000000000,100023,626,100022,526,100024,200,100019,100,100057,100,99993,100,100059,100,99990,100,100081,100,99989,100,100096,100,99986,100,100099,100,99980,100,100103,100,99957,100,100104,100,99952,100,100118,100,99949,100
2019-06-28 09:36:30.000000000,100023,285,100022,185,100024,285,100019,185,100057,185,99993,185,100059,185,99990,185,100081,185,99989,185,100096,100,99986,100,100099,100,99980,100,100103,100,99957,100,100104,100,99952,100,100118,100,99949,100
2019-06-28 09:36:36.330337041,100023,185,100022,185,100024,285,100019,185,100057,185,99993,185,100059,185,99990,185,100081,185,99989,185,100096,100,99986,100,100099,100,99980,100,100103,100,99957,100,100104,100,99952,100,100118,100,99949,100
2019-06-28 09:36:40.000000000,100023,206,100022,206,100024,306,100019,206,100057,206,99993,206,100059,206,99990,206,100081,100,99989,100,100096,100,99986,100,100099,100,99980,100,100103,100,99957,100,100104,100,99952,100,100118,100,99949,100
2019-06-28 09:36:41.788053689,100023,206,100022,206,100024,306,100019,206,100057,206,99993,206,100059,206,99990,206,100081,100,99989,100,100096,100,99986,100,100099,100,99980,100,100103,100,99957,100,100104,100,99952,100,100118,100,99949,100
2019-06-28 09:36:50.000000000,100023,526,100022,526,100024,200,100019,100,100057,100,99993,100,100059,100,99990,100,100081,100,99989,100,100096,100,99986,100,100099,100,99980,100,100103,100,99957,100,100104,100,99952,100,100118,100,99949,100
2019-06-28 09:36:53.613167100,100023,426,100022,526,100024,200,100019,100,100057,100,99993,100,100059,100,99990,100,100081,100,99989,100,100096,100,99986,100,100099,100,99980,100,100103,100,99957,100,100104,100,99952,100,100118,100,99949,100
2019-06-28 09:36:56.609907892,100023,326,100022,526,100024,200,100019,100,100057,100,99993,100,100059,100,99990,100,100081,100,99989,100,100096,100,99986,100,100099,100,99980,100,100103,100,99957,100,100104,100,99952,100,100118,100,99949,100
2019-06-28 09:37:00.000000000,100024,306,100022,206,100057,206,100019,206,100059,206,99993,206,100081,206,99990,206,100096,100,99989,100,100099,100,99986,100,100103,100,99980,100,100104,100,99957,100,100118,100,99952,100,100120,100,99949,100
2019-06-28 09:37:00.851860127,100024,306,100022,206,100057,206,100019,206,100059,206,99993,206,100081,206,99990,206,100096,100,99989,100,100099,100,99986,100,100104,100,99980,100,100118,100,99957,100,100120,100,99952,100,100123,100,99949,100
2019-06-28 09:37:10.000000000,100024,345,100022,245,100057,241,100019,241,100059,241,99993,241,100081,100,99990,100,100096,100,99989,100,100099,100,99986,100,100104,100,99980,100,100118,100,99957,100,100120,100,99952,100,100123,100,99949,100
2019-06-28 09:37:20.000000000,100024,413,100022,313,100057,313,100019,313,100059,100,99993,100,100081,100,99990,100,100096,100,99989,100,100099,100,99986,100,100104,100,99980,100,100118,100,99957,100,100120,100,99952,100,100123,100,99949,100
2019-06-28 09:37:30.000000000,100024,413,100022,313,100057,313,100019,313,100059,100,99993,100,100081,100,99990,100,100096,100,99989,100,100099,100,99986,100,100104,100,99980,100,100118,100,99957,100,100120,100,99952,100,100123,100,99949,100
2019-06-28 09:37:38.176600716,100024,413,100022,313,100057,313,100019,313,100059,100,99993,100,100081,100,99990,100,100096,100,99989,100,100099,100,99986,100,100104,100,99980,100,100118,100,99957,100,100120,100,99952,100,100123,100,99949,100
2019-06-28 09:37:40.000000000,100024,285,100022,185,100057,185,100019,185,100059,185,99993,185,100081,185,99990,185,100096,185,99989,185,100099,100,99986,100,100104,100,99980,100,100118,100,99957,100,100120,100,99952,100,100123,100,99949,100
2019-06-28 09:37:49.201459038,100024,285,100022,185,100057,185,100019,185,100059,185,99993,185,100081,185,99990,185,100096,185,99989,185,100099,100,99986,100,100104,100,99980,100,100118,100,99957,100,100120,100,99952,100,100123,100,99949,100
2019-06-28 09:37:50.000000000,100024,285,100022,185,100057,185,100019,185,100059,185,99993,185,100081,185,99990,185,100096,185,99989,185,100099,100,99986,100,100104,100,99980,100,100118,100,99957,100,100120,100,99952,100,100123,100,99949,100
2019-06-28 09:38:00.000000000,100024,306,100022,206,100057,206,100019,206,100059,206,99993,206,100081,206,99990,206,100096,100,99989,100,100099,100,99986,100,100104,100,99980,100,100118,100,99957,100,100120,100,99952,100,100123,100,99949,100
2019-06-28 09:38:10.000000000,100024,285,100022,185,100057,185,100019,185,100059,185,99993,185,100081,185,99990,185,100096,185,99989,185,100099,100,99986,100,100104,100,99980,100,100118,100,99957,100,100120,100,99952,100,100123,100,99949,100
2019-06-28 09:38:11.264256989,100024,185,100023,100,100057,185,100022,185,100059,185,100019,185,100081,185,99993,185,100096,185,99990,185,100099,100,99989,185,100104,100,99986,100,100118,100,99980,100,100120,100,99957,100,100123,100,99952,100
2019-06-28 09:38:12.523991937,100024,185,100023,100,100057,185,100022,185,100059,185,100019,185,100081,185,99993,185,100096,185,99990,185,100099,100,99989,185,100118,100,99986,100,100120,100,99980,100,100123,100,99957,100,100131,100,99952,100
2019-06-28 09:38:16.176957535,100024,185,100023,200,100057,185,100022,185,100059,185,100019,185,100081,185,99993,185,100096,185,99990,185,100099,100,99989,185,100118,100,99986,100,100120,100,99980,100,100123,100,99957,100,100131,100,99949,100
2019-06-28 09:38:18.676627414,100024,185,100023,200,100057,185,100022,185,100059,185,100019,185,100081,185,99993,85,100096,185,99990,185,100099,100,99989,185,100118,100,99986,100,100120,100,99980,100,100123,100,99957,100,100131,100,99949,100
2019-06-28 09:38:20.000000000,100024,245,100023,345,100057,241,100022,241,100059,241,100019,241,100081,100,99990,100,100096,100,99989,100,100099,100,99986,100,100118,100,99980,100,100120,100,99957,100,100123,100,99949,100,100131,100,99947,100
2019-06-28 09:38:22.156216490,100024,245,100023,345,100057,241,100022,241,100059,241,100019,241,100081,100,99990,100,100096,100,99989,100,100099,100,99986,100,100118,100,99980,100,100120,100,99957,100,100123,100,99949,100,100131,100,99947,100
2019-06-28 09:38:30.000000000,100024,526,100023,626,100057,100,100022,100,100059,100,100019,100,100081,100,99990,100,100096,100,99989,100,100099,100,99986,100,100118,100,99980,100,100120,100,99957,100,100123,100,99949,100,100131,100,99947,100
2019-06-28 09:38:40.000000000,100024,245,100023,345,100057,241,100022,241,100059,241,100019,241,100081,100,99990,100,100096,100,99989,100,100099,100,99986,100,100118,100,99980,100,100120,100,99957,100,100123,100,99949,100,100131,100,99947,100
2019-06-28 09:38:42.185830577,100024,145,100023,345,100057,241,100022,241,100059,241,100019,241,100081,100,99990,100,100096,100,99989,100,100099,100,99986,100,100118,100,99980,100,100120,100,99957,100,100123,100,99949,100,100131,100,99947,100
2019-06-28 09:38:50.000000000,100057,526,100023,626,100059,100,100022,100,100081,100,100019,100,100096,100,99990,100,100099,100,99989,100,100118,100,99986,100,100120,100,99980,100,100123,100,99957,100,100131,100,99949,100,100136,100,99947,100
2019-06-28 09:38:56.748678357,100057,526,100023,626,100059,100,100022,100,100081,100,100019,100,100096,100,99990,100,100099,100,99989,100,100118,100,99986,100,100120,100,99980,100,100123,100,99957,100,100131,100,99949,100,100136,100,99947,100
2019-06-28 09:39:00.000000000,100057,245,100023,345,100059,241,100022,241,100081,241,100019,241,100096,100,99990,100,100099,100,99989,100,100118,100,99986,100,100120,100,99980,100,100123,100,99957,100,100131,100,99949,100,100136,100,99947,100
2019-06-28 09:39:10.000000000,100057,185,100023,285,100059,185,100022,185,100081,185,100019,185,100096,185,99990,185,100099,185,99989,185,100118,100,99986,100,100120,100,99980,100,100123,100,99957,100,100131,100,99949,100,100136,100,99947,100
2019-06-28 09:39:20.000000000,100057,313,100023,413,100059,313,100022,313,100081,100,100019,100,100096,100,99990,100,100099,100,99989,100,100118,100,99986,100,100120,100,99980,100,100123,100,99957,100,100131,100,99949,100,100136,100,99947,100
2019-06-28 09:39:30.000000000,100057,313,100023,413,100059,313,100022,313,100081,100,100019,100,100096,100,99990,100,100099,100,99989,100,100118,100,99986,100,100120,100,99980,100,100123,100,99957,100,100131,100,99949,100,100136,100,99947,100
2019-06-28 09:39:40.000000000,100057,185,100023,285,100059,185,100022,185,100081,185,100019,185,100096,185,99990,185,100099,185,99989,185,100118,100,99986,100,100120,100,99980,100,100123,100,99957,100,100131,100,99949,100,100136,100,99947,100
2019-06-28 09:39:46.925567453,100057,85,100023,285,100059,185,100022,185,100081,185,100019,185,100096,185,99990,185,100099,185,99989,185,100118,100,99986,100,100120,100,99980,100,100123,100,99957,100,100131,100,99949,100,100136,100,99947,100
2019-06-28 09:39:50.000000000,100059,245,100023,345,100081,241,100022,241,100096,241,100019,241,100099,100,99990,100,100118,100,99989,100,100120,100,99986,100,100123,100,99980,100,100131,100,99957,100,100136,100,99949,100,100139,100,99947,100
2019-06-28 09:39:50.950153010,100059,145,100023,345,100081,241,100022,241,100096,241,100019,241,100099,100,99990,100,100118,100,99989,100,100120,100,99986,100,100123,100,99980,100,100131,100,99957,100,100136,100,99949,100,100139,100,99947,100
2019-06-28 09:40:00.000000000,100081,206,100023,306,100096,206,100022,206,100099,206,100019,206,100118,206,99990,206,100120,100,99989,100,100123,100,99986,100,100131,100,99980,100,100136,100,99957,100,100139,100,99949,100,100503,100,99947,100
2019-06-28 09:40:10.000000000,100081,526,100023,626,100096,100,100022,100,100099,100,100019,100,100118,100,99990,100,100120,100,99989,100,100123,100,99986,100,100131,100,99980,100,100136,100,99957,100,100139,100,99949,100,100503,100,99947,100
2019-06-28 09:40:20.000000000,100081,185,100023,285,100096,185,100022,185,100099,185,100019,185,100118,185,99990,185,100120,185,99989,185,100123,100,99986,100,100131,100,99980,100,100136,100,99957,100,100139,100,99949,100,100503,100,99947,100
2019-06-28 09:40:30.000000000,100081,185,100023,285,100096,185,100022,185,100099,185,100019,185,100118,185,99990,185,100120,185,99989,185,100123,100,99986,100,100131,100,99980,100,100136,100,99957,100,100139,100,99949,100,100503,100,99947,100
2019-06-28 09:40:40.000000000,100081,206,100023,306,100096,206,100022,206,100099,206,100019,206,100118,206,99990,206,100120,100,99989,100,100123,100,99986,100,100131,100,99980,100,100136,100,99957,100,100139,100,99949,100,100503,100,99947,100
2019-06-28 09:40:50.000000000,100081,206,100023,306,100096,206,100022,206,100099,206,100019,206,100118,206,99990,206,100120,100,99989,100,100123,100,99986,100,100131,100,99980,100,100136,100,99957,100,100139,100,99949,100,100503,100,99947,100
2019-06-28 09:40:54.645224653,100081,206,100023,306,100096,206,100022,106,100099,206,100019,206,100118,206,99990,206,100120,100,99989,100,100123,100,99986,100,100131,100,99980,100,100136,100,99957,100,100139,100,99949,100,100503,100,99947,100
2019-06-28 09:41:00.000000000,100081,245,100023,345,100096,241,100019,241,100099,241,99990,241,100118,100,99989,100,100120,100,99986,100,100123,100,99980,100,100131,100,99957,100,100136,100,99949,100,100139,100,99947,100,100503,100,99938,100
2019-06-28 09:41:01.485566437,100081,245,100023,245,100096,241,100019,241,100099,241,99990,241,100118,100,99989,100,100120,100,99986,100,100123,100,99980,100,100131,100,99957,100,100136,100,99949,100,100139,100,99947,100,100503,100,99938,100
2019-06-28 09:41:03.107476915,100081,145,100023,245,100096,241,100019,241,100099,241,99990,241,100118,100,99989,100,100120,100,99986,100,100123,100,99980,100,100131,100,99957,100,100136,100,99949,100,100139,100,99947,100,100503,100,99938,100
2019-06-28 09:41:10.000000000,100096,185,100023,185,100099,185,100019,185,100118,185,99990,185,100120,185,99989,185,100123,185,99986,185,100131,100,99980,100,100136,100,99957,100,100139,100,99949,100,100503,100,99947,100,100650,100,99938,100
2019-06-28 09:41:20.000000000,100096,526,100023,526,100099,100,100019,100,100118,100,99990,100,100120,100,99989,100,100123,100,99986,100,100131,100,99980,100,100136,100,99957,100,100139,100,99949,100,100503,100,99947,100,100650,100,99938,100
2019-06-28 09:41:23.684301515,100096,526,100023,526,100099,100,100019,100,100118,100,99990,100,100120,100,99989,100,100123,100,99986,100,100131,100,99980,100,100136,100,99957,100,100139,100,99949,100,100498,100,99947,100,100503,100,99938,100
2019-06-28 09:41:30.000000000,100096,206,100023,206,100099,206,100019,206,100118,206,99990,206,100120,206,99989,206,100123,100,99986,100,100131,100,99980,100,100136,100,99957,100,100139,100,99949,100,100498,100,99947,100,100503,100,99938,100
2019-06-28 09:41:40.000000000,100096,313,100023,313,100099,313,100019,313,100118,100,99990,100,100120,100,99989,100,100123,100,99986,100,100131,100,99980,100,100136,100,99957,100,100139,100,99949,100,100498,100,99947,100,100503,100,99938,100
2019-06-28 09:41:50.000000000,100096,185,100023,185,100099,185,100019,185,100118,185,99990,185,100120,185,99989,185,100123,185,99986,185,100131,100,99980,100,100136,100,99957,100,100139,100,99949,100,100498,100,99947,100,100503,100,99938,100
2019-06-28 09:42:00.000000000,100096,206,100023,206,100099,206,100019,206,100118,206,99990,206,100120,206,99989,206,100123,100,99986,100,100131,100,99980,100,100136,100,99957,100,100139,100,99949,100,100498,100,99947,100,100503,100,99938,100
2019-06-28 09:42:00.013977305,100096,206,100023,206,100099,206,100019,206,100118,206,99990,206,100120,206,99989,206,100123,100,99986,100,100131,100,99980,100,100136,100,99957,100,100139,100,99949,100,100390,100,99938,100,100498,100,99934,100
2019-06-28 09:42:03.896708086,100096,106,100023,206,100099,206,100019,206,100118,206,99990,206,100120,206,99989,206,100123,100,99986,100,100131,100,99980,100,100136,100,99957,100,100139,100,99949,100,100390,100,99938,100,100498,100,99934,100
2019-06-28 09:42:10.000000000,100099,185,100023,185,100118,185,100019,185,100120,185,99990,185,100123,185,99989,185,100131,185,99986,185,100136,100,99980,100,100139,100,99957,100,100390,100,99949,100,100498,100,99938,100,100503,100,99934,100
2019-06-28 09:42:20.000000000,100099,526,100023,526,100118,100,100019,100,100120,100,99990,100,100123,100,99989,100,100131,100,99986,100,100136,100,99980,100,100139,100,99957,100,100390,100,99949,100,100498,100,99938,100,100503,100,99934,100
2019-06-28 09:42:30.000000000,100099,206,100023,206,100118,206,100019,206,100120,206,99990,206,100123,206,99989,206,100131,100,99986,100,100136,100,99980,100,100139,100,99957,100,100390,100,99949,100,100498,100,99938,100,100503,100,99934,100
2019-06-28 09:42:40.000000000,100099,313,100023,313,100118,313,100019,313,100120,100,99990,100,100123,100,99989,100,100131,100,99986,100,100136,100,99980,100,100139,100,99957,100,100390,100,99949,100,100498,100,99938,100,100503,100,99934,100
2019-06-28 09:42:50.000000000,100099,526,100023,526,100118,100,100019,100,100120,100,99990,100,100123,100,99989,100,100131,100,99986,100,100136,100,99980,100,100139,100,99957,100,100390,100,99949,100,100498,100,99938,100,100503,100,99934,100
2019-06-28 09:42:57.618736870,100099,426,100023,526,100118,100,100019,100,100120,100,99990,100,100123,100,99989,100,100131,100,99986,100,100136,100,99980,100,100139,100,99957,100,100390,100,99949,100,100498,100,99938,100,100503,100,99934,100
2019-06-28 09:42:59.563052499,100099,426,100023,526,100118,100,100019,100,100120,100,99990,100,100123,100,99989,100,100131,100,99986,100,100136,100,99980,100,100139,100,99957,100,100390,100,99949,100,100498,100,99938,100,100503,100,99934,100
2019-06-28 09:43:00.000000000,100118,245,100023,245,100120,241,100019,241,100123,241,99990,241,100131,100,99989,100,100136,100,99986,100,100139,100,99980,100,100390,100,99957,100,100498,100,99949,100,100503,100,99938,100,100650,100,99934,100
2019-06-28 09:43:10.000000000,100118,526,100023,526,100120,100,100019,100,100123,100,99990,100,100131,100,99989,100,100136,100,99986,100,100139,100,99980,100,100390,100,99957,100,100498,100,99949,100,100503,100,99938,100,100650,100,99934,100
2019-06-28 09:43:20.000000000,100118,526,100023,526,100120,100,100019,100,100123,100,99990,100,100131,100,99989,100,100136,100,99986,100,100139,100,99980,100,100390,100,99957,100,100498,100,99949,100,100503,100,99938,100,100650,100,99934,100
2019-06-28 09:43:30.000000000,100118,313,100023,313,100120,313,100019,313,100123,100,99990,100,100131,100,99989,100,100136,100,99986,100,100139,100,99980,100,100390,100,99957,100,100498,100,99949,100,100503,100,99938,100,100650,100,99934,100
2019-06-28 09:43:40.000000000,100118,313,100023,313,100120,313,100019,313,100123,100,99990,100,100131,100,99989,100,100136,100,99986,100,100139,100,99980,100,100390,100,99957,100,100498,100,99949,100,100503,100,99938,100,100650,100,99934,100
2019-06-28 09:43:50.000000000,100118,526,100023,526,100120,100,100019,100,100123,100,99990,100,100131,100,99989,100,100136,100,99986,100,100139,100,99980,100,100390,100,99957,100,100498,100,99949,100,100503,100,99938,100,100650,100,99934,100
2019-06-28 09:44:00.000000000,100118,185,100023,185,100120,185,100019,185,100123,185,99990,185,100131,185,99989,185,100136,185,99986,185,100139,100,99980,100,100390,100,99957,100,100498,100,99949,100,100503,100,99938,100,100650,100,99934,100
2019-06-28 09:44:02.462159823,100118,85,100023,185,100120,185,100019,185,100123,185,99990,185,100131,185,99989,185,100136,185,99986,185,100139,100,99980,100,100390,100,99957,100,100498,100,99949,100,100503,100,99938,100,100650,100,99934,100
2019-06-28 09:44:08.146879383,100120,85,100118,15,100123,185,100023,185,100131,185,100019,185,100136,185,99990,185,100139,100,99989,185,100390,100,99986,185,100498,100,99980,100,100503,100,99957,100,100650,100,99949,100,100717,100,99938,100
2019-06-28 09:44:10.000000000,100123,526,100118,441,100131,100,100023,100,100136,100,100019,100,100139,100,99990,100,100390,100,99989,100,100498,100,99986,100,100503,100,99980,100,100650,100,99957,100,100717,100,99949,100,100763,100,99938,100
2019-06-28 09:44:17.868229203,100123,426,100118,441,100136,100,100023,100,100139,100,100019,100,100390,100,99990,100,100498,100,99989,100,100503,100,99986,100,100650,100,99980,100,100717,100,99957,100,100763,100,99949,100,100813,100,99938,100
2019-06-28 09:44:20.000000000,100136,526,100118,441,100139,100,100023,100,100390,100,100019,100,100498,100,99990,100,100503,100,99989,100,100650,100,99986,100,100717,100,99980,100,100763,100,99957,100,100813,100,99949,100,100902,100,99938,100
2019-06-28 09:44:28.171195785,100136,426,100118,441,100139,100,100023,100,100390,100,100019,100,100498,100,99990,100,100503,100,99989,100,100650,100,99986,100,100717,100,99980,100,100763,100,99957,100,100813,100,99949,100,100902,100,99938,100
2019-06-28 09:44:30.000000000,100139,206,100118,121,100390,206,100023,206,100498,206,100019,206,100503,206,99990,206,100650,100,99989,100,100717,100,99986,100,100763,100,99980,100,100813,100,99957,100,100902,100,99949,100,,,99938,100
2019-06-28 09:44:31.564610127,100139,206,100123,100,100390,206,100118,121,100498,206,100023,206,100503,206,100019,206,100650,100,99990,206,100717,100,99989,100,100763,100,99986,100,100813,100,99980,100,100902,100,99957,100,,,99949,100
2019-06-28 09:44:40.000000000,100139,313,100123,313,100390,313,100118,228,100498,100,100023,100,100503,100,100019,100,100650,100,99990,100,100717,100,99989,100,100763,100,99986,100,100813,100,99980,100,100902,100,99957,100,,,99949,100
2019-06-28 09:44:48.129706182,100139,313,100123,413,100390,313,100118,228,100498,100,100023,100,100503,100,100019,100,100650,100,99990,100,100717,100,99986,100,100763,100,99980,100,100813,100,99957,100,100902,100,99949,100,,,99938,100
2019-06-28 09:44:48.452613918,100139,213,100123,413,100390,313,100118,228,100498,100,100023,100,100503,100,100019,100,100650,100,99990,100,100717,100,99986,100,100763,100,99980,100,100813,100,99957,100,100902,100,99949,100,,,99934,100
2019-06-28 09:44:50.000000000,100390,206,100123,306,100498,206,100118,121,100503,206,100023,206,100650,206,100019,206,100717,100,99990,100,100763,100,99986,100,100813,100,99980,100,100902,100,99957,100,,,99949,100,,,99934,100
2019-06-28 09:45:00.000000000,100390,526,100123,626,100498,100,100118,15,100503,100,100023,100,100650,100,100019,100,100717,100,99990,100,100763,100,99986,100,100813,100,99980,100,100902,100,99957,100,,,99949,100,,,99934,100
2019-06-28 09:45:05.912623866,100390,526,100136,100,100498,100,100123,626,100503,100,100118,15,100650,100,100023,100,100717,100,100019,100,100763,100,99990,100,100813,100,99986,100,100902,100,99980,100,,,99957,100,,,99949,100
2019-06-28 09:45:06.155176569,100390,426,100136,100,100498,100,100123,626,100503,100,100118,15,100650,100,100023,100,100717,100,100019,100,100763,100,99990,100,100813,100,99986,100,100902,100,99980,100,,,99957,100,,,99949,100
2019-06-28 09:45:10.000000000,100498,185,100136,185,100503,185,100123,285,100650,185,100118,100,100717,185,100023,185,100763,185,100019,185,100813,100,99990,100,100902,100,99986,100,,,99980,100,,,99957,100,,,99949,100
2019-06-28 09:45:13.694824011,100498,185,100136,185,100503,185,100123,285,100650,185,100118,100,100717,185,100023,185,100763,185,100019,185,100813,100,99990,100,100859,100,99986,100,100902,100,99980,100,,,99957,100,,,99949,100
2019-06-28 09:45:20.000000000,100498,245,100136,245,100503,241,100123,341,100650,241,100118,156,100717,100,100023,100,100763,100,100019,100,100813,100,99990,100,100859,100,99986,100,100902,100,99980,100,,,99957,100,,,99949,100
2019-06-28 09:45:27.251505745,100498,245,100136,245,100503,141,100123,341,100650,241,100118,156,100717,100,100023,100,100763,100,100019,100,100813,100,99990,100,100843,100,99986,100,100859,100,99980,100,100902,100,99957,100,,,99949,100
2019-06-28 09:45:30.000000000,100498,206,100136,206,100650,206,100123,306,100717,206,100118,121,100763,206,100023,206,100813,100,100019,100,100843,100,99990,100,100859,100,99986,100,100902,100,99980,100,,,99957,100,,,99949,100
2019-06-28 09:45:30.320379132,100498,206,100136,206,100614,100,100123,306,100650,206,100118,121,100717,206,100023,206,100763,206,100019,100,100813,100,99990,100,100843,100,99986,100,100859,100,99980,100,100902,100,99957,100,,,99949,100
2019-06-28 09:45:40.000000000,100498,313,100136,313,100614,313,100123,413,100650,100,100118,15,100717,100,100023,100,100763,100,100019,100,100813,100,99990,100,100843,100,99986,100,100859,100,99980,100,100902,100,99957,100,,,99949,100
2019-06-28 09:45:50.000000000,100498,245,100136,245,100614,241,100123,341,100650,241,100118,156,100717,100,100023,100,100763,100,100019,100,100813,100,99990,100,100843,100,99986,100,100859,100,99980,100,100902,100,99957,100,,,99949,100
2019-06-28 09:46:00.000000000,100498,185,100136,185,100614,185,100123,285,100650,185,100118,100,100717,185,100023,185,100763,185,100019,185,100813,100,99990,100,100843,100,99986,100,100859,100,99980,100,100902,100,99957,100,,,99949,100
2019-06-28 09:46:10.000000000,100498,313,100136,313,100614,313,100123,413,100650,100,100118,15,100717,100,100023,100,100763,100,100019,100,100813,100,99990,100,100843,100,99986,100,100859,100,99980,100,100902,100,99957,100,,,99949,100
2019-06-28 09:46:20.000000000,100498,526,100136,526,100614,100,100123,200,100650,100,100118,15,100717,100,100023,100,100763,100,100019,100,100813,100,99990,100,100843,100,99986,100,100859,100,99980,100,100902,100,99957,100,,,99949,100
2019-06-28 09:46:30.000000000,100498,245,100136,245,100614,241,100123,341,100650,241,100118,156,100717,100,100023,100,100763,100,100019,100,100813,100,99990,100,100843,100,99986,100,100859,100,99980,100,100902,100,99957,100,,,99949,100
2019-06-28 09:46:33.706937506,100498,245,100429,100,100614,241,100136,245,100650,241,100123,341,100717,100,100118,156,100763,100,100023,100,100813,100,100019,100,100843,100,99990,100,100859,100,99986,100,100902,100,99980,100,,,99957,100
2019-06-28 09:46:34.432849809,100498,145,100429,100,100614,241,100136,245,100650,241,100123,341,100717,100,100118,156,100763,100,100023,100,100813,100,100019,100,100843,100,99990,100,100902,100,99986,100,,,99980,100,,,99957,100
2019-06-28 09:46:40.000000000,100614,245,100429,245,100650,241,100136,241,100717,241,100123,341,100763,100,100118,15,100813,100,100023,100,100843,100,100019,100,100902,100,99990,100,,,99986,100,,,99980,100,,,99957,100
2019-06-28 09:46:50.000000000,100614,313,100429,313,100650,313,100136,313,100717,100,100123,200,100763,100,100118,15,100813,100,100023,100,100843,100,100019,100,100902,100,99990,100,,,99986,100,,,99980,100,,,99957,100
2019-06-28 09:47:00.000000000,100614,245,100429,245,100650,241,100136,241,100717,241,100123,341,100763,100,100118,15,100813,100,100023,100,100843,100,100019,100,100902,100,99990,100,,,99986,100,,,99980,100,,,99957,100
2019-06-28 09:47:10.000000000,100614,185,100429,185,100650,185,100136,185,100717,185,100123,285,100763,185,100118,100,100813,185,100023,185,100843,100,100019,100,100902,100,99990,100,,,99986,100,,,99980,100,,,99957,100
2019-06-28 09:47:20.000000000,100614,185,100429,185,100650,185,100136,185,100717,185,100123,285,100763,185,100118,100,100813,185,100023,185,100843,100,100019,100,100902,100,99990,100,,,99986,100,,,99980,100,,,99957,100
2019-06-28 09:47:30.000000000,100614,206,100429,206,100650,206,100136,206,100717,206,100123,306,100763,206,100118,121,100813,100,100023,100,100843,100,100019,100,100902,100,99990,100,,,99986,100,,,99980,100,,,99957,100
2019-06-28 09:47:31.825347046,100614,206,100429,206,100650,206,100136,206,100717,206,100123,306,100763,206,100118,121,100813,100,100019,100,100843,100,99990,100,100902,100,99986,100,,,99980,100,,,99957,100,,,99949,100
2019-06-28 09:47:40.000000000,100614,245,100429,245,100650,241,100136,241,100717,241,100123,341,100763,100,100118,15,100813,100,100019,100,100843,100,99990,100,100902,100,99986,100,,,99980,100,,,99957,100,,,99949,100
2019-06-28 09:47:40.324180202,100614,245,100429,245,100620,100,100136,241,100650,241,100123,341,100717,241,100118,15,100763,100,100019,100,100813,100,99990,100,100843,100,99986,100,100902,100,99980,100,,,99957,100,,,99949,100
2019-06-28 09:47:42.133630519,100614,245,100429,245,100620,100,100136,241,100650,241,100123,341,100717,241,100118,15,100763,100,100070,100,100813,100,100019,100,100843,100,99990,100,100902,100,99986,100,,,99980,100,,,99957,100
2019-06-28 09:47:43.416840774,100614,245,100429,145,100620,100,100136,241,100650,241,100123,341,100717,241,100118,15,100763,100,100070,100,100813,100,100019,100,100843,100,99990,100,100902,100,99986,100,,,99980,100,,,99957,100
2019-06-28 09:47:43.811170985,100614,245,100429,45,100620,100,100136,241,100650,241,100123,341,100717,241,100118,15,100763,100,100070,100,100813,100,100019,100,100843,100,99990,100,100902,100,99986,100,,,99980,100,,,99957,100
2019-06-28 09:47:50.000000000,100614,185,100136,185,100620,185,100123,285,100650,185,100118,100,100717,185,100070,185,100763,185,100019,185,100813,100,99990,100,100843,100,99986,100,100902,100,99980,100,,,99957,100,,,99949,100
2019-06-28 09:48:00.000000000,100614,313,100136,313,100620,313,100123,413,100650,100,100118,15,100717,100,100070,100,100763,100,100019,100,100813,100,99990,100,100843,100,99986,100,100902,100,99980,100,,,99957,100,,,99949,100
2019-06-28 09:48:10.000000000,100614,313,100136,313,100620,313,100123,413,100650,100,100118,15,100717,100,100070,100,100763,100,100019,100,100813,100,99990,100,100843,100,99986,100,100902,100,99980,100,,,99957,100,,,99949,100
2019-06-28 09:48:10.707113760,100614,313,100136,313,100620,313,100123,413,100650,100,100118,15,100713,100,100070,100,100717,100,100019,100,100763,100,99990,100,100813,100,99986,100,100843,100,99980,100,100902,100,99957,100,,,99949,100
2019-06-28 09:48:17.850711549,100614,213,100136,313,100620,313,100123,413,100650,100,100118,15,100713,100,100070,100,100717,100,100019,100,100763,100,99986,100,100813,100,99980,100,100843,100,99957,100,100902,100,99949,100,,,99934,100
2019-06-28 09:48:20.000000000,100620,526,100136,526,100650,100,100123,200,100713,100,100118,15,100717,100,100070,100,100763,100,100019,100,100813,100,99986,100,100843,100,99980,100,100902,100,99957,100,,,99949,100,,,99934,100
2019-06-28 09:48:28.047505988,100613,100,100136,526,100620,526,100123,200,100650,100,100118,15,100713,100,100070,100,100717,100,100019,100,100763,100,99986,100,100813,100,99980,100,100843,100,99957,100,100902,100,99949,100,,,99934,100
2019-06-28 09:48:30.000000000,100613,185,100136,185,100620,185,100123,285,100650,185,100118,100,100713,185,100070,185,100717,185,100019,185,100763,100,99986,100,100813,100,99980,100,100843,100,99957,100,100902,100,99949,100,,,99934,100
2019-06-28 09:48:30.302743950,100613,185,100136,185,100620,185,100123,285,100650,185,100118,100,100713,185,100070,185,100717,185,100019,185,100718,100,99986,100,100763,100,99980,100,100813,100,99957,100,100843,100,99949,100,100902,100,99934,100
2019-06-28 09:48:40.000000000,100613,185,100136,185,100620,185,100123,285,100650,185,100118,100,100713,185,100070,185,100717,185,100019,185,100718,100,99986,100,100763,100,99980,100,100813,100,99957,100,100843,100,99949,100,100902,100,99934,100
2019-06-28 09:48:43.428229837,100613,185,100429,100,100620,185,100136,185,100650,185,100123,285,100713,185,100118,100,100717,185,100070,185,100718,100,100019,185,100763,100,99986,100,100813,100,99980,100,100843,100,99957,100,100902,100,99949,100
2019-06-28 09:48:50.000000000,100613,245,100429,245,100620,241,100136,241,100650,241,100123,341,100713,100,100118,15,100717,100,100070,100,100718,100,100019,100,100763,100,99986,100,100813,100,99980,100,100843,100,99957,100,100902,100,99949,100
2019-06-28 09:49:00.000000000,100613,206,100429,206,100620,206,100136,206,100650,206,100123,306,100713,206,100118,121,100717,100,100070,100,100718,100,100019,100,100763,100,99986,100,100813,100,99980,100,100843,100,99957,100,100902,100,99949,100
2019-06-28 09:49:10.000000000,100613,245,100429,245,100620,241,100136,241,100650,241,100123,341,100713,100,100118,15,100717,100,100070,100,100718,100,100019,100,100763,100,99986,100,100813,100,99980,100,100843,100,99957,100,100902,100,99949,100
2019-06-28 09:49:20.000000000,100613,185,100429,185,100620,185,100136,185,100650,185,100123,285,100713,185,100118,100,100717,185,100070,185,100718,100,100019,100,100763,100,99986,100,100813,100,99980,100,100843,100,99957,100,100902,100,99949,100
2019-06-28 09:49:28.154853985,100613,185,100429,285,100620,185,100136,185,100650,185,100123,285,100713,185,100118,100,100717,185,100070,185,100718,100,100019,100,100763,100,99986,100,100813,100,99980,100,100843,100,99957,100,100902,100,99949,100
2019-06-28 09:49:29.882685283,100613,185,100429,185,100620,185,100136,185,100650,185,100123,285,100713,185,100118,100,100717,185,100070,185,100718,100,100019,100,100763,100,99986,100,100813,100,99980,100,100843,100,99957,100,100902,100,99949,100
2019-06-28 09:49:30.000000000,100613,245,100429,245,100620,241,100136,241,100650,241,100123,341,100713,100,100118,15,100717,100,100070,100,100718,100,100019,100,100763,100,99986,100,100813,100,99980,100,100843,100,99957,100,100902,100,99949,100
2019-06-28 09:49:33.689367153,100613,245,100429,345,100620,241,100136,241,100650,241,100123,341,100713,100,100118,15,100717,100,100070,100,100718,100,100019,100,100763,100,99986,100,100813,100,99980,100,100843,100,99957,100,100902,100,99949,100
2019-06-28 09:49:33.738726338,100613,245,100429,345,100620,241,100136,241,100650,241,100123,341,100717,100,100118,15,100718,100,100070,100,100763,100,100019,100,100813,100,99986,100,100843,100,99980,100,100902,100,99957,100,101198,100,99949,100
2019-06-28 09:49:40.000000000,100613,526,100429,626,100620,100,100136,100,100650,100,100123,200,100717,100,100118,15,100718,100,100070,100,100763,100,100019,100,100813,100,99986,100,100843,100,99980,100,100902,100,99957,100,101198,100,99949,100
2019-06-28 09:49:49.802931149,100613,526,100429,626,100620,100,100136,100,100650,100,100123,100,100717,100,100118,15,100718,100,100070,100,100763,100,100019,100,100813,100,99986,100,100843,100,99980,100,100902,100,99957,100,101198,100,99949,100
2019-06-28 09:49:50.000000000,100613,206,100429,306,100620,206,100136,206,100650,206,100123,206,100717,206,100118,121,100718,100,100070,100,100763,100,100019,100,100813,100,99986,100,100843,100,99980,100,100902,100,99957,100,101198,100,99949,100
2019-06-28 09:49:55.819509098,100613,106,100429,306,100620,206,100136,206,100650,206,100123,206,100717,206,100118,121,100718,100,100070,100,100763,100,100019,100,100813,100,99986,100,100843,100,99980,100,100902,100,99957,100,101198,100,99949,100
2019-06-28 09:50:00.000000000,100620,206,100429,306,100650,206,100136,206,100717,206,100123,206,100718,206,100118,121,100763,100,100070,100,100813,100,100019,100,100843,100,99986,100,100902,100,99980,100,101198,100,99957,100,,,99949,100
2019-06-28 09:50:10.000000000,100620,206,100429,306,100650,206,100136,206,100717,206,100123,206,100718,206,100118,121,100763,100,100070,100,100813,100,100019,100,100843,100,99986,100,100902,100,99980,100,101198,100,99957,100,,,99949,100
2019-06-28 09:50:20.000000000,100620,206,100429,306,100650,206,100136,206,100717,206,100123,206,100718,206,100118,121,100763,100,100070,100,100813,100,100019,100,100843,100,99986,100,100902,100,99980,100,101198,100,99957,100,,,99949,100
2019-06-28 09:50:20.576045808,100620,206,100429,306,100650,206,100136,206,100717,206,100123,206,100718,206,100118,121,100763,100,100070,100,100813,100,100019,100,100843,100,99986,100,100902,100,99980,100,100933,100,99957,100,,,99949,100
2019-06-28 09:50:30.000000000,100620,185,100429,285,100650,185,100136,185,100717,185,100123,185,100718,185,100118,100,100763,185,100070,185,100813,100,100019,100,100843,100,99986,100,100902,100,99980,100,100933,100,99957,100,,,99949,100
2019-06-28 09:50:32.969105439,100620,85,100429,285,100650,185,100136,185,100717,185,100123,185,100718,185,100118,100,100763,185,100070,185,100813,100,100019,100,100843,100,99986,100,100902,100,99980,100,100933,100,99957,100,,,99949,100
2019-06-28 09:50:40.000000000,100650,185,100429,285,100717,185,100136,185,100718,185,100123,185,100763,185,100118,100,100813,185,100070,185,100843,100,100019,100,100902,100,99986,100,100933,100,99980,100,,,99957,100,,,99949,100
2019-06-28 09:50:45.174169585,100650,185,100613,100,100717,185,100429,285,100718,185,100136,185,100763,185,100123,185,100813,185,100118,100,100843,100,100070,185,100902,100,99986,100,100933,100,99980,100,,,99957,100,,,99949,100
2019-06-28 09:50:50.000000000,100650,206,100613,206,100717,206,100429,306,100718,206,100136,206,100763,206,100123,206,100813,100,100118,15,100843,100,100070,100,100902,100,99986,100,100933,100,99980,100,,,99957,100,,,99949,100
2019-06-28 09:51:00.000000000,100650,526,100613,526,100717,100,100429,200,100718,100,100136,100,100763,100,100123,100,100813,100,100118,15,100843,100,100070,100,100902,100,99986,100,100933,100,99980,100,,,99957,100,,,99949,100
2019-06-28 09:51:03.000329260,100650,426,100613,526,100717,100,100429,200,100718,100,100136,100,100763,100,100123,100,100813,100,100118,15,100843,100,100070,100,100902,100,99986,100,100933,100,99957,100,,,99949,100,,,99934,100
2019-06-28 09:51:10.000000000,100717,245,100613,245,100718,241,100429,341,100763,241,100136,241,100813,100,100123,100,100843,100,100118,15,100902,100,100070,100,100933,100,99986,100,,,99957,100,,,99949,100,,,99934,100
2019-06-28 09:51:16.787664215,100717,245,100613,245,100718,241,100429,341,100763,241,100136,241,100813,100,100123,100,100843,100,100118,15,100902,100,100070,100,100905,100,99986,100,100933,100,99957,100,,,99949,100,,,99934,100
2019-06-28 09:51:20.000000000,100717,526,100613,526,100718,100,100429,200,100763,100,100136,100,100813,100,100123,100,100843,100,100118,15,100902,100,100070,100,100905,100,99986,100,100933,100,99957,100,,,99949,100,,,99934,100
2019-06-28 09:51:30.000000000,100717,245,100613,245,100718,241,100429,341,100763,241,100136,241,100813,100,100123,100,100843,100,100118,15,100902,100,100070,100,100905,100,99986,100,100933,100,99957,100,,,99949,100,,,99934,100
2019-06-28 09:51:40.000000000,100717,245,100613,245,100718,241,100429,341,100763,241,100136,241,100813,100,100123,100,100843,100,100118,15,100902,100,100070,100,100905,100,99986,100,100933,100,99957,100,,,99949,100,,,99934,100
2019-06-28 09:51:50.000000000,100717,245,100613,245,100718,241,100429,341,100763,241,100136,241,100813,100,100123,100,100843,100,100118,15,100902,100,100070,100,100905,100,99986,100,100933,100,99957,100,,,99949,100,,,99934,100
2019-06-28 09:51:59.926103132,100717,245,100620,100,100718,241,100613,245,100763,241,100429,341,100813,100,100136,241,100843,100,100123,100,100902,100,100118,15,100905,100,100070,100,100933,100,99986,100,,,99957,100,,,99949,100
2019-06-28 09:52:00.000000000,100717,206,100620,206,100718,206,100613,206,100763,206,100429,306,100813,206,100136,206,100843,100,100123,100,100902,100,100118,15,100905,100,100070,100,100933,100,99986,100,,,99957,100,,,99949,100
2019-06-28 09:52:10.000000000,100717,526,100620,526,100718,100,100613,100,100763,100,100429,200,100813,100,100136,100,100843,100,100123,100,100902,100,100118,15,100905,100,100070,100,100933,100,99986,100,,,99957,100,,,99949,100
2019-06-28 09:52:13.489019851,100717,526,100620,426,100718,100,100613,100,100763,100,100429,200,100813,100,100136,100,100843,100,100123,100,100902,100,100118,15,100905,100,100070,100,100933,100,99986,100,,,99957,100,,,99949,100
2019-06-28 09:52:20.000000000,100717,185,100613,185,100718,185,100429,285,100763,185,100136,185,100813,185,100123,185,100843,185,100118,100,100902,100,100070,100,100905,100,99986,100,100933,100,99957,100,,,99949,100,,,99934,100
2019-06-28 09:52:27.965737859,100717,185,100613,185,100718,185,100590,100,100763,185,100429,285,100813,185,100136,185,100843,185,100123,185,100902,100,100118,100,100905,100,100070,100,100933,100,99986,100,,,99957,100,,,99949,100
2019-06-28 09:52:30.000000000,100717,206,100613,206,100718,206,100590,206,100763,206,100429,306,100813,206,100136,206,100843,100,100123,100,100902,100,100118,15,100905,100,100070,100,100933,100,99986,100,,,99957,100,,,99949,100
2019-06-28 09:52:36.588586721,100649,100,100613,206,100717,206,100590,206,100718,206,100429,306,100763,206,100136,206,100813,206,100123,100,100843,100,100118,15,100902,100,100070,100,100905,100,99986,100,100933,100,99957,100,,,99949,100
2019-06-28 09:52:40.000000000,100649,185,100613,185,100717,185,100590,185,100718,185,100429,285,100763,185,100136,185,100813,185,100123,185,100843,100,100118,15,100902,100,100070,100,100905,100,99986,100,100933,100,99957,100,,,99949,100
2019-06-28 09:52:49.321320990,100649,185,100613,185,100717,185,100590,185,100718,185,100429,285,100763,185,100136,285,100813,85,100123,185,100843,100,100118,15,100902,100,100070,100,100905,100,99986,100,100933,100,99957,100,,,99949,100
2019-06-28 09:52:50.000000000,100649,206,100613,206,100717,206,100590,206,100718,206,100429,306,100763,206,100136,306,100843,100,100123,100,100902,100,100118,15,100905,100,100070,100,100933,100,99986,100,,,99957,100,,,99949,100
2019-06-28 09:52:56.967878391,100649,206,100613,106,100717,206,100590,206,100718,206,100429,306,100763,206,100136,306,100843,100,100123,100,100902,100,100118,15,100905,100,100070,100,100933,100,99986,100,,,99957,100,,,99949,100
2019-06-28 09:53:00.000000000,100649,313,100590,313,100717,313,100429,413,100718,100,100136,200,100763,100,100123,100,100843,100,100118,15,100902,100,100070,100,100905,100,99986,100,100933,100,99957,100,,,99949,100,,,99934,100
2019-06-28 09:53:10.000000000,100649,526,100590,526,100717,100,100429,200,100718,100,100136,200,100763,100,100123,100,100843,100,100118,15,100902,100,100070,100,100905,100,99986,100,100933,100,99957,100,,,99949,100,,,99934,100
2019-06-28 09:53:17.658334765,100649,526,100590,526,100717,100,100429,200,100718,100,100136,200,100763,100,100123,100,100843,100,100118,15,100902,100,100074,100,100905,100,100070,100,100933,100,99986,100,,,99957,100,,,99949,100
2019-06-28 09:53:20.000000000,100649,526,100590,526,100717,100,100429,200,100718,100,100136,200,100763,100,100123,100,100843,100,100118,15,100902,100,100074,100,100905,100,100070,100,100933,100,99986,100,,,99957,100,,,99949,100
2019-06-28 09:53:30.000000000,100649,526,100590,526,100717,100,100429,200,100718,100,100136,200,100763,100,100123,100,100843,100,100118,15,100902,100,100074,100,100905,100,100070,100,100933,100,99986,100,,,99957,100,,,99949,100
2019-06-28 09:53:40.000000000,100649,526,100590,526,100717,100,100429,200,100718,100,100136,200,100763,100,100123,100,100843,100,100118,15,100902,100,100074,100,100905,100,100070,100,100933,100,99986,100,,,99957,100,,,99949,100
2019-06-28 09:53:43.213980978,100649,526,100590,426,100717,100,100429,200,100718,100,100136,200,100763,100,100123,100,100843,100,100118,15,100902,100,100074,100,100905,100,100070,100,,,99986,100,,,99957,100,,,99949,100
2019-06-28 09:53:50.000000000,100649,206,100429,306,100717,206,100136,306,100718,206,100123,206,100763,206,100118,121,100843,100,100074,100,100902,100,100070,100,100905,100,99986,100,,,99957,100,,,99949,100,,,99934,100
2019-06-28 09:53:56.495796044,100649,206,100429,306,100717,206,100327,100,100718,206,100136,306,100763,206,100123,206,100843,100,100118,121,100902,100,100074,100,100905,100,99986,100,,,99957,100,,,99949,100,,,99934,100
2019-06-28 09:54:00.000000000,100649,313,100429,413,100717,313,100327,313,100718,100,100136,200,100763,100,100123,100,100843,100,100118,15,100902,100,100074,100,100905,100,99986,100,,,99957,100,,,99949,100,,,99934,100
2019-06-28 09:54:10.000000000,100649,245,100429,345,100717,241,100327,241,100718,241,100136,341,100763,100,100123,100,100843,100,100118,15,100902,100,100074,100,100905,100,99986,100,,,99957,100,,,99949,100,,,99934,100
2019-06-28 09:54:20.000000000,100649,206,100429,306,100717,206,100327,206,100718,206,100136,306,100763,206,100123,206,100843,100,100118,15,100902,100,100074,100,100905,100,99986,100,,,99957,100,,,99949,100,,,99934,100
2019-06-28 09:54:30.000000000,100649,245,100429,345,100717,241,100327,241,100718,241,100136,341,100763,100,100123,100,100843,100,100118,15,100902,100,100074,100,100905,100,99986,100,,,99957,100,,,99949,100,,,99934,100
2019-06-28 09:54:34.636126141,100649,245,100614,100,100717,241,100429,345,100718,241,100327,241,100763,100,100136,341,100843,100,100123,100,100902,100,100118,15,100905,100,100074,100,,,99986,100,,,99957,100,,,99949,100
2019-06-28 09:54:40.000000000,100649,313,100614,313,100717,313,100429,413,100718,100,100327,100,100763,100,100136,200,100843,100,100123,100,100902,100,100118,15,100905,100,100074,100,,,99986,100,,,99957,100,,,99949,100
2019-06-28 09:54:42.708948997,100649,313,100614,413,100717,313,100429,413,100718,100,100327,100,100763,100,100136,200,100843,100,100123,100,100902,100,100118,15,100905,100,100074,100,,,99986,100,,,99957,100,,,99949,100
2019-06-28 09:54:50.000000000,100649,526,100614,626,100717,100,100429,200,100718,100,100327,100,100763,100,100136,200,100843,100,100123,100,100902,100,100118,15,100905,100,100074,100,,,99986,100,,,99957,100,,,99949,100
2019-06-28 09:55:00.000000000,100649,245,100614,345,100717,241,100429,341,100718,241,100327,241,100763,100,100136,200,100843,100,100123,100,100902,100,100118,15,100905,100,100074,100,,,99986,100,,,99957,100,,,99949,100
2019-06-28 09:55:01.480170171,100649,245,100614,345,100717,241,100429,341,100718,241,100327,241,100763,100,100136,200,100815,100,100123,100,100843,100,100118,15,100902,100,100074,100,100905,100,99986,100,,,99957,100,,,99949,100
2019-06-28 09:55:10.000000000,100649,245,100614,345,100717,241,100429,341,100718,241,100327,241,100763,100,100136,200,100815,100,100123,100,100843,100,100118,15,100902,100,100074,100,100905,100,99986,100,,,99957,100,,,99949,100
2019-06-28 09:55:18.316891348,100649,245,100614,345,100717,241,100429,341,100718,241,100327,241,100763,100,100136,200,100815,100,100123,100,100843,100,100118,15,100855,100,100074,100,100902,100,99986,100,100905,100,99957,100,,,99949,100
2019-06-28 09:55:19.719757243,100649,145,100614,345,100717,241,100429,341,100718,241,100327,241,100763,100,100136,200,100815,100,100123,100,100843,100,100118,15,100855,100,100074,100,100902,100,99986,100,100905,100,99957,100,,,99949,100
2019-06-28 09:55:20.000000000,100717,313,100614,413,100718,313,100429,413,100763,100,100327,100,100815,100,100136,200,100843,100,100123,100,100855,100,100118,15,100902,100,100074,100,100905,100,99986,100,,,99957,100,,,99949,100
2019-06-28 09:55:27.703121646,100717,213,100614,413,100718,313,100429,413,100763,100,100327,100,100815,100,100136,200,100843,100,100123,100,100855,100,100118,15,100902,100,100074,100,100905,100,99986,100,,,99957,100,,,99949,100
2019-06-28 09:55:27.914905590,100717,113,100614,413,100718,313,100429,413,100763,100,100327,100,100815,100,100136,200,100843,100,100123,100,100902,100,100118,15,100905,100,100074,100,,,99986,100,,,99957,100,,,99949,100
2019-06-28 09:55:30.000000000,100718,245,100614,345,100763,241,100429,341,100815,241,100327,241,100843,100,100136,200,100902,100,100123,100,100905,100,100118,15,,,100074,100,,,99986,100,,,99957,100,,,99949,100
2019-06-28 09:55:33.103108803,100718,145,100614,345,100763,241,100429,341,100815,241,100327,241,100843,100,100136,200,100902,100,100123,100,100905,100,100074,100,,,99986,100,,,99957,100,,,99949,100,,,99934,100
2019-06-28 09:55:37.478597913,100718,45,100614,345,100763,241,100429,341,100815,241,100327,241,100843,100,100136,200,100902,100,100123,100,100905,100,99986,100,,,99957,100,,,99949,100,,,99934,100,,,99929,100
2019-06-28 09:55:40.000000000,100763,245,100614,345,100815,241,100429,341,100843,241,100327,241,100902,100,100136,200,100905,100,100123,100,,,99986,100,,,99957,100,,,99949,100,,,99934,100,,,99929,100
2019-06-28 09:55:50.000000000,100763,185,100614,285,100815,185,100429,285,100843,185,100327,185,100902,185,100136,285,100905,185,100123,185,,,99986,100,,,99957,100,,,99949,100,,,99934,100,,,99929,100
2019-06-28 09:56:00.000000000,100763,185,100614,285,100815,185,100429,285,100843,185,100327,185,100902,185,100136,285,100905,185,100123,185,,,99986,100,,,99957,100,,,99949,100,,,99934,100,,,99929,100
2019-06-28 09:56:10.000000000,100763,245,100614,345,100815,241,100429,341,100843,241,100327,241,100902,100,100136,200,100905,100,100123,100,,,99986,100,,,99957,100,,,99949,100,,,99934,100,,,99929,100
2019-06-28 09:56:17.966416848,100718,100,100614,345,100763,245,100429,341,100815,241,100327,241,100843,241,100136,200,100902,100,100123,100,100905,100,99986,100,,,99957,100,,,99949,100,,,99934,100,,,99929,100
2019-06-28 09:56:20.000000000,100718,526,100614,626,100763,100,100429,200,100815,100,100327,100,100843,100,100136,200,100902,100,100123,100,100905,100,99986,100,,,99957,100,,,99949,100,,,99934,100,,,99929,100
2019-06-28 09:56:30.000000000,100718,185,100614,285,100763,185,100429,285,100815,185,100327,185,100843,185,100136,285,100902,185,100123,185,100905,100,99986,100,,,99957,100,,,99949,100,,,99934,100,,,99929,100
2019-06-28 09:56:33.464017493,100718,185,100614,285,100763,185,100429,285,100815,185,100327,185,100843,185,100270,100,100902,185,100136,285,,,100123,185,,,99986,100,,,99957,100,,,99949,100,,,99934,100
2019-06-28 09:56:35.763704990,100718,185,100614,185,100763,185,100429,285,100815,185,100327,185,100843,185,100270,100,100902,185,100136,285,,,100123,185,,,99957,100,,,99949,100,,,99934,100,,,99929,100
2019-06-28 09:56:40.000000000,100718,313,100614,313,100763,313,100429,413,100815,100,100327,100,100843,100,100270,100,100902,100,100136,200,,,100123,100,,,99957,100,,,99949,100,,,99934,100,,,99929,100
2019-06-28 09:56:50.000000000,100718,185,100614,185,100763,185,100429,285,100815,185,100327,185,100843,185,100270,185,100902,185,100136,285,,,100123,100,,,99957,100,,,99949,100,,,99934,100,,,99929,100
2019-06-28 09:57:00.000000000,100718,526,100614,526,100763,100,100429,200,100815,100,100327,100,100843,100,100270,100,100902,100,100136,200,,,100123,100,,,99957,100,,,99949,100,,,99934,100,,,99929,100
2019-06-28 09:57:10.000000000,100718,185,100614,185,100763,185,100429,285,100815,185,100327,185,100843,185,100270,185,100902,185,100136,285,,,100123,100,,,99957,100,,,99949,100,,,99934,100,,,99929,100
2019-06-28 09:57:20.000000000,100718,313,100614,313,100763,313,100429,413,100815,100,100327,100,100843,100,100270,100,100902,100,100136,200,,,100123,100,,,99957,100,,,99949,100,,,99934,100,,,99929,100
2019-06-28 09:57:21.436575099,100718,313,100614,313,100763,313,100523,100,100815,100,100429,413,100843,100,100327,100,100902,100,100270,100,,,100136,200,,,100123,100,,,99957,100,,,99949,100,,,99934,100
2019-06-28 09:57:30.000000000,100718,245,100614,245,100763,241,100523,241,100815,241,100429,341,100843,100,100327,100,100902,100,100270,100,,,100136,200,,,100123,100,,,99957,100,,,99949,100,,,99934,100
2019-06-28 09:57:33.037180719,100683,100,100614,245,100718,245,100523,241,100763,241,100429,341,100815,241,100327,100,100843,100,100270,100,100902,100,100136,200,,,100123,100,,,99957,100,,,99949,100,,,99929,100
2019-06-28 09:57:40.000000000,100683,185,100614,185,100718,185,100523,185,100763,185,100429,285,100815,185,100327,185,100843,185,100270,185,100902,100,100136,200,,,100123,100,,,99957,100,,,99949,100,,,99929,100
2019-06-28 09:57:50.000000000,100683,206,100614,206,100718,206,100523,206,100763,206,100429,306,100815,206,100327,206,100843,100,100270,100,100902,100,100136,200,,,100123,100,,,99957,100,,,99949,100,,,99929,100
2019-06-28 09:57:51.156287042,100683,206,100614,206,100718,206,100523,206,100763,206,100429,306,100815,206,100327,206,100843,100,100270,100,100893,100,100136,200,100902,100,100123,100,,,99957,100,,,99949,100,,,99929,100
2019-06-28 09:57:56.672355306,100683,206,100614,206,100717,100,100523,206,100718,206,100429,306,100763,206,100327,206,100815,206,100270,100,100843,100,100136,200,100893,100,100123,100,100902,100,99957,100,,,99949,100,,,99929,100
2019-06-28 09:58:00.000000000,100683,206,100614,206,100717,206,100523,206,100718,206,100429,306,100763,206,100327,206,100815,100,100270,100,100843,100,100136,200,100893,100,100123,100,100902,100,99957,100,,,99949,100,,,99929,100
2019-06-28 09:58:00.905977360,100683,206,100614,206,100717,206,100601,100,100718,206,100523,206,100763,206,100429,306,100815,100,100327,206,100843,100,100270,100,100893,100,100136,200,100902,100,100123,100,,,99957,100,,,99949,100
2019-06-28 09:58:10.000000000,100683,526,100614,526,100717,100,100601,100,100718,100,100523,100,100763,100,100429,200,100815,100,100327,100,100843,100,100270,100,100893,100,100136,200,100902,100,100123,100,,,99957,100,,,99949,100
2019-06-28 09:58:12.610060984,100683,426,100614,526,100717,100,100601,100,100718,100,100523,100,100763,100,100429,200,100815,100,100327,100,100843,100,100270,100,100893,100,100136,200,100902,100,100123,100,,,99957,100,,,99949,100
2019-06-28 09:58:20.000000000,100717,206,100614,206,100718,206,100601,206,100763,206,100523,206,100815,206,100429,306,100843,100,100327,100,100893,100,100270,100,100902,100,100136,200,,,100123,100,,,99957,100,,,99949,100
2019-06-28 09:58:22.375611267,100717,106,100614,206,100718,206,100601,206,100763,206,100523,206,100815,206,100429,306,100843,100,100327,100,100893,100,100270,100,100902,100,100136,200,,,100123,100,,,99957,100,,,99949,100
2019-06-28 09:58:30.000000000,100718,245,100614,245,100763,241,100601,241,100815,241,100523,241,100843,100,100429,200,100893,100,100327,100,100902,100,100270,100,,,100136,200,,,100123,100,,,99957,100,,,99949,100
2019-06-28 09:58:40.000000000,100718,313,100614,313,100763,313,100601,313,100815,100,100523,100,100843,100,100429,200,100893,100,100327,100,100902,100,100270,100,,,100136,200,,,100123,100,,,99957,100,,,99949,100
2019-06-28 09:58:50.000000000,100718,526,100614,526,100763,100,100601,100,100815,100,100523,100,100843,100,100429,200,100893,100,100327,100,100902,100,100270,100,,,100136,200,,,100123,100,,,99957,100,,,99949,100
2019-06-28 09:58:51.020794772,100664,100,100614,526,100718,526,100601,100,100763,100,100523,100,100815,100,100429,200,100843,100,100327,100,100893,100,100270,100,100902,100,100136,200,,,100123,100,,,99957,100,,,99949,100
2019-06-28 09:58:55.272334808,100653,100,100614,526,100664,100,100601,100,100718,526,100429,200,100763,100,100327,100,100815,100,100270,100,100843,100,100136,200,100893,100,100123,100,100902,100,99957,100,,,99949,100,,,99929,100
2019-06-28 09:59:00.000000000,100653,245,100614,245,100664,241,100601,241,100718,241,100429,341,100763,100,100327,100,100815,100,100270,100,100843,100,100136,200,100893,100,100123,100,100902,100,99957,100,,,99949,100,,,99929,100
2019-06-28 09:59:10.000000000,100653,526,100614,526,100664,100,100601,100,100718,100,100429,200,100763,100,100327,100,100815,100,100270,100,100843,100,100136,200,100893,100,100123,100,100902,100,99957,100,,,99949,100,,,99929,100
2019-06-28 09:59:20.000000000,100653,185,100614,185,100664,185,100601,185,100718,185,100429,285,100763,185,100327,185,100815,185,100270,185,100843,100,100136,200,100893,100,100123,100,100902,100,99957,100,,,99949,100,,,99929,100
2019-06-28 09:59:30.000000000,100653,185,100614,185,100664,185,100601,185,100718,185,100429,285,100763,185,100327,185,100815,185,100270,185,100843,100,100136,200,100893,100,100123,100,100902,100,99957,100,,,99949,100,,,99929,100
2019-06-28 09:59:40.000000000,100653,313,100614,313,100664,313,100601,313,100718,100,100429,200,100763,100,100327,100,100815,100,100270,100,100843,100,100136,200,100893,100,100123,100,100902,100,99957,100,,,99949,100,,,99929,100
2019-06-28 09:59:50.000000000,100653,245,100614,245,100664,241,100601,241,100718,241,100429,341,100763,100,100327,100,100815,100,100270,100,100843,100,100136,200,100893,100,100123,100,100902,100,99957,100,,,99949,100,,,99929,100
2019-06-28 10:00:00.000000000,100653,313,100614,313,100664,313,100601,313,100718,100,100429,200,100763,100,100327,100,100815,100,100270,100,100843,100,100136,200,100893,100,100123,100,100902,100,99957,100,,,99949,100,,,99929,100
2019-06-28 10:00:01.000600579,100653,313,100614,313,100664,313,100601,313,100718,100,100429,200,100763,100,100327,100,100815,100,100270,100,100843,100,100136,200,100893,100,100123,100,100902,100,99997,100,,,99957,100,,,99949,100
2019-06-28 10:00:10.000000000,100653,526,100614,526,100664,100,100601,100,100718,100,100429,200,100763,100,100327,100,100815,100,100270,100,100843,100,100136,200,100893,100,100123,100,100902,100,99997,100,,,99957,100,,,99949,100
2019-06-28 10:00:20.000000000,100653,245,100614,245,100664,241,100601,241,100718,241,100429,341,100763,100,100327,100,100815,100,100270,100,100843,100,100136,200,100893,100,100123,100,100902,100,99997,100,,,99957,100,,,99949,100
2019-06-28 10:00:23.973634936,100653,245,100614,245,100664,241,100601,241,100718,241,100429,341,100763,100,100327,100,100815,100,100270,100,100843,100,100184,100,100893,100,100136,200,100902,100,100123,100,,,99997,100,,,99957,100
2019-06-28 10:00:26.037435678,100653,245,100614,245,100664,241,100601,241,100682,100,100429,341,100718,241,100327,100,100763,100,100270,100,100815,100,100184,100,100843,100,100136,100,100893,100,100123,100,100902,100,99997,100,,,99957,100
2019-06-28 10:00:30.000000000,100653,526,100614,526,100664,100,100601,100,100682,100,100429,200,100718,100,100327,100,100763,100,100270,100,100815,100,100184,100,100843,100,100136,100,100893,100,100123,100,100902,100,99997,100,,,99957,100
2019-06-28 10:00:40.000000000,100653,185,100614,185,100664,185,100601,185,100682,185,100429,285,100718,185,100327,185,100763,185,100270,185,100815,100,100184,100,100843,100,100136,100,100893,100,100123,100,100902,100,99997,100,,,99957,100
2019-06-28 10:00:50.000000000,100653,206,100614,206,100664,206,100601,206,100682,206,100429,306,100718,206,100327,206,100763,100,100270,100,100815,100,100184,100,100843,100,100136,100,100893,100,100123,100,100902,100,99997,100,,,99957,100
2019-06-28 10:01:00.000000000,100653,313,100614,313,100664,313,100601,313,100682,100,100429,200,100718,100,100327,100,100763,100,100270,100,100815,100,100184,100,100843,100,100136,100,100893,100,100123,100,100902,100,99997,100,,,99957,100
2019-06-28 10:01:10.000000000,100653,526,100614,526,100664,100,100601,100,100682,100,100429,200,100718,100,100327,100,100763,100,100270,100,100815,100,100184,100,100843,100,100136,100,100893,100,100123,100,100902,100,99997,100,,,99957,100
2019-06-28 10:01:14.395621892,100653,526,100614,526,100664,100,100601,100,100682,100,100429,200,100718,100,100327,100,100763,100,100270,100,100815,100,100184,100,100843,100,100136,100,100893,100,100123,100,100902,100,99997,100,,,99957,100
2019-06-28 10:01:20.000000000,100653,313,100614,313,100664,313,100601,313,100682,100,100429,200,100718,100,100327,100,100763,100,100270,100,100815,100,100184,100,100843,100,100136,100,100893,100,100123,100,100902,100,99997,100,,,99957,100
2019-06-28 10:01:30.000000000,100653,185,100614,185,100664,185,100601,185,100682,185,100429,285,100718,185,100327,185,100763,185,100270,185,100815,100,100184,100,100843,100,100136,100,100893,100,100123,100,100902,100,99997,100,,,99957,100
2019-06-28 10:01:36.090191037,100653,185,100614,85,100664,185,100601,185,100682,185,100429,285,100718,185,100327,185,100763,185,100270,185,100815,100,100136,100,100843,100,100123,100,100893,100,99997,100,100902,100,99957,100,,,99949,100
2019-06-28 10:01:39.406092117,100653,185,100614,85,100664,185,100601,185,100682,185,100429,285,100718,185,100327,185,100763,185,100270,185,100815,100,100136,100,100843,100,100123,100,100902,100,99997,100,,,99957,100,,,99949,100
2019-06-28 10:01:40.000000000,100653,185,100601,185,100664,185,100429,285,100682,185,100327,185,100718,185,100270,185,100763,185,100136,185,100815,100,100123,100,100843,100,99997,100,100902,100,99957,100,,,99949,100,,,99929,100
2019-06-28 10:01:50.000000000,100653,526,100601,526,100664,100,100429,200,100682,100,100327,100,100718,100,100270,100,100763,100,100136,100,100815,100,100123,100,100843,100,99997,100,100902,100,99957,100,,,99949,100,,,99929,100
2019-06-28 10:01:59.436522356,100652,100,100601,526,100653,526,100429,200,100664,100,100327,100,100682,100,100270,100,100718,100,100136,100,100763,100,100123,100,100815,100,99997,100,100843,100,99957,100,100902,100,99949,100,,,99929,100
2019-06-28 10:02:00.000000000,100652,526,100601,526,100653,100,100429,200,100664,100,100327,100,100682,100,100270,100,100718,100,100136,100,100763,100,100123,100,100815,100,99997,100,100843,100,99957,100,100902,100,99949,100,,,99929,100
2019-06-28 10:02:10.000000000,100652,313,100601,313,100653,313,100429,413,100664,100,100327,100,100682,100,100270,100,100718,100,100136,100,100763,100,100123,100,100815,100,99997,100,100843,100,99957,100,100902,100,99949,100,,,99929,100
2019-06-28 10:02:10.696720452,100652,313,100601,213,100653,313,100429,413,100664,100,100327,100,100682,100,100270,100,100718,100,100136,100,100763,100,100123,100,100815,100,99997,100,100843,100,99957,100,100902,100,99949,100,,,99929,100
2019-06-28 10:02:13.007098322,100652,313,100601,213,100653,313,100429,413,100664,100,100327,100,100682,100,100270,100,100718,100,100136,100,100763,100,100123,100,100815,100,99997,100,100843,100,99957,100,100902,100,99949,100,,,99929,100
2019-06-28 10:02:20.000000000,100652,313,100429,413,100653,313,100327,313,100664,100,100270,100,100682,100,100136,100,100718,100,100123,100,100763,100,99997,100,100815,100,99957,100,100843,100,99949,100,100902,100,99929,100,,,99851,100
2019-06-28 10:02:30.000000000,100652,313,100429,413,100653,313,100327,313,100664,100,100270,100,100682,100,100136,100,100718,100,100123,100,100763,100,99997,100,100815,100,99957,100,100843,100,99949,100,100902,100,99929,100,,,99851,100
2019-06-28 10:02:36.929666508,100652,313,100429,413,100653,313,100327,213,100664,100,100270,100,100682,100,100136,100,100718,100,100123,100,100763,100,99998,100,100815,100,99997,100,100843,100,99957,100,100902,100,99949,100,,,99929,100
2019-06-28 10:02:40.000000000,100652,245,100429,345,100653,241,100270,241,100664,241,100136,241,100682,100,100123,100,100718,100,99998,100,100763,100,99997,100,100815,100,99957,100,100843,100,99949,100,100902,100,99929,100,,,99851,100
2019-06-28 10:02:40.304974095,100652,245,100429,245,100653,141,100270,241,100664,241,100136,241,100682,100,100123,100,100718,100,99998,100,100763,100,99997,100,100815,100,99957,100,100843,100,99949,100,100902,100,99929,100,,,99851,100
2019-06-28 10:02:48.582521984,100601,100,100429,245,100652,245,100270,241,100653,141,100136,241,100664,241,100123,100,100682,100,99998,100,100718,100,99997,100,100763,100,99957,100,100815,100,99949,100,100843,100,99929,100,100902,100,99851,100
2019-06-28 10:02:50.000000000,100601,206,100429,206,100652,206,100270,206,100664,206,100136,206,100682,206,100123,206,100718,100,99998,100,100763,100,99997,100,100815,100,99957,100,100843,100,99949,100,100902,100,99929,100,,,99851,100
2019-06-28 10:03:00.000000000,100601,313,100429,313,100652,313,100270,313,100664,100,100136,100,100682,100,100123,100,100718,100,99998,100,100763,100,99997,100,100815,100,99957,100,100843,100,99949,100,100902,100,99929,100,,,99851,100
2019-06-28 10:03:06.491749300,100601,413,100429,313,100652,313,100270,313,100664,100,100136,100,100718,100,100123,100,100763,100,99998,100,100815,100,99997,100,100843,100,99957,100,100902,100,99949,100,,,99929,100,,,99851,100
2019-06-28 10:03:10.000000000,100601,285,100429,185,100652,185,100270,185,100664,185,100136,185,100718,185,100123,185,100763,185,99998,185,100815,100,99997,100,100843,100,99957,100,100902,100,99949,100,,,99929,100,,,99851,100
2019-06-28 10:03:17.382355085,100601,285,100429,85,100652,185,100270,185,100664,185,100136,185,100718,185,100123,185,100763,185,99998,185,100815,100,99997,100,100843,100,99957,100,100902,100,99949,100,,,99929,100,,,99851,100
2019-06-28 10:03:20.000000000,100601,285,100270,185,100652,185,100136,185,100664,185,100123,185,100718,185,99998,185,100763,185,99997,185,100815,100,99957,100,100843,100,99949,100,100902,100,99929,100,,,99851,100,,,99830,100
2019-06-28 10:03:30.000000000,100601,306,100270,206,100652,206,100136,206,100664,206,100123,206,100718,206,99998,206,100763,100,99997,100,100815,100,99957,100,100843,100,99949,100,100902,100,99929,100,,,99851,100,,,99830,100
2019-06-28 10:03:40.000000000,100601,285,100270,185,100652,185,100136,185,100664,185,100123,185,100718,185,99998,185,100763,185,99997,185,100815,100,99957,100,100843,100,99949,100,100902,100,99929,100,,,99851,100,,,99830,100
2019-06-28 10:03:50.000000000,100601,306,100270,206,100652,206,100136,206,100664,206,100123,206,100718,206,99998,206,100763,100,99997,100,100815,100,99957,100,100843,100,99949,100,100902,100,99929,100,,,99851,100,,,99830,100
2019-06-28 10:04:00.000000000,100601,413,100270,313,100652,313,100136,313,100664,100,100123,100,100718,100,99998,100,100763,100,99997,100,100815,100,99957,100,100843,100,99949,100,100902,100,99929,100,,,99851,100,,,99830,100
2019-06-28 10:04:05.487068617,100601,413,100270,213,100652,313,100136,313,100664,100,100123,100,100718,100,99998,100,100815,100,99997,100,100843,100,99957,100,100902,100,99949,100,,,99929,100,,,99851,100,,,99830,100
2019-06-28 10:04:10.000000000,100601,413,100136,313,100652,313,100123,313,100664,100,99998,100,100718,100,99997,100,100815,100,99957,100,100843,100,99949,100,100902,100,99929,100,,,99851,100,,,99830,100,,,99811,100
2019-06-28 10:04:12.540839152,100601,413,100136,213,100652,313,100123,313,100664,100,99998,100,100718,100,99997,100,100815,100,99957,100,100843,100,99949,100,100902,100,99929,100,,,99851,100,,,99830,100,,,99811,100
2019-06-28 10:04:14.621139430,100270,100,100136,213,100601,413,100123,313,100652,313,99998,100,100664,100,99997,100,100718,100,99957,100,100815,100,99949,100,100843,100,99929,100,100902,100,99851,100,,,99830,100,,,99811,100
2019-06-28 10:04:20.000000000,100270,313,100123,313,100601,413,99998,313,100652,100,99997,100,100664,100,99957,100,100718,100,99949,100,100815,100,99929,100,100843,100,99851,100,100902,100,99830,100,,,99811,100,,,99810,100
2019-06-28 10:04:30.000000000,100270,245,100123,245,100601,341,99998,241,100652,241,99997,241,100664,100,99957,100,100718,100,99949,100,100815,100,99929,100,100843,100,99851,100,100902,100,99830,100,,,99811,100,,,99810,100
2019-06-28 10:04:40.000000000,100270,185,100123,185,100601,285,99998,185,100652,185,99997,185,100664,185,99957,185,100718,185,99949,185,100815,100,99929,100,100843,100,99851,100,100902,100,99830,100,,,99811,100,,,99810,100
2019-06-28 10:04:50.000000000,100270,245,100123,245,100601,341,99998,241,100652,241,99997,241,100664,100,99957,100,100718,100,99949,100,100815,100,99929,100,100843,100,99851,100,100902,100,99830,100,,,99811,100,,,99810,100
2019-06-28 10:05:00.000000000,100270,206,100123,206,100601,306,99998,206,100652,206,99997,206,100664,206,99957,206,100718,100,99949,100,100815,100,99929,100,100843,100,99851,100,100902,100,99830,100,,,99811,100,,,99810,100
2019-06-28 10:05:04.478326288,100148,100,100123,206,100270,206,99998,206,100601,306,99997,206,100652,206,99957,206,100664,206,99949,100,100718,100,99929,100,100815,100,99851,100,100843,100,99830,100,100902,100,99811,100,,,99810,100
2019-06-28 10:05:08.030995130,100148,100,100123,206,100270,206,99998,206,100601,306,99997,106,100652,206,99995,100,100664,206,99957,206,100718,100,99949,100,100815,100,99929,100,100843,100,99851,100,100902,100,99830,100,,,99811,100
2019-06-28 10:05:10.000000000,100148,245,100123,245,100270,241,99998,241,100601,341,99995,241,100652,100,99957,100,100664,100,99949,100,100718,100,99929,100,100815,100,99851,100,100843,100,99830,100,100902,100,99811,100,,,99810,100
2019-06-28 10:05:15.908760541,100148,245,100123,245,100270,241,99998,241,100601,341,99995,241,100652,100,99957,100,100664,100,99949,100,100718,100,99929,100,100815,100,99872,100,100843,100,99851,100,100902,100,99830,100,,,99811,100
2019-06-28 10:05:20.000000000,100148,185,100123,185,100270,185,99998,185,100601,285,99995,185,100652,185,99957,185,100664,185,99949,185,100718,100,99929,100,100815,100,99872,100,100843,100,99851,100,100902,100,99830,100,,,99811,100
2019-06-28 10:05:30.000000000,100148,313,100123,313,100270,313,99998,313,100601,200,99995,100,100652,100,99957,100,100664,100,99949,100,100718,100,99929,100,100815,100,99872,100,100843,100,99851,100,100902,100,99830,100,,,99811,100
2019-06-28 10:05:34.310889909,100148,313,100123,313,100198,100,99998,313,100270,313,99995,100,100601,200,99957,100,100652,100,99949,100,100664,100,99929,100,100718,100,99872,100,100843,100,99851,100,100902,100,99830,100,,,99811,100
2019-06-28 10:05:40.000000000,100148,526,100123,526,100198,100,99998,100,100270,100,99995,100,100601,200,99957,100,100652,100,99949,100,100664,100,99929,100,100718,100,99872,100,100843,100,99851,100,100902,100,99830,100,,,99811,100
2019-06-28 10:05:43.639297348,100148,526,100123,526,100198,100,100010,100,100270,100,99998,100,100601,200,99995,100,100652,100,99957,100,100664,100,99949,100,100718,100,99929,100,100843,100,99872,100,100902,100,99851,100,,,99811,100
2019-06-28 10:05:47.096125627,100148,426,100123,526,100198,100,100010,100,100270,100,99998,100,100601,200,99995,100,100652,100,99957,100,100664,100,99949,100,100718,100,99929,100,100843,100,99872,100,100902,100,99851,100,,,99811,100
2019-06-28 10:05:50.000000000,100198,313,100123,313,100270,313,100010,313,100601,200,99998,100,100652,100,99995,100,100664,100,99957,100,100718,100,99949,100,100843,100,99929,100,100902,100,99872,100,,,99851,100,,,99811,100
2019-06-28 10:05:54.913150423,100198,213,100123,313,100270,313,100010,313,100601,200,99998,100,100652,100,99995,100,100664,100,99957,100,100718,100,99949,100,100843,100,99929,100,100902,100,99872,100,,,99851,100,,,99811,100
2019-06-28 10:06:00.000000000,100270,526,100123,526,100601,200,100010,100,100652,100,99998,100,100664,100,99995,100,100718,100,99957,100,100843,100,99949,100,100902,100,99929,100,,,99872,100,,,99851,100,,,99811,100
2019-06-28 10:06:05.932702574,100270,526,100225,100,100601,200,100123,526,100652,100,99998,100,100664,100,99995,100,100718,100,99957,100,100843,100,99949,100,100902,100,99929,100,,,99872,100,,,99851,100,,,99811,100
2019-06-28 10:06:10.000000000,100270,313,100225,313,100601,413,100123,313,100652,100,99998,100,100664,100,99995,100,100718,100,99957,100,100843,100,99949,100,100902,100,99929,100,,,99872,100,,,99851,100,,,99811,100
2019-06-28 10:06:20.000000000,100270,526,100225,526,100601,200,100123,100,100652,100,99998,100,100664,100,99995,100,100718,100,99957,100,100843,100,99949,100,100902,100,99929,100,,,99872,100,,,99851,100,,,99811,100
2019-06-28 10:06:29.299717176,100270,426,100225,526,100601,200,100123,100,100652,100,99998,100,100664,100,99995,100,100718,100,99957,100,100843,100,99949,100,100902,100,99872,100,,,99851,100,,,99811,100,,,99501,100
2019-06-28 10:06:30.000000000,100601,306,100225,206,100652,206,100123,206,100664,206,99998,206,100718,206,99995,206,100843,100,99957,100,100902,100,99949,100,,,99872,100,,,99851,100,,,99811,100,,,99501,100
2019-06-28 10:06:36.572161005,100601,306,100483,100,100652,206,100225,206,100664,206,100123,206,100718,206,99998,206,100843,100,99995,206,100902,100,99957,100,,,99949,100,,,99872,100,,,99851,100,,,99811,100
2019-06-28 10:06:40.000000000,100601,345,100483,245,100652,241,100225,241,100664,241,100123,241,100718,100,99998,100,100843,100,99995,100,100902,100,99957,100,,,99949,100,,,99872,100,,,99851,100,,,99811,100
2019-06-28 10:06:45.236939424,100601,245,100483,245,100652,241,100225,241,100664,141,100123,241,100718,100,99998,100,100843,100,99995,100,100902,100,99957,100,,,99949,100,,,99872,100,,,99851,100,,,99811,100
2019-06-28 10:06:50.000000000,100601,185,100483,185,100652,185,100225,185,100718,185,100123,185,100843,185,99998,185,100902,185,99995,185,,,99957,100,,,99949,100,,,99872,100,,,99851,100,,,99811,100
2019-06-28 10:07:00.000000000,100601,185,100483,185,100652,185,100225,185,100718,185,100123,185,100843,185,99998,185,100902,185,99995,185,,,99957,100,,,99949,100,,,99872,100,,,99851,100,,,99811,100
2019-06-28 10:07:10.000000000,100601,245,100483,245,100652,241,100225,241,100718,241,100123,241,100843,100,99998,100,100902,100,99995,100,,,99957,100,,,99949,100,,,99872,100,,,99851,100,,,99811,100
2019-06-28 10:07:15.314341232,100601,245,100483,245,100652,241,100225,241,100718,241,100123,241,100843,100,99998,100,100902,100,99995,100,101524,100,99957,100,,,99949,100,,,99872,100,,,99851,100,,,99811,100
2019-06-28 10:07:20.000000000,100601,526,100483,526,100652,100,100225,100,100718,100,100123,100,100843,100,99998,100,100902,100,99995,100,101524,100,99957,100,,,99949,100,,,99872,100,,,99851,100,,,99811,100
2019-06-28 10:07:30.000000000,100601,245,100483,245,100652,241,100225,241,100718,241,100123,241,100843,100,99998,100,100902,100,99995,100,101524,100,99957,100,,,99949,100,,,99872,100,,,99851,100,,,99811,100
2019-06-28 10:07:40.000000000,100601,526,100483,526,100652,100,100225,100,100718,100,100123,100,100843,100,99998,100,100902,100,99995,100,101524,100,99957,100,,,99949,100,,,99872,100,,,99851,100,,,99811,100
2019-06-28 10:07:47.940942028,100601,526,100483,526,100652,100,100225,100,100718,100,100123,100,100843,100,99998,100,100902,100,99995,100,101519,100,99957,100,101524,100,99949,100,,,99872,100,,,99851,100,,,99811,100
2019-06-28 10:07:50.000000000,100601,526,100483,526,100652,100,100225,100,100718,100,100123,100,100843,100,99998,100,100902,100,99995,100,101519,100,99957,100,101524,100,99949,100,,,99872,100,,,99851,100,,,99811,100
2019-06-28 10:08:00.000000000,100601,206,100483,206,100652,206,100225,206,100718,206,100123,206,100843,206,99998,206,100902,100,99995,100,101519,100,99957,100,101524,100,99949,100,,,99872,100,,,99851,100,,,99811,100
2019-06-28 10:08:05.986946482,100601,106,100483,206,100652,206,100225,206,100718,206,100123,206,100843,206,99998,106,100902,100,99995,100,101519,100,99957,100,101524,100,99949,100,,,99872,100,,,99851,100,,,99811,100
2019-06-28 10:08:10.000000000,100652,245,100483,245,100718,241,100225,241,100843,241,100123,241,100902,100,99995,100,101519,100,99957,100,101524,100,99949,100,,,99872,100,,,99851,100,,,99811,100,,,99446,100
2019-06-28 10:08:20.000000000,100652,313,100483,313,100718,313,100225,313,100843,100,100123,100,100902,100,99995,100,101519,100,99957,100,101524,100,99949,100,,,99872,100,,,99851,100,,,99811,100,,,99446,100
2019-06-28 10:08:30.000000000,100652,245,100483,245,100718,241,100225,241,100843,241,100123,241,100902,100,99995,100,101519,100,99957,100,101524,100,99949,100,,,99872,100,,,99851,100,,,99811,100,,,99446,100
2019-06-28 10:08:40.000000000,100652,313,100483,313,100718,313,100225,313,100843,100,100123,100,100902,100,99995,100,101519,100,99957,100,101524,100,99949,100,,,99872,100,,,99851,100,,,99811,100,,,99446,100
2019-06-28 10:08:50.000000000,100652,526,100483,526,100718,100,100225,100,100843,100,100123,100,100902,100,99995,100,101519,100,99957,100,101524,100,99949,100,,,99872,100,,,99851,100,,,99811,100,,,99446,100
2019-06-28 10:09:00.000000000,100652,185,100483,185,100718,185,100225,185,100843,185,100123,185,100902,185,99995,185,101519,185,99957,185,101524,100,99949,100,,,99872,100,,,99851,100,,,99811,100,,,99446,100
2019-06-28 10:09:10.000000000,100652,245,100483,245,100718,241,100225,241,100843,241,100123,241,100902,100,99995,100,101519,100,99957,100,101524,100,99949,100,,,99872,100,,,99851,100,,,99811,100,,,99446,100
2019-06-28 10:09:20.000000000,100652,526,100483,526,100718,100,100225,100,100843,100,100123,100,100902,100,99995,100,101519,100,99957,100,101524,100,99949,100,,,99872,100,,,99851,100,,,99811,100,,,99446,100
2019-06-28 10:09:30.000000000,100652,526,100483,526,100718,100,100225,100,100843,100,100123,100,100902,100,99995,100,101519,100,99957,100,101524,100,99949,100,,,99872,100,,,99851,100,,,99811,100,,,99446,100
2019-06-28 10:09:33.201692580,100652,426,100483,526,100718,100,100225,100,100843,100,100123,100,100902,100,99957,100,101519,100,99949,100,101524,100,99872,100,,,99851,100,,,99811,100,,,99446,100,,,99354,100
2019-06-28 10:09:40.000000000,100718,185,100483,185,100843,185,100225,185,100902,185,100123,185,101519,185,99957,185,101524,185,99949,185,,,99872,100,,,99851,100,,,99811,100,,,99446,100,,,99354,100
2019-06-28 10:09:50.000000000,100718,526,100483,526,100843,100,100225,100,100902,100,100123,100,101519,100,99957,100,101524,100,99949,100,,,99872,100,,,99851,100,,,99811,100,,,99446,100,,,99354,100
2019-06-28 10:09:59.323984839,100718,426,100483,526,100843,100,100123,100,100902,100,99957,100,101519,100,99949,100,101524,100,99872,100,,,99851,100,,,99811,100,,,99446,100,,,99354,100,,,,
2019-06-28 10:10:00.000000000,100843,206,100483,206,100902,206,100123,206,101519,206,99957,206,101524,206,99949,206,,,99872,100,,,99851,100,,,99811,100,,,99446,100,,,99354,100,,,,
