,ask_price_1,ask_size_1,bid_price_1,bid_size_1,ask_price_2,ask_size_2,bid_price_2,bid_size_2,ask_price_3,ask_size_3,bid_price_3,bid_size_3,ask_price_4,ask_size_4,bid_price_4,bid_size_4,ask_price_5,ask_size_5,bid_price_5,bid_size_5,ask_price_6,ask_size_6,bid_price_6,bid_size_6,ask_price_7,ask_size_7,bid_price_7,bid_size_7,ask_price_8,ask_size_8,bid_price_8,bid_size_8,ask_price_9,ask_size_9,bid_price_9,bid_size_9,ask_price_10,ask_size_10,bid_price_10,bid_size_10
2019-06-28 09:30:00.000000001,100060,100,,,,,,,,,,,,,,,,,,,,,,,,,,,,,,,,,,,,,,
2019-06-28 09:30:00.000000002,100060,100,,,100130,100,,,,,,,,,,,,,,,,,,,,,,,,,,,,,,,,,,
2019-06-28 09:30:00.000000003,100060,100,99929,100,100130,100,99897,100,,,,,,,,,,,,,,,,,,,,,,,,,,,,,,,,
2019-06-28 09:30:00.000000006,100060,100,99966,100,100130,100,99929,100,,,99897,100,,,,,,,,,,,,,,,,,,,,,,,,,,,,
2019-06-28 09:30:00.000000007,100060,100,99929,100,100130,100,99897,100,,,,,,,,,,,,,,,,,,,,,,,,,,,,,,,,
2019-06-28 09:30:00.000000011,100130,100,99929,100,,,99897,100,,,,,,,,,,,,,,,,,,,,,,,,,,,,,,,,
2019-06-28 09:30:00.000000014,100130,100,99929,100,,,99897,100,,,99883,100,,,,,,,,,,,,,,,,,,,,,,,,,,,,
2019-06-28 09:30:00.000000018,100060,200,99929,100,100130,100,99897,100,,,99883,100,,,,,,,,,,,,,,,,,,,,,,,,,,,,
2019-06-28 09:30:00.000000021,100060,300,99929,100,100130,100,99897,100,,,99883,100,,,,,,,,,,,,,,,,,,,,,,,,,,,,
2019-06-28 09:30:00.000000022,100060,300,99979,100,100130,100,99960,100,100142,100,99929,100,,,99897,100,,,99883,100,,,,,,,,,,,,,,,,,,,,
2019-06-28 09:30:00.000000023,100060,300,99979,100,100130,100,99960,100,100142,100,99929,100,100180,100,99897,100,,,99883,100,,,,,,,,,,,,,,,,,,,,
2019-06-28 09:30:00.000000024,100060,300,99979,100,100130,100,99960,100,100142,100,99932,100,100180,100,99929,200,,,99897,100,,,99883,100,,,99848,100,,,,,,,,,,,,
2019-06-28 09:30:00.000000028,100060,300,99979,100,100130,100,99960,100,100142,100,99932,100,100180,100,99929,300,,,99897,100,,,99883,100,,,99848,100,,,,,,,,,,,,
2019-06-28 09:30:00.000000031,100060,300,99979,100,100126,100,99960,100,100130,100,99932,100,100142,100,99929,300,100180,100,99897,100,,,99883,100,,,99848,100,,,,,,,,,,,,
2019-06-28 09:30:00.000000032,100060,300,99979,100,100087,100,99960,100,100126,100,99932,100,100130,100,99929,300,100142,100,99897,100,100180,100,99883,100,,,99848,100,,,,,,,,,,,,
2019-06-28 09:30:00.000000033,100058,100,99979,100,100060,300,99960,100,100087,100,99932,100,100126,100,99929,300,100130,100,99915,100,100142,100,99897,100,100180,100,99883,100,,,99848,100,,,,,,,,
2019-06-28 09:30:00.000000034,100058,100,99979,100,100060,300,99960,100,100087,100,99932,100,100126,100,99929,400,100130,100,99915,100,100142,100,99897,100,100180,100,99883,100,,,99848,100,,,,,,,,
2019-06-28 09:30:00.000000036,100058,100,99979,100,100060,400,99960,100,100087,100,99932,100,100126,100,99929,500,100130,100,99915,100,100142,100,99897,100,100180,100,99883,100,,,99848,100,,,,,,,,
2019-06-28 09:30:00.000000037,100058,100,99979,100,100060,400,99960,100,100087,100,99953,100,100126,100,99932,100,100130,100,99929,600,100142,100,99915,100,100180,100,99897,100,,,99883,100,,,99848,100,,,,
2019-06-28 09:30:00.000000038,100058,100,99979,100,100060,400,99960,100,100087,100,99953,100,100126,100,99932,100,100130,100,99929,600,100142,100,99915,100,100180,100,99897,100,,,99883,100,,,99868,100,,,99848,100
2019-06-28 09:30:00.000000039,100058,100,99979,100,100060,400,99960,100,100087,100,99953,100,100120,100,99932,100,100126,100,99929,600,100130,100,99915,100,100142,100,99897,100,100180,100,99883,100,,,99868,100,,,99848,100
2019-06-28 09:30:00.000000041,100058,100,99979,100,100060,400,99960,100,100087,100,99953,100,100120,100,99934,100,100126,100,99932,100,100130,100,99929,600,100142,100,99915,100,100180,100,99897,100,,,99883,100,,,99868,100
2019-06-28 09:30:00.000000047,100045,100,99979,100,100058,100,99960,100,100060,400,99953,100,100087,100,99934,100,100120,100,99932,100,100126,100,99929,600,100130,100,99915,100,100142,100,99897,100,100180,100,99883,100,,,99868,100
2019-06-28 09:30:00.000000048,100045,100,99979,100,100055,100,99960,100,100058,100,99953,100,100060,500,99945,100,100087,100,99934,100,100120,100,99932,100,100126,100,99929,600,100130,100,99915,100,100142,100,99897,100,100180,100,99883,100
2019-06-28 09:30:00.000000050,100045,100,99979,100,100055,100,99960,100,100058,100,99953,100,100060,500,99945,100,100087,100,99934,100,100120,100,99932,100,100126,100,99929,700,100130,100,99915,100,100142,100,99897,100,100180,100,99883,100
2019-06-28 09:30:00.000000051,100032,100,99979,100,100045,100,99960,100,100055,100,99953,100,100058,100,99945,100,100060,500,99934,100,100087,100,99932,100,100120,100,99929,800,100126,100,99915,100,100130,100,99897,100,100142,100,99883,100
2019-06-28 09:30:00.000000052,100007,100,99979,100,100032,100,99960,100,100035,100,99953,100,100045,100,99945,100,100055,100,99934,100,100058,100,99932,100,100060,500,99929,800,100087,100,99915,100,100120,100,99897,100,100126,100,99883,100
2019-06-28 09:30:00.000000053,100007,100,99979,100,100032,100,99960,100,100035,100,99953,100,100045,100,99945,100,100055,100,99934,100,100058,100,99932,100,100060,600,99929,800,100087,100,99915,100,100120,100,99897,100,100126,100,99883,100
2019-06-28 09:30:00.000000058,100007,100,99979,100,100032,100,99960,100,100035,100,99953,100,100036,100,99945,100,100045,100,99934,100,100055,100,99932,100,100058,100,99929,800,100060,600,99915,100,100087,100,99897,100,100120,100,99883,100
2019-06-28 09:30:00.000000060,100032,100,99981,100,100035,100,99979,100,100036,100,99960,100,100045,100,99953,100,100055,100,99945,100,100058,100,99934,100,100060,600,99932,100,100087,100,99929,800,100120,100,99915,100,100126,100,99897,100
2019-06-28 09:30:00.000000063,100028,100,99981,100,100032,100,99979,100,100035,100,99960,100,100036,100,99953,100,100045,100,99945,100,100055,100,99934,100,100058,100,99932,100,100060,600,99929,800,100087,100,99915,100,100120,100,99897,100
2019-06-28 09:30:00.000000069,100028,100,99981,100,100032,100,99979,100,100035,100,99960,100,100036,100,99953,100,100045,100,99945,100,100055,100,99934,100,100058,100,99932,100,100060,600,99929,800,100087,100,99915,100,100118,100,99897,100
2019-06-28 09:30:00.000000072,100028,100,99981,100,100032,100,99979,100,100035,100,99960,100,100036,100,99953,100,100045,100,99946,100,100055,100,99945,100,100058,100,99934,100,100060,600,99932,100,100087,100,99929,800,100118,100,99915,100
2019-06-28 09:30:00.000000073,100028,100,99981,100,100032,100,99979,100,100035,100,99960,100,100036,100,99953,100,100045,100,99946,100,100055,100,99945,100,100058,100,99934,100,100060,600,99932,100,100087,100,99929,800,100101,100,99915,100
2019-06-28 09:30:00.000000075,100028,100,99981,100,100032,100,99979,100,100035,100,99960,100,100036,100,99953,100,100045,100,99946,100,100055,200,99945,100,100058,100,99934,100,100060,600,99932,100,100087,100,99929,800,100101,100,99915,100
2019-06-28 09:30:00.000000077,100028,100,99981,100,100032,100,99979,100,100035,100,99960,100,100036,100,99953,100,100045,100,99946,100,100055,200,99945,100,100058,100,99934,100,100060,600,99932,100,100087,100,99929,800,100101,100,99915,100
2019-06-28 09:30:00.000000080,100028,100,99981,100,100032,100,99979,100,100035,100,99960,100,100036,100,99953,100,100045,100,99946,100,100055,200,99945,100,100058,100,99934,100,100060,600,99932,100,100087,100,99929,800,100101,100,99920,100
2019-06-28 09:30:00.000000084,100028,100,99981,100,100032,100,99979,100,100035,100,99960,100,100036,100,99953,100,100045,100,99946,100,100055,200,99945,100,100058,100,99934,100,100060,600,99932,100,100087,100,99929,800,100101,100,99920,100
2019-06-28 09:30:00.000000085,100028,100,99981,100,100032,100,99979,100,100035,100,99960,100,100036,100,99953,100,100045,100,99946,100,100055,200,99945,100,100058,100,99934,100,100060,600,99932,100,100087,100,99929,800,100101,100,99920,100
2019-06-28 09:30:00.000000086,100028,100,99998,100,100032,100,99981,100,100035,100,99979,100,100036,100,99960,100,100045,100,99953,100,100055,200,99946,100,100058,100,99945,100,100060,600,99934,100,100087,100,99932,100,100101,100,99929,800
2019-06-28 09:30:00.000000087,100028,100,99998,100,100032,100,99981,100,100035,100,99979,100,100036,100,99960,100,100045,100,99955,100,100055,200,99953,100,100058,100,99946,100,100060,600,99945,100,100080,100,99934,100,100087,100,99932,100
2019-06-28 09:30:00.000000090,100022,100,99998,100,100028,100,99981,100,100032,100,99979,100,100035,100,99960,100,100036,100,99955,100,100045,100,99953,100,100055,200,99946,100,100058,100,99945,100,100060,600,99934,100,100080,100,99932,100
2019-06-28 09:30:00.000000092,100022,100,100007,100,100028,100,99998,100,100032,100,99981,100,100035,100,99979,100,100036,100,99960,100,100045,100,99955,100,100055,200,99953,100,100058,100,99946,100,100060,600,99945,100,100080,100,99934,100
2019-06-28 09:30:00.000000093,100028,100,100007,100,100032,100,99998,100,100035,100,99981,100,100036,100,99979,100,100045,100,99960,100,100055,200,99955,100,100058,100,99953,100,100060,600,99946,100,100080,100,99945,100,100087,100,99934,100
2019-06-28 09:30:00.000000094,100028,100,100007,100,100032,100,99998,100,100035,100,99986,100,100036,100,99981,100,100045,100,99979,100,100055,200,99960,100,100058,100,99955,100,100060,600,99953,100,100080,100,99946,100,100087,100,99945,100
2019-06-28 09:30:00.000000095,100028,100,100007,100,100032,100,99998,100,100035,100,99986,100,100036,100,99984,100,100045,100,99981,100,100055,200,99979,100,100058,100,99960,100,100060,600,99955,100,100067,100,99953,100,100080,100,99946,100
2019-06-28 09:30:08.079358596,100028,100,100007,100,100032,100,99998,100,100035,100,99986,100,100036,100,99984,100,100045,100,99981,100,100055,200,99979,100,100058,100,99960,100,100060,600,99955,100,100063,100,99953,100,100067,100,99946,100
2019-06-28 09:30:10.000000000,100028,362,100007,362,100032,100,99998,100,100035,100,99986,100,100036,100,99984,100,100045,100,99981,100,100055,200,99979,100,100058,100,99960,100,100060,600,99955,100,100063,100,99953,100,100067,100,99946,100
2019-06-28 09:30:13.880418311,100028,362,100007,362,100032,100,99998,100,100035,100,99986,100,100036,100,99984,100,100045,100,99981,100,100055,200,99979,100,100058,100,99960,100,100060,600,99955,100,100063,100,99953,100,100067,100,99946,100
2019-06-28 09:30:20.000000000,100028,166,100007,166,100032,166,99998,166,100035,166,99986,166,100036,166,99984,166,100045,100,99981,100,100055,200,99979,100,100058,100,99960,100,100060,600,99955,100,100063,100,99953,100,100067,100,99946,100
2019-06-28 09:30:24.968978032,100028,66,100007,166,100032,166,99998,166,100035,166,99986,166,100036,166,99984,166,100045,100,99981,100,100055,200,99979,100,100058,100,99960,100,100060,600,99955,100,100063,100,99953,100,100067,100,99946,100
2019-06-28 09:30:30.000000000,100032,166,100007,166,100035,166,99998,166,100036,166,99986,166,100045,166,99984,166,100055,200,99981,100,100058,100,99979,100,100060,600,99960,100,100063,100,99955,100,100067,100,99953,100,100080,100,99946,100
2019-06-28 09:30:35.032240699,100032,166,100007,166,100035,166,99998,166,100036,166,99986,166,100045,166,99984,166,100055,200,99981,100,100058,100,99979,100,100060,500,99960,100,100063,100,99955,100,100067,100,99953,100,100080,100,99946,100
2019-06-28 09:30:40.000000000,100032,189,100007,189,100035,186,99998,186,100036,186,99986,186,100045,100,99984,100,100055,200,99981,100,100058,100,99979,100,100060,500,99960,100,100063,100,99955,100,100067,100,99953,100,100080,100,99946,100
2019-06-28 09:30:46.545993373,100032,189,100007,189,100035,186,99998,186,100036,186,99986,186,100045,100,99984,100,100055,200,99981,100,100058,100,99979,100,100060,500,99960,100,100063,100,99955,100,100067,100,99953,100,100080,100,99946,100
2019-06-28 09:30:50.000000000,100032,152,100007,152,100035,152,99998,152,100036,152,99986,152,100045,152,99984,152,100055,252,99981,152,100058,100,99979,100,100060,500,99960,100,100063,100,99955,100,100067,100,99953,100,100080,100,99946,100
2019-06-28 09:31:00.000000000,100032,189,100007,189,100035,186,99998,186,100036,186,99986,186,100045,100,99984,100,100055,200,99981,100,100058,100,99979,100,100060,500,99960,100,100063,100,99955,100,100067,100,99953,100,100080,100,99946,100
2019-06-28 09:31:10.000000000,100032,362,100007,362,100035,100,99998,100,100036,100,99986,100,100045,100,99984,100,100055,200,99981,100,100058,100,99979,100,100060,500,99960,100,100063,100,99955,100,100067,100,99953,100,100080,100,99946,100
2019-06-28 09:31:11.617729083,100027,100,100007,362,100032,362,99998,100,100035,100,99986,100,100036,100,99984,100,100045,100,99981,100,100055,200,99979,100,100058,100,99960,100,100060,500,99955,100,100063,100,99953,100,100067,100,99946,100
2019-06-28 09:31:20.000000000,100027,166,100007,166,100032,166,99998,166,100035,166,99986,166,100036,166,99984,166,100045,100,99981,100,100055,200,99979,100,100058,100,99960,100,100060,500,99955,100,100063,100,99953,100,100067,100,99946,100
2019-06-28 09:31:30.000000000,100027,231,100007,231,100032,231,99998,231,100035,100,99986,100,100036,100,99984,100,100045,100,99981,100,100055,200,99979,100,100058,100,99960,100,100060,500,99955,100,100063,100,99953,100,100067,100,99946,100
2019-06-28 09:31:36.094750438,100027,231,100007,131,100032,231,99998,231,100035,100,99986,100,100036,100,99984,100,100045,100,99981,100,100055,200,99979,100,100058,100,99960,100,100060,500,99955,100,100067,100,99953,100,100080,100,99946,100
2019-06-28 09:31:40.000000000,100027,231,99998,231,100032,231,99986,231,100035,100,99984,100,100036,100,99981,100,100045,100,99979,100,100055,200,99960,100,100058,100,99955,100,100060,500,99953,100,100067,100,99946,100,100080,100,99945,100
2019-06-28 09:31:50.000000000,100027,189,99998,189,100032,186,99986,186,100035,186,99984,186,100036,100,99981,100,100045,100,99979,100,100055,200,99960,100,100058,100,99955,100,100060,500,99953,100,100067,100,99946,100,100080,100,99945,100
2019-06-28 09:32:00.000000000,100027,231,99998,231,100032,231,99986,231,100035,100,99984,100,100036,100,99981,100,100045,100,99979,100,100055,200,99960,100,100058,100,99955,100,100060,500,99953,100,100067,100,99946,100,100080,100,99945,100
2019-06-28 09:32:01.879602228,100027,231,99998,231,100032,231,99986,231,100035,100,99984,100,100036,100,99981,100,100045,100,99979,100,100055,200,99960,100,100058,100,99955,100,100060,500,99953,100,100067,100,99946,100,100080,100,99945,100
2019-06-28 09:32:10.000000000,100027,189,99998,189,100032,186,99986,186,100035,186,99984,186,100036,100,99981,100,100045,100,99979,100,100055,200,99960,100,100058,100,99955,100,100060,500,99953,100,100067,100,99946,100,100080,100,99945,100
2019-06-28 09:32:11.821422748,100026,100,99998,189,100027,189,99986,186,100032,186,99984,186,100035,186,99981,100,100036,100,99979,100,100045,100,99960,100,100055,200,99955,100,100058,100,99953,100,100060,500,99946,100,100067,100,99945,100
2019-06-28 09:32:17.396803577,100026,200,99998,189,100027,189,99986,186,100032,186,99984,186,100035,186,99981,100,100036,100,99979,100,100045,100,99960,100,100055,200,99955,100,100058,100,99953,100,100060,500,99946,100,100067,100,99945,100
2019-06-28 09:32:20.000000000,100026,462,99998,362,100027,100,99986,100,100032,100,99984,100,100035,100,99981,100,100036,100,99979,100,100045,100,99960,100,100055,200,99955,100,100058,100,99953,100,100060,500,99946,100,100067,100,99945,100
2019-06-28 09:32:23.544884521,100026,462,99998,362,100027,100,99986,100,100032,100,99984,100,100035,100,99981,100,100036,100,99979,100,100045,100,99960,100,100055,200,99955,100,100058,100,99953,100,100060,500,99946,100,100067,100,99945,100
2019-06-28 09:32:30.000000000,100026,266,99998,166,100027,166,99986,166,100032,166,99984,166,100035,166,99981,166,100036,100,99979,100,100045,100,99960,100,100055,200,99955,100,100058,100,99953,100,100060,500,99946,100,100067,100,99945,100
2019-06-28 09:32:33.692851708,100026,266,99998,166,100027,166,99986,166,100032,166,99984,166,100035,166,99981,166,100036,100,99979,100,100045,100,99960,100,100055,200,99955,100,100058,100,99953,100,100060,400,99946,100,100067,100,99945,100
2019-06-28 09:32:40.000000000,100026,252,99998,152,100027,152,99986,152,100032,152,99984,152,100035,152,99981,152,100036,152,99979,152,100045,100,99960,100,100055,200,99955,100,100058,100,99953,100,100060,400,99946,100,100067,100,99945,100
2019-06-28 09:32:50.000000000,100026,289,99998,189,100027,186,99986,186,100032,186,99984,186,100035,100,99981,100,100036,100,99979,100,100045,100,99960,100,100055,200,99955,100,100058,100,99953,100,100060,400,99946,100,100067,100,99945,100
2019-06-28 09:33:00.000000000,100026,462,99998,362,100027,100,99986,100,100032,100,99984,100,100035,100,99981,100,100036,100,99979,100,100045,100,99960,100,100055,200,99955,100,100058,100,99953,100,100060,400,99946,100,100067,100,99945,100
2019-06-28 09:33:08.749203732,100026,462,99998,362,100027,100,99986,100,100032,100,99984,100,100035,100,99981,100,100036,100,99979,100,100045,100,99960,100,100055,200,99955,100,100058,100,99953,100,100060,400,99946,100,100067,100,99945,100
2019-06-28 09:33:10.000000000,100026,462,99998,362,100027,100,99986,100,100032,100,99984,100,100035,100,99981,100,100036,100,99979,100,100045,100,99960,100,100055,200,99955,100,100058,100,99953,100,100060,400,99946,100,100067,100,99945,100
2019-06-28 09:33:18.334694929,100026,462,99998,262,100027,100,99986,100,100032,100,99984,100,100035,100,99981,100,100036,100,99979,100,100045,100,99960,100,100055,200,99955,100,100058,100,99953,100,100060,400,99946,100,100067,100,99945,100
2019-06-28 09:33:20.000000000,100026,289,99986,189,100027,186,99984,186,100032,186,99981,186,100035,100,99979,100,100036,100,99960,100,100045,100,99955,100,100055,200,99953,100,100058,100,99946,100,100060,400,99945,100,100067,100,99934,100
2019-06-28 09:33:30.000000000,100026,462,99986,362,100027,100,99984,100,100032,100,99981,100,100035,100,99979,100,100036,100,99960,100,100045,100,99955,100,100055,200,99953,100,100058,100,99946,100,100060,400,99945,100,100067,100,99934,100
2019-06-28 09:33:40.000000000,100026,331,99986,231,100027,231,99984,231,100032,100,99981,100,100035,100,99979,100,100036,100,99960,100,100045,100,99955,100,100055,200,99953,100,100058,100,99946,100,100060,400,99945,100,100067,100,99934,100
2019-06-28 09:33:46.860985959,100026,231,99986,231,100027,231,99984,231,100032,100,99981,100,100035,100,99979,100,100036,100,99960,100,100045,100,99955,100,100055,200,99953,100,100058,100,99946,100,100060,400,99945,100,100067,100,99934,100
2019-06-28 09:33:50.000000000,100026,362,99986,362,100027,100,99984,100,100032,100,99981,100,100035,100,99979,100,100036,100,99960,100,100045,100,99955,100,100055,200,99953,100,100058,100,99946,100,100060,400,99945,100,100067,100,99934,100
2019-06-28 09:34:00.000000000,100026,189,99986,189,100027,186,99984,186,100032,186,99981,186,100035,100,99979,100,100036,100,99960,100,100045,100,99955,100,100055,200,99953,100,100058,100,99946,100,100060,400,99945,100,100067,100,99934,100
2019-06-28 09:34:10.000000000,100026,189,99986,189,100027,186,99984,186,100032,186,99981,186,100035,100,99979,100,100036,100,99960,100,100045,100,99955,100,100055,200,99953,100,100058,100,99946,100,100060,400,99945,100,100067,100,99934,100
2019-06-28 09:34:20.000000000,100026,231,99986,231,100027,231,99984,231,100032,100,99981,100,100035,100,99979,100,100036,100,99960,100,100045,100,99955,100,100055,200,99953,100,100058,100,99946,100,100060,400,99945,100,100067,100,99934,100
2019-06-28 09:34:30.000000000,100026,152,99986,152,100027,152,99984,152,100032,152,99981,152,100035,152,99979,152,100036,152,99960,152,100045,100,99955,100,100055,200,99953,100,100058,100,99946,100,100060,400,99945,100,100067,100,99934,100
2019-06-28 09:34:36.510256820,100026,152,99986,52,100027,152,99984,152,100032,152,99981,152,100035,152,99979,152,100036,152,99960,152,100045,100,99955,100,100055,200,99953,100,100058,100,99946,100,100060,400,99945,100,100067,100,99934,100
2019-06-28 09:34:40.000000000,100026,152,99984,152,100027,152,99981,152,100032,152,99979,152,100035,152,99960,152,100036,152,99955,152,100045,100,99953,100,100055,200,99946,100,100058,100,99945,100,100060,400,99934,100,100067,100,99932,100
2019-06-28 09:34:50.000000000,100026,166,99984,166,100027,166,99981,166,100032,166,99979,166,100035,166,99960,166,100036,100,99955,100,100045,100,99953,100,100055,200,99946,100,100058,100,99945,100,100060,400,99934,100,100067,100,99932,100
2019-06-28 09:34:51.602067943,100026,166,99984,66,100027,166,99981,166,100032,166,99979,166,100035,166,99960,166,100036,100,99955,100,100045,100,99953,100,100055,200,99946,100,100058,100,99945,100,100060,400,99934,100,100067,100,99932,100
2019-06-28 09:35:00.000000000,100026,152,99981,152,100027,152,99979,152,100032,152,99960,152,100035,152,99955,152,100036,152,99953,152,100045,100,99946,100,100055,200,99945,100,100058,100,99934,100,100060,400,99932,100,100067,100,99929,400
2019-06-28 09:35:10.000000000,100026,152,99981,152,100027,152,99979,152,100032,152,99960,152,100035,152,99955,152,100036,152,99953,152,100045,100,99946,100,100055,200,99945,100,100058,100,99934,100,100060,400,99932,100,100067,100,99929,400
2019-06-28 09:35:12.919840592,100026,152,99981,52,100027,152,99979,152,100032,152,99960,152,100035,152,99955,152,100036,152,99953,52,100045,100,99946,100,100055,200,99945,100,100058,100,99934,100,100060,400,99932,100,100067,100,99929,400
2019-06-28 09:35:15.611281352,100026,152,99981,52,100027,152,99979,152,100032,152,99960,152,100035,152,99955,152,100036,152,99953,52,100045,100,99946,100,100055,200,99945,100,100058,100,99934,100,100060,400,99932,100,100067,100,99929,400
2019-06-28 09:35:20.000000000,100026,189,99979,189,100027,186,99960,186,100032,186,99955,186,100035,100,99946,100,100036,100,99945,100,100045,100,99934,100,100055,200,99932,100,100058,100,99929,400,100060,400,99920,100,100067,100,99915,100
2019-06-28 09:35:30.000000000,100026,166,99979,166,100027,166,99960,166,100032,166,99955,166,100035,166,99946,166,100036,100,99945,100,100045,100,99934,100,100055,200,99932,100,100058,100,99929,400,100060,400,99920,100,100067,100,99915,100
2019-06-28 09:35:40.000000000,100026,152,99979,152,100027,152,99960,152,100032,152,99955,152,100035,152,99946,152,100036,152,99945,152,100045,100,99934,100,100055,200,99932,100,100058,100,99929,400,100060,400,99920,100,100067,100,99915,100
2019-06-28 09:35:50.000000000,100026,231,99979,231,100027,231,99960,231,100032,100,99955,100,100035,100,99946,100,100036,100,99945,100,100045,100,99934,100,100055,200,99932,100,100058,100,99929,400,100060,400,99920,100,100067,100,99915,100
2019-06-28 09:36:00.000000000,100026,362,99979,362,100027,100,99960,100,100032,100,99955,100,100035,100,99946,100,100036,100,99945,100,100045,100,99934,100,100055,200,99932,100,100058,100,99929,400,100060,400,99920,100,100067,100,99915,100
2019-06-28 09:36:00.570131179,100026,362,99979,362,100027,100,99960,100,100032,100,99955,100,100035,100,99946,100,100036,100,99945,100,100045,100,99934,100,100055,200,99932,100,100058,100,99929,400,100060,400,99920,100,100067,100,99915,100
2019-06-28 09:36:10.000000000,100026,362,99979,362,100027,100,99960,100,100032,100,99955,100,100035,100,99946,100,100036,100,99945,100,100045,100,99934,100,100055,200,99932,100,100058,100,99929,400,100060,400,99920,100,100067,100,99915,100
2019-06-28 09:36:20.000000000,100026,166,99979,166,100027,166,99960,166,100032,166,99955,166,100035,166,99946,166,100036,100,99945,100,100045,100,99934,100,100055,200,99932,100,100058,100,99929,400,100060,400,99920,100,100067,100,99915,100
2019-06-28 09:36:21.898532161,100026,166,99979,166,100027,166,99960,166,100032,166,99955,166,100035,166,99946,166,100036,100,99945,100,100045,100,99934,100,100055,200,99932,100,100058,100,99929,300,100060,400,99920,100,100067,100,99915,100
2019-06-28 09:36:23.533852150,100026,166,99979,66,100027,166,99960,166,100032,166,99955,166,100035,166,99946,166,100036,100,99945,100,100045,100,99934,100,100055,200,99932,100,100058,100,99929,300,100060,400,99920,100,100067,100,99915,100
2019-06-28 09:36:28.574988409,99979,34,99960,166,100026,166,99955,166,100027,166,99946,166,100032,166,99945,100,100035,66,99934,100,100036,100,99932,100,100045,100,99929,300,100055,200,99920,100,100058,100,99915,100,100060,400,99883,100
2019-06-28 09:36:28.898938740,99979,34,99960,166,100026,166,99955,166,100027,166,99946,166,100032,166,99945,100,100035,66,99934,100,100036,100,99932,100,100045,100,99929,300,100055,200,99920,100,100058,100,99915,100,100060,400,99883,100
2019-06-28 09:36:30.000000000,99979,100,99960,166,100026,166,99955,166,100027,166,99946,166,100032,166,99945,166,100036,100,99934,100,100045,100,99932,100,100055,200,99929,300,100058,100,99920,100,100060,400,99915,100,100067,100,99883,100
2019-06-28 09:36:31.622555533,99979,200,99960,166,100026,166,99955,166,100027,166,99946,166,100032,166,99945,166,100036,100,99934,100,100045,100,99932,100,100055,200,99929,200,100058,100,99920,100,100060,400,99915,100,100067,100,99883,100
2019-06-28 09:36:33.497141418,99979,200,99960,66,100026,166,99955,166,100027,166,99946,166,100032,166,99945,166,100036,100,99934,100,100045,100,99932,100,100055,200,99929,200,100058,100,99920,100,100060,400,99915,100,100067,100,99883,100
2019-06-28 09:36:36.730226981,99960,34,99955,166,99979,200,99946,166,100026,166,99945,166,100027,166,99934,100,100032,166,99932,100,100036,100,99929,200,100045,100,99920,100,100055,200,99915,100,100058,100,99883,100,100060,400,99877,100
2019-06-28 09:36:40.000000000,99960,100,99955,166,99979,200,99946,166,100026,166,99945,166,100027,166,99934,166,100032,100,99932,100,100036,100,99929,200,100045,100,99920,100,100055,200,99915,100,100058,100,99883,100,100060,400,99877,100
2019-06-28 09:36:47.143345264,99960,100,99955,166,99979,200,99946,166,100026,166,99945,166,100027,166,99934,166,100032,100,99932,100,100036,100,99929,200,100045,100,99920,100,100055,200,99915,100,100058,100,99883,100,100060,400,99877,100
2019-06-28 09:36:50.000000000,99960,296,99955,362,99979,134,99946,100,100026,100,99945,100,100027,100,99934,100,100032,100,99932,100,100036,100,99929,200,100045,100,99920,100,100055,200,99915,100,100058,100,99883,100,100060,400,99877,100
2019-06-28 09:37:00.000000000,99960,296,99955,362,99979,134,99946,100,100026,100,99945,100,100027,100,99934,100,100032,100,99932,100,100036,100,99929,200,100045,100,99920,100,100055,200,99915,100,100058,100,99883,100,100060,400,99877,100
2019-06-28 09:37:10.000000000,99960,165,99955,231,99979,265,99946,231,100026,100,99945,100,100027,100,99934,100,100032,100,99932,100,100036,100,99929,200,100045,100,99920,100,100055,200,99915,100,100058,100,99883,100,100060,400,99877,100
2019-06-28 09:37:18.170463082,99960,265,99955,231,99979,265,99946,231,100026,100,99945,100,100027,100,99934,100,100032,100,99932,100,100036,100,99929,200,100045,100,99920,100,100055,200,99915,100,100058,100,99883,100,100060,300,99877,100
2019-06-28 09:37:19.694951002,99960,365,99955,231,99979,265,99946,231,100026,100,99945,100,100027,100,99934,100,100032,100,99932,100,100036,100,99929,200,100045,100,99920,100,100055,200,99915,100,100058,100,99883,100,100060,300,99877,100
2019-06-28 09:37:20.000000000,99960,496,99955,362,99979,134,99946,100,100026,100,99945,100,100027,100,99934,100,100032,100,99932,100,100036,100,99929,200,100045,100,99920,100,100055,200,99915,100,100058,100,99883,100,100060,300,99877,100
2019-06-28 09:37:30.000000000,99960,323,99955,189,99979,220,99946,186,100026,186,99945,186,100027,100,99934,100,100032,100,99932,100,100036,100,99929,200,100045,100,99920,100,100055,200,99915,100,100058,100,99883,100,100060,300,99877,100
2019-06-28 09:37:33.170890602,99960,423,99955,189,99979,220,99946,186,100026,186,99945,186,100027,100,99934,100,100032,100,99932,100,100036,100,99929,100,100045,100,99920,100,100055,200,99915,100,100058,100,99883,100,100060,300,99877,100
2019-06-28 09:37:40.000000000,99960,400,99955,166,99979,200,99946,166,100026,166,99945,166,100027,166,99934,166,100032,100,99932,100,100036,100,99929,100,100045,100,99920,100,100055,200,99915,100,100058,100,99883,100,100060,300,99877,100
2019-06-28 09:37:45.218307629,99960,300,99955,166,99979,200,99946,166,100026,166,99945,166,100027,166,99934,166,100032,100,99932,100,100036,100,99929,100,100045,100,99920,100,100055,200,99915,100,100058,100,99883,100,100060,300,99877,100
2019-06-28 09:37:45.912794927,99960,300,99955,166,99979,200,99946,166,100026,166,99945,166,100027,166,99934,166,100032,100,99932,100,100036,100,99929,100,100045,100,99920,100,100055,200,99915,100,100058,100,99883,100,100060,300,99877,100
2019-06-28 09:37:50.000000000,99960,286,99955,152,99979,186,99946,152,100026,152,99945,152,100027,152,99934,152,100032,152,99932,152,100036,100,99929,100,100045,100,99920,100,100055,200,99915,100,100058,100,99883,100,100060,300,99877,100
2019-06-28 09:37:53.493900309,99960,286,99955,152,99979,186,99946,152,100026,152,99945,152,100027,152,99934,152,100032,152,99932,152,100036,100,99929,100,100045,100,99920,100,100055,200,99915,100,100058,100,99883,100,100060,300,99877,100
2019-06-28 09:38:00.000000000,99960,286,99955,152,99979,186,99946,152,100026,152,99945,152,100027,152,99934,152,100032,152,99932,152,100036,100,99929,100,100045,100,99920,100,100055,200,99915,100,100058,100,99883,100,100060,300,99877,100
2019-06-28 09:38:08.073043554,99960,386,99955,152,99979,186,99946,152,100026,152,99945,152,100027,152,99934,152,100032,152,99932,152,100036,100,99929,100,100045,100,99920,100,100055,200,99915,100,100058,100,99883,100,100060,200,99877,100
2019-06-28 09:38:10.000000000,99960,386,99955,152,99979,186,99946,152,100026,152,99945,152,100027,152,99934,152,100032,152,99932,152,100036,100,99929,100,100045,100,99920,100,100055,200,99915,100,100058,100,99883,100,100060,200,99877,100
2019-06-28 09:38:20.000000000,99960,386,99955,152,99979,186,99946,152,100026,152,99945,152,100027,152,99934,152,100032,152,99932,152,100036,100,99929,100,100045,100,99920,100,100055,200,99915,100,100058,100,99883,100,100060,200,99877,100
2019-06-28 09:38:30.000000000,99960,386,99955,152,99979,186,99946,152,100026,152,99945,152,100027,152,99934,152,100032,152,99932,152,100036,100,99929,100,100045,100,99920,100,100055,200,99915,100,100058,100,99883,100,100060,200,99877,100
2019-06-28 09:38:35.003030752,99960,386,99955,52,99979,186,99946,152,100026,152,99945,152,100027,152,99934,152,100032,152,99932,152,100036,100,99929,100,100045,100,99920,100,100055,200,99915,100,100058,100,99877,100,100060,200,99868,100
2019-06-28 09:38:40.000000000,99960,400,99946,166,99979,200,99945,166,100026,166,99934,166,100027,166,99932,166,100032,100,99929,100,100036,100,99920,100,100045,100,99915,100,100055,200,99877,100,100058,100,99868,100,100060,200,99848,100
2019-06-28 09:38:50.000000000,99960,386,99946,152,99979,186,99945,152,100026,152,99934,152,100027,152,99932,152,100032,152,99929,152,100036,100,99920,100,100045,100,99915,100,100055,200,99877,100,100058,100,99868,100,100060,200,99848,100
2019-06-28 09:38:53.245228701,99960,386,99946,152,99979,186,99945,152,100026,152,99934,152,100027,152,99932,152,100032,152,99929,152,100036,100,99920,100,100045,100,99915,100,100055,200,99877,100,100058,100,99868,100,100060,200,99848,100
2019-06-28 09:39:00.000000000,99960,423,99946,189,99979,220,99945,186,100026,186,99934,186,100027,100,99932,100,100032,100,99929,100,100036,100,99920,100,100045,100,99915,100,100055,200,99877,100,100058,100,99868,100,100060,200,99848,100
2019-06-28 09:39:10.000000000,99960,465,99946,231,99979,265,99945,231,100026,100,99934,100,100027,100,99932,100,100032,100,99929,100,100036,100,99920,100,100045,100,99915,100,100055,200,99877,100,100058,100,99868,100,100060,200,99848,100
2019-06-28 09:39:11.386351678,99960,465,99946,231,99979,265,99945,231,100026,100,99934,100,100027,100,99932,100,100032,100,99929,100,100036,100,99920,100,100045,100,99915,100,100055,200,99877,100,100058,100,99868,100,100060,200,99848,100
2019-06-28 09:39:20.000000000,99960,423,99946,189,99979,220,99945,186,100026,186,99934,186,100027,100,99932,100,100032,100,99929,100,100036,100,99920,100,100045,100,99915,100,100055,200,99877,100,100058,100,99868,100,100060,200,99848,100
2019-06-28 09:39:30.000000000,99960,596,99946,362,99979,134,99945,100,100026,100,99934,100,100027,100,99932,100,100032,100,99929,100,100036,100,99920,100,100045,100,99915,100,100055,200,99877,100,100058,100,99868,100,100060,200,99848,100
2019-06-28 09:39:37.215150688,99959,100,99946,362,99960,596,99945,100,99979,134,99934,100,100026,100,99932,100,100027,100,99929,100,100032,100,99920,100,100036,100,99915,100,100045,100,99877,100,100055,200,99868,100,100058,100,99848,100
2019-06-28 09:39:40.000000000,99959,189,99946,189,99960,420,99945,186,99979,220,99934,186,100026,100,99932,100,100027,100,99929,100,100032,100,99920,100,100036,100,99915,100,100045,100,99877,100,100055,200,99868,100,100058,100,99848,100
2019-06-28 09:39:50.000000000,99959,189,99946,189,99960,420,99945,186,99979,220,99934,186,100026,100,99932,100,100027,100,99929,100,100032,100,99920,100,100036,100,99915,100,100045,100,99877,100,100055,200,99868,100,100058,100,99848,100
2019-06-28 09:39:57.898675262,99959,189,99946,189,99960,420,99945,186,99979,220,99934,186,100026,100,99932,100,100027,100,99929,100,100032,100,99920,100,100036,100,99915,100,100045,100,99877,100,100055,200,99868,100,100058,100,99848,100
2019-06-28 09:40:00.000000000,99959,152,99946,152,99960,386,99945,152,99979,186,99934,152,100026,152,99932,152,100027,152,99929,152,100032,100,99920,100,100036,100,99915,100,100045,100,99877,100,100055,200,99868,100,100058,100,99848,100
2019-06-28 09:40:04.613422191,99959,152,99946,52,99960,386,99945,152,99979,186,99934,152,100026,152,99932,152,100027,152,99929,152,100032,100,99920,100,100036,100,99915,100,100045,100,99877,100,100055,200,99868,100,100058,100,99848,100
2019-06-28 09:40:10.000000000,99959,231,99945,231,99960,465,99934,231,99979,134,99932,100,100026,100,99929,100,100027,100,99920,100,100032,100,99915,100,100036,100,99877,100,100045,100,99868,100,100055,200,99848,100,100058,100,99775,100
2019-06-28 09:40:17.126827868,99955,100,99945,231,99959,131,99934,231,99960,465,99932,100,99979,134,99929,100,100026,100,99920,100,100027,100,99915,100,100032,100,99877,100,100036,100,99868,100,100045,100,99848,100,100055,200,99775,100
2019-06-28 09:40:20.000000000,99955,362,99945,362,99960,334,99934,100,99979,134,99932,100,100026,100,99929,100,100027,100,99920,100,100032,100,99915,100,100036,100,99877,100,100045,100,99868,100,100055,200,99848,100,100058,100,99775,100
2019-06-28 09:40:22.118461067,99955,362,99945,262,99960,334,99934,100,99979,134,99932,100,100026,100,99929,100,100027,100,99920,100,100032,100,99915,100,100036,100,99877,100,100045,100,99868,100,100055,200,99848,100,100058,100,99775,100
2019-06-28 09:40:25.380843557,99955,362,99945,162,99960,334,99934,100,99979,134,99932,100,100026,100,99929,100,100027,100,99920,100,100032,100,99877,100,100036,100,99868,100,100045,100,99848,100,100055,200,99775,100,100058,100,99669,100
2019-06-28 09:40:30.000000000,99955,231,99934,231,99960,465,99932,231,99979,134,99929,100,100026,100,99920,100,100027,100,99877,100,100032,100,99868,100,100036,100,99848,100,100045,100,99775,100,100055,200,99669,100,100058,100,99498,100
2019-06-28 09:40:40.000000000,99955,152,99934,152,99960,386,99932,152,99979,186,99929,152,100026,152,99920,152,100027,152,99877,152,100032,100,99868,100,100036,100,99848,100,100045,100,99775,100,100055,200,99669,100,100058,100,99498,100
2019-06-28 09:40:50.000000000,99955,231,99934,231,99960,465,99932,231,99979,134,99929,100,100026,100,99920,100,100027,100,99877,100,100032,100,99868,100,100036,100,99848,100,100045,100,99775,100,100055,200,99669,100,100058,100,99498,100
2019-06-28 09:40:57.014731006,99955,231,99934,231,99960,365,99932,231,99979,134,99929,100,100026,100,99920,100,100027,100,99877,100,100032,100,99868,100,100036,100,99848,100,100045,100,99775,100,100055,200,99669,100,100058,100,99498,100
2019-06-28 09:41:00.000000000,99955,166,99934,166,99960,300,99932,166,99979,200,99929,166,100026,166,99920,166,100027,100,99877,100,100032,100,99868,100,100036,100,99848,100,100045,100,99775,100,100055,200,99669,100,100058,100,99498,100
2019-06-28 09:41:10.000000000,99955,231,99934,231,99960,365,99932,231,99979,134,99929,100,100026,100,99920,100,100027,100,99877,100,100032,100,99868,100,100036,100,99848,100,100045,100,99775,100,100055,200,99669,100,100058,100,99498,100
2019-06-28 09:41:20.000000000,99955,362,99934,362,99960,234,99932,100,99979,134,99929,100,100026,100,99920,100,100027,100,99877,100,100032,100,99868,100,100036,100,99848,100,100045,100,99775,100,100055,200,99669,100,100058,100,99498,100
2019-06-28 09:41:30.000000000,99955,189,99934,189,99960,320,99932,186,99979,220,99929,186,100026,100,99920,100,100027,100,99877,100,100032,100,99868,100,100036,100,99848,100,100045,100,99775,100,100055,200,99669,100,100058,100,99498,100
2019-06-28 09:41:40.000000000,99955,231,99934,231,99960,365,99932,231,99979,134,99929,100,100026,100,99920,100,100027,100,99877,100,100032,100,99868,100,100036,100,99848,100,100045,100,99775,100,100055,200,99669,100,100058,100,99498,100
2019-06-28 09:41:50.000000000,99955,231,99934,231,99960,365,99932,231,99979,134,99929,100,100026,100,99920,100,100027,100,99877,100,100032,100,99868,100,100036,100,99848,100,100045,100,99775,100,100055,200,99669,100,100058,100,99498,100
2019-06-28 09:41:53.431215423,99955,231,99934,131,99960,365,99932,231,99979,134,99929,100,100026,100,99920,100,100027,100,99877,100,100032,100,99868,100,100036,100,99848,100,100045,100,99775,100,100055,200,99669,100,100058,100,99498,100
2019-06-28 09:41:56.935957536,99955,231,99934,31,99960,365,99932,231,99979,134,99929,100,100026,100,99920,100,100027,100,99877,100,100036,100,99868,100,100045,100,99848,100,100055,200,99775,100,100058,100,99669,100,100060,200,99498,100
2019-06-28 09:42:00.000000000,99955,362,99932,362,99960,234,99929,100,99979,134,99920,100,100026,100,99877,100,100027,100,99868,100,100036,100,99848,100,100045,100,99775,100,100055,200,99669,100,100058,100,99498,100,100060,200,99409,100
2019-06-28 09:42:10.000000000,99955,231,99932,231,99960,365,99929,231,99979,134,99920,100,100026,100,99877,100,100027,100,99868,100,100036,100,99848,100,100045,100,99775,100,100055,200,99669,100,100058,100,99498,100,100060,200,99409,100
2019-06-28 09:42:15.593813606,99955,231,99932,131,99960,365,99929,231,99979,134,99920,100,100026,100,99877,100,100027,100,99868,100,100036,100,99848,100,100045,100,99775,100,100055,200,99669,100,100058,100,99498,100,100060,200,99409,100
2019-06-28 09:42:15.844165336,99955,231,99932,131,99960,365,99929,231,99979,134,99920,100,100026,100,99877,100,100027,100,99868,100,100045,100,99848,100,100055,200,99775,100,100058,100,99669,100,100060,200,99498,100,100067,100,99409,100
2019-06-28 09:42:20.000000000,99955,231,99929,231,99960,365,99920,231,99979,134,99877,100,100026,100,99868,100,100027,100,99848,100,100045,100,99775,100,100055,200,99669,100,100058,100,99498,100,100060,200,99409,100,100067,100,99187,100
2019-06-28 09:42:30.000000000,99955,152,99929,152,99960,286,99920,152,99979,186,99877,152,100026,152,99868,152,100027,152,99848,152,100045,100,99775,100,100055,200,99669,100,100058,100,99498,100,100060,200,99409,100,100067,100,99187,100
2019-06-28 09:42:36.704408622,99955,152,99929,152,99960,286,99920,152,99979,186,99877,152,100026,152,99868,152,100027,152,99848,152,100045,100,99775,100,100055,200,99669,100,100058,100,99498,100,100060,200,99409,100,100067,100,99187,100
2019-06-28 09:42:40.000000000,99955,189,99929,189,99960,320,99920,186,99979,220,99877,186,100026,100,99868,100,100027,100,99848,100,100045,100,99775,100,100055,200,99669,100,100058,100,99498,100,100060,200,99409,100,100067,100,99187,100
2019-06-28 09:42:50.000000000,99955,166,99929,166,99960,300,99920,166,99979,200,99877,166,100026,166,99868,166,100027,100,99848,100,100045,100,99775,100,100055,200,99669,100,100058,100,99498,100,100060,200,99409,100,100067,100,99187,100
2019-06-28 09:42:55.365031883,99934,100,99929,166,99955,166,99920,166,99960,300,99877,166,99979,200,99868,166,100026,166,99848,100,100027,100,99775,100,100045,100,99669,100,100055,200,99498,100,100058,100,99409,100,100060,200,99187,100
2019-06-28 09:43:00.000000000,99934,231,99929,231,99955,231,99920,231,99960,234,99877,100,99979,134,99868,100,100026,100,99848,100,100027,100,99775,100,100045,100,99669,100,100055,200,99498,100,100058,100,99409,100,100060,200,99187,100
2019-06-28 09:43:10.000000000,99934,231,99929,231,99955,231,99920,231,99960,234,99877,100,99979,134,99868,100,100026,100,99848,100,100027,100,99775,100,100045,100,99669,100,100055,200,99498,100,100058,100,99409,100,100060,200,99187,100
2019-06-28 09:43:14.645437344,99934,231,99929,231,99955,231,99920,231,99960,234,99877,100,99979,134,99868,100,100026,100,99848,100,100027,100,99775,100,100045,100,99669,100,100055,200,99498,100,100058,100,99409,100,100060,200,99187,100
2019-06-28 09:43:20.000000000,99934,231,99929,231,99955,231,99920,231,99960,234,99877,100,99979,134,99868,100,100026,100,99848,100,100027,100,99775,100,100045,100,99669,100,100055,200,99498,100,100058,100,99409,100,100060,200,99187,100
2019-06-28 09:43:30.000000000,99934,189,99929,189,99955,186,99920,186,99960,320,99877,186,99979,134,99868,100,100026,100,99848,100,100027,100,99775,100,100045,100,99669,100,100055,200,99498,100,100058,100,99409,100,100060,200,99187,100
2019-06-28 09:43:40.000000000,99934,231,99929,231,99955,231,99920,231,99960,234,99877,100,99979,134,99868,100,100026,100,99848,100,100027,100,99775,100,100045,100,99669,100,100055,200,99498,100,100058,100,99409,100,100060,200,99187,100
2019-06-28 09:43:48.287703030,99934,231,99929,131,99955,231,99920,231,99960,234,99877,100,99979,134,99868,100,100026,100,99848,100,100027,100,99775,100,100045,100,99669,100,100055,200,99498,100,100058,100,99409,100,100060,200,99187,100
2019-06-28 09:43:50.000000000,99934,189,99920,189,99955,186,99877,186,99960,320,99868,186,99979,134,99848,100,100026,100,99775,100,100027,100,99669,100,100045,100,99498,100,100055,200,99409,100,100058,100,99187,100,100060,200,98814,100
2019-06-28 09:43:51.233698130,99934,189,99920,89,99955,186,99877,186,99960,320,99868,186,99979,134,99848,100,100026,100,99775,100,100027,100,99669,100,100045,100,99498,100,100055,200,99409,100,100058,100,99187,100,100060,200,98814,100
2019-06-28 09:44:00.000000000,99934,166,99877,166,99955,166,99868,166,99960,300,99848,166,99979,200,99775,166,100026,100,99669,100,100027,100,99498,100,100045,100,99409,100,100055,200,99187,100,100058,100,98814,100,100060,200,98757,100
2019-06-28 09:44:10.000000000,99934,362,99877,362,99955,100,99868,100,99960,234,99848,100,99979,134,99775,100,100026,100,99669,100,100027,100,99498,100,100045,100,99409,100,100055,200,99187,100,100058,100,98814,100,100060,200,98757,100
2019-06-28 09:44:10.042425663,99934,362,99877,362,99955,100,99868,100,99960,200,99848,100,99979,134,99775,100,100026,100,99669,100,100027,100,99498,100,100045,100,99409,100,100055,200,99187,100,100058,100,98814,100,100060,200,98757,100
2019-06-28 09:44:20.000000000,99934,362,99877,362,99955,100,99868,100,99960,200,99848,100,99979,134,99775,100,100026,100,99669,100,100027,100,99498,100,100045,100,99409,100,100055,200,99187,100,100058,100,98814,100,100060,200,98757,100
2019-06-28 09:44:20.983674583,99934,362,99877,362,99955,100,99868,100,99960,200,99848,100,99979,134,99775,100,100026,100,99669,100,100027,100,99498,100,100045,100,99409,100,100055,200,99187,100,100058,100,98886,100,100060,200,98814,100
2019-06-28 09:44:30.000000000,99934,152,99877,152,99955,152,99868,152,99960,252,99848,152,99979,186,99775,152,100026,152,99669,152,100027,100,99498,100,100045,100,99409,100,100055,200,99187,100,100058,100,98886,100,100060,200,98814,100
2019-06-28 09:44:40.000000000,99934,189,99877,189,99955,186,99868,186,99960,286,99848,186,99979,134,99775,100,100026,100,99669,100,100027,100,99498,100,100045,100,99409,100,100055,200,99187,100,100058,100,98886,100,100060,200,98814,100
2019-06-28 09:44:50.000000000,99934,231,99877,231,99955,231,99868,231,99960,200,99848,100,99979,134,99775,100,100026,100,99669,100,100027,100,99498,100,100045,100,99409,100,100055,200,99187,100,100058,100,98886,100,100060,200,98814,100
2019-06-28 09:44:57.849617536,99929,100,99877,231,99934,231,99868,231,99955,231,99848,100,99960,200,99775,100,99979,134,99669,100,100026,100,99498,100,100027,100,99409,100,100045,100,99187,100,100055,200,98886,100,100058,100,98814,100
2019-06-28 09:45:00.000000000,99929,362,99877,362,99934,100,99868,100,99955,100,99848,100,99960,200,99775,100,99979,134,99669,100,100026,100,99498,100,100027,100,99409,100,100045,100,99187,100,100055,200,98886,100,100058,100,98814,100
2019-06-28 09:45:00.244652620,99929,362,99877,262,99934,100,99868,100,99955,100,99848,100,99960,200,99775,100,99979,134,99669,100,100026,100,99498,100,100027,100,99409,100,100055,200,99187,100,100058,100,98886,100,100060,200,98814,100
2019-06-28 09:45:02.319397752,99929,362,99877,162,99934,100,99868,100,99955,100,99848,100,99960,200,99775,100,99979,134,99669,100,100026,100,99498,100,100027,100,99409,100,100055,200,99187,100,100058,100,98886,100,100060,200,98757,100
2019-06-28 09:45:05.685408321,99929,362,99877,62,99934,100,99868,100,99955,100,99848,100,99960,200,99775,100,99979,134,99669,100,100026,100,99498,100,100027,100,99409,100,100055,200,99187,100,100058,100,98886,100,100060,200,98757,100
2019-06-28 09:45:10.000000000,99929,166,99868,166,99934,166,99848,166,99955,166,99775,166,99960,266,99669,166,99979,134,99498,100,100026,100,99409,100,100027,100,99187,100,100055,200,98886,100,100058,100,98757,100,100060,200,98714,100
2019-06-28 09:45:10.941132593,99929,166,99868,66,99934,166,99848,166,99955,166,99775,66,99960,266,99669,166,99979,134,99498,100,100026,100,99409,100,100027,100,99187,100,100055,200,98886,100,100058,100,98757,100,100060,200,98714,100
2019-06-28 09:45:20.000000000,99929,231,99848,231,99934,231,99669,231,99955,100,99498,100,99960,200,99409,100,99979,134,99187,100,100026,100,98886,100,100027,100,98757,100,100055,200,98714,100,100058,100,98700,100,100060,200,98541,100
2019-06-28 09:45:29.463162012,99929,231,99848,131,99934,231,99669,231,99955,100,99498,100,99960,200,99409,100,99979,134,99187,100,100026,100,98886,100,100027,100,98757,100,100055,200,98714,100,100058,100,98700,100,100060,200,98541,100
2019-06-28 09:45:30.000000000,99929,362,99669,362,99934,100,99498,100,99955,100,99409,100,99960,200,99187,100,99979,134,98886,100,100026,100,98757,100,100027,100,98714,100,100055,200,98700,100,100058,100,98541,100,100060,200,,
2019-06-28 09:45:40.000000000,99929,362,99669,362,99934,100,99498,100,99955,100,99409,100,99960,200,99187,100,99979,134,98886,100,100026,100,98757,100,100027,100,98714,100,100055,200,98700,100,100058,100,98541,100,100060,200,,
2019-06-28 09:45:50.000000000,99929,152,99669,152,99934,152,99498,152,99955,152,99409,152,99960,252,99187,152,99979,186,98886,152,100026,100,98757,100,100027,100,98714,100,100055,200,98700,100,100058,100,98541,100,100060,200,,
2019-06-28 09:45:57.948728402,99929,152,99782,100,99934,152,99669,152,99955,152,99498,152,99960,252,99409,152,99979,186,99187,152,100026,100,98886,152,100027,100,98757,100,100055,200,98714,100,100058,100,98700,100,100060,200,98541,100
2019-06-28 09:46:00.000000000,99929,231,99782,231,99934,231,99669,231,99955,100,99498,100,99960,200,99409,100,99979,134,99187,100,100026,100,98886,100,100027,100,98757,100,100055,200,98714,100,100058,100,98700,100,100060,200,98541,100
2019-06-28 09:46:10.000000000,99929,362,99782,362,99934,100,99669,100,99955,100,99498,100,99960,200,99409,100,99979,134,99187,100,100026,100,98886,100,100027,100,98757,100,100055,200,98714,100,100058,100,98700,100,100060,200,98541,100
2019-06-28 09:46:17.535570260,99917,100,99782,362,99929,362,99669,100,99934,100,99498,100,99955,100,99409,100,99960,200,99187,100,99979,134,98886,100,100026,100,98757,100,100027,100,98714,100,100055,200,98700,100,100058,100,98541,100
2019-06-28 09:46:20.000000000,99917,231,99782,231,99929,231,99669,231,99934,100,99498,100,99955,100,99409,100,99960,200,99187,100,99979,134,98886,100,100026,100,98757,100,100027,100,98714,100,100055,200,98700,100,100058,100,98541,100
2019-06-28 09:46:20.521607510,99868,100,99782,231,99917,231,99669,231,99929,231,99498,100,99934,100,99409,100,99955,100,99187,100,99960,200,98886,100,99979,134,98757,100,100026,100,98714,100,100055,200,98700,100,100058,100,98541,100
2019-06-28 09:46:30.000000000,99868,362,99782,362,99917,100,99669,100,99929,100,99498,100,99934,100,99409,100,99955,100,99187,100,99960,200,98886,100,99979,134,98757,100,100026,100,98714,100,100055,200,98700,100,100058,100,98541,100
2019-06-28 09:46:33.534650500,99868,362,99782,262,99917,100,99669,100,99929,100,99498,100,99934,100,99409,100,99955,100,99187,100,99960,200,98886,100,99979,134,98757,100,100026,100,98714,100,100055,200,98700,100,100058,100,98541,100
2019-06-28 09:46:40.000000000,99868,189,99669,189,99917,186,99498,186,99929,186,99409,186,99934,100,99187,100,99955,100,98886,100,99960,200,98757,100,99979,134,98714,100,100026,100,98700,100,100055,200,98541,100,100058,100,,
2019-06-28 09:46:47.098099333,99868,189,99669,189,99917,186,99498,186,99929,186,99475,100,99934,100,99409,186,99955,100,99187,100,99960,200,98886,100,99979,134,98757,100,100026,100,98714,100,100055,200,98700,100,100058,100,98541,100
2019-06-28 09:46:50.000000000,99868,362,99669,362,99917,100,99498,100,99929,100,99475,100,99934,100,99409,100,99955,100,99187,100,99960,200,98886,100,99979,134,98757,100,100026,100,98714,100,100055,200,98700,100,100058,100,98541,100
2019-06-28 09:47:00.000000000,99868,166,99669,166,99917,166,99498,166,99929,166,99475,166,99934,166,99409,166,99955,100,99187,100,99960,200,98886,100,99979,134,98757,100,100026,100,98714,100,100055,200,98700,100,100058,100,98541,100
2019-06-28 09:47:00.238535123,99868,166,99669,66,99917,166,99498,166,99929,166,99475,166,99934,166,99409,166,99955,100,99187,100,99960,200,98886,100,99979,134,98757,100,100026,100,98714,100,100055,200,98700,100,100058,100,98541,100
2019-06-28 09:47:00.944496785,99782,100,99669,66,99868,166,99498,166,99917,166,99475,166,99929,166,99409,166,99934,166,99187,100,99955,100,98886,100,99960,200,98757,100,99979,134,98714,100,100026,100,98700,100,100055,200,98541,100
2019-06-28 09:47:10.000000000,99782,362,99498,362,99868,100,99475,100,99917,100,99409,100,99929,100,99187,100,99934,100,98886,100,99955,100,98757,100,99960,200,98714,100,99979,134,98700,100,100026,100,98541,100,100055,200,,
2019-06-28 09:47:20.000000000,99782,166,99498,166,99868,166,99475,166,99917,166,99409,166,99929,166,99187,166,99934,100,98886,100,99955,100,98757,100,99960,200,98714,100,99979,134,98700,100,100026,100,98541,100,100055,200,,
2019-06-28 09:47:30.000000000,99782,166,99498,166,99868,166,99475,166,99917,166,99409,166,99929,166,99187,166,99934,100,98886,100,99955,100,98757,100,99960,200,98714,100,99979,134,98700,100,100026,100,98541,100,100055,200,,
2019-06-28 09:47:33.867183943,99782,166,99498,166,99868,166,99475,166,99917,166,99409,166,99929,166,99187,166,99934,100,98886,100,99955,100,98757,100,99960,200,98714,100,99979,134,98700,100,100026,100,98541,100,100055,200,,
2019-06-28 09:47:34.499752965,99782,166,99498,66,99868,166,99475,166,99917,166,99409,66,99929,166,99187,166,99934,100,98886,100,99955,100,98757,100,99960,200,98714,100,99979,134,98700,100,100026,100,98541,100,100055,200,,
2019-06-28 09:47:39.161367207,99498,34,99475,166,99782,166,99409,66,99868,166,99187,166,99917,166,98886,100,99929,166,98757,100,99934,100,98714,100,99955,100,98700,100,99960,200,98541,100,99979,134,,,100026,100,,
2019-06-28 09:47:39.568561441,99498,34,99475,66,99782,166,99409,66,99868,166,99187,166,99917,166,98886,100,99929,166,98757,100,99934,100,98714,100,99955,100,98541,100,99960,200,,,99979,134,,,100026,100,,
2019-06-28 09:47:40.000000000,99498,86,99187,152,99782,152,98886,152,99868,152,98757,152,99917,152,98714,152,99929,152,98541,152,99934,100,,,99955,100,,,99960,200,,,99979,134,,,100026,100,,
2019-06-28 09:47:44.555431127,99498,86,99187,52,99782,152,98886,152,99868,152,98757,152,99917,152,98714,152,99929,152,98541,152,99934,100,,,99955,100,,,99960,200,,,99979,134,,,100026,100,,
2019-06-28 09:47:50.000000000,99498,100,98886,166,99782,166,98757,166,99868,166,98714,166,99917,166,98541,166,99929,100,,,99934,100,,,99955,100,,,99960,200,,,99979,134,,,100026,100,,
2019-06-28 09:48:00.000000000,99498,100,98886,166,99782,166,98757,166,99868,166,98714,166,99917,166,98541,166,99929,100,,,99934,100,,,99955,100,,,99960,200,,,99979,134,,,100026,100,,
2019-06-28 09:48:10.000000000,99498,100,98886,166,99782,166,98757,166,99868,166,98714,166,99917,166,98541,166,99929,100,,,99934,100,,,99955,100,,,99960,200,,,99979,134,,,100026,100,,
2019-06-28 09:48:12.332549139,99498,100,99178,100,99782,166,98886,166,99868,166,98757,166,99917,166,98714,166,99929,100,98541,66,99934,100,,,99955,100,,,99960,200,,,99979,134,,,100026,100,,
2019-06-28 09:48:14.166394356,99498,100,99178,100,99782,166,98886,166,99868,166,98860,100,99917,166,98757,166,99929,100,98714,166,99934,100,98541,66,99955,100,,,99960,200,,,99979,134,,,100026,100,,
2019-06-28 09:48:19.698642387,99498,100,99223,100,99782,166,99178,100,99868,166,98886,166,99917,166,98860,100,99929,100,98757,166,99934,100,98714,166,99955,100,98541,66,99960,200,,,99979,134,,,100026,100,,
2019-06-28 09:48:20.000000000,99498,296,99223,362,99782,100,99178,100,99868,100,98886,100,99917,100,98860,100,99929,100,98757,100,99934,100,98714,100,99955,100,,,99960,200,,,99979,134,,,100026,100,,
2019-06-28 09:48:30.000000000,99498,86,99223,152,99782,152,99178,152,99868,152,98886,152,99917,152,98860,152,99929,152,98757,152,99934,100,98714,100,99955,100,,,99960,200,,,99979,134,,,100026,100,,
2019-06-28 09:48:40.000000000,99498,296,99223,362,99782,100,99178,100,99868,100,98886,100,99917,100,98860,100,99929,100,98757,100,99934,100,98714,100,99955,100,,,99960,200,,,99979,134,,,100026,100,,
2019-06-28 09:48:50.000000000,99498,100,99223,166,99782,166,99178,166,99868,166,98886,166,99917,166,98860,166,99929,100,98757,100,99934,100,98714,100,99955,100,,,99960,200,,,99979,134,,,100026,100,,
2019-06-28 09:48:59.168500233,99498,100,99223,66,99782,166,99178,166,99868,166,98886,166,99917,166,98860,166,99929,100,98757,100,99934,100,98714,100,99955,100,,,99960,200,,,99979,134,,,100026,100,,
2019-06-28 09:49:00.000000000,99498,165,99178,231,99782,231,98886,231,99868,100,98860,100,99917,100,98757,100,99929,100,98714,100,99934,100,,,99955,100,,,99960,200,,,99979,134,,,100026,100,,
2019-06-28 09:49:10.000000000,99498,86,99178,152,99782,152,98886,152,99868,152,98860,152,99917,152,98757,152,99929,152,98714,152,99934,100,,,99955,100,,,99960,200,,,99979,134,,,100026,100,,
2019-06-28 09:49:11.291630436,99498,86,99178,52,99782,152,98886,152,99868,152,98860,152,99917,152,98757,152,99929,152,98714,152,99934,100,,,99955,100,,,99960,200,,,99979,134,,,100026,100,,
2019-06-28 09:49:17.744251817,99178,48,98886,52,99498,86,98860,152,99782,152,98757,152,99868,152,98714,152,99917,152,,,99929,152,,,99934,100,,,99955,100,,,99960,200,,,99979,134,,
2019-06-28 09:49:20.000000000,99178,179,98860,231,99498,165,98757,231,99782,100,98714,100,99868,100,,,99917,100,,,99929,100,,,99934,100,,,99955,100,,,99960,200,,,99979,134,,
2019-06-28 09:49:26.411271866,99178,179,98860,231,99498,165,98779,100,99782,100,98757,231,99868,100,98714,100,99917,100,,,99929,100,,,99934,100,,,99955,100,,,99960,200,,,99979,134,,
2019-06-28 09:49:30.000000000,99178,310,98860,362,99498,34,98779,100,99782,100,98757,100,99868,100,98714,100,99917,100,,,99929,100,,,99934,100,,,99955,100,,,99960,200,,,99979,134,,
2019-06-28 09:49:40.000000000,99178,137,98860,189,99498,120,98779,186,99782,186,98757,186,99868,100,98714,100,99917,100,,,99929,100,,,99934,100,,,99955,100,,,99960,200,,,99979,134,,
2019-06-28 09:49:50.000000000,99178,100,98860,152,99498,86,98779,152,99782,152,98757,152,99868,152,98714,152,99917,152,98713,52,99929,100,,,99934,100,,,99955,100,,,99960,200,,,99979,134,,
2019-06-28 09:49:55.904581826,99178,100,98860,52,99498,86,98779,152,99782,152,98757,152,99868,152,98714,152,99917,152,98713,52,99929,100,,,99934,100,,,99955,100,,,99960,200,,,99979,134,,
2019-06-28 09:50:00.000000000,99178,137,98779,189,99498,120,98757,186,99782,186,98714,186,99868,100,,,99917,100,,,99929,100,,,99934,100,,,99955,100,,,99960,200,,,99979,134,,
2019-06-28 09:50:10.000000000,99178,100,98779,152,99498,86,98757,152,99782,152,98714,152,99868,152,98713,52,99917,152,,,99929,100,,,99934,100,,,99955,100,,,99960,200,,,99979,134,,
2019-06-28 09:50:20.000000000,99178,114,98779,166,99498,100,98757,166,99782,166,98714,166,99868,166,98713,66,99917,100,,,99929,100,,,99934,100,,,99955,100,,,99960,200,,,99979,134,,
2019-06-28 09:50:25.399929181,99178,114,98779,66,99498,100,98757,166,99782,166,98714,166,99868,166,98713,66,99917,100,,,99929,100,,,99934,100,,,99955,100,,,99960,200,,,99979,134,,
2019-06-28 09:50:30.000000000,99178,100,98757,152,99498,86,98714,152,99782,152,98713,52,99868,152,,,99917,152,,,99929,100,,,99934,100,,,99955,100,,,99960,200,,,99979,134,,
2019-06-28 09:50:40.000000000,99178,137,98757,189,99498,120,98714,186,99782,186,98713,86,99868,100,,,99917,100,,,99929,100,,,99934,100,,,99955,100,,,99960,200,,,99979,134,,
2019-06-28 09:50:44.275000514,99178,137,98757,89,99498,120,98714,186,99782,186,98713,86,99868,100,,,99917,100,,,99929,100,,,99934,100,,,99955,100,,,99960,200,,,99979,134,,
2019-06-28 09:50:50.000000000,99178,179,98714,231,99498,165,98713,131,99782,100,,,99868,100,,,99917,100,,,99929,100,,,99934,100,,,99955,100,,,99960,200,,,99979,134,,
2019-06-28 09:51:00.000000000,99178,179,98714,231,99498,165,98713,131,99782,100,,,99868,100,,,99917,100,,,99929,100,,,99934,100,,,99955,100,,,99960,200,,,99979,134,,
2019-06-28 09:51:08.025385640,99178,179,98714,131,99498,165,98713,131,99782,100,,,99868,100,,,99929,100,,,99934,100,,,99955,100,,,99960,200,,,99979,134,,,100026,100,,
2019-06-28 09:51:10.000000000,99178,48,,,99498,34,,,99782,100,,,99868,100,,,99929,100,,,99934,100,,,99955,100,,,99960,200,,,99979,134,,,100026,100,,
2019-06-28 09:51:29.005975471,98173,100,,,99178,48,,,99498,34,,,99782,100,,,99868,100,,,99929,100,,,99934,100,,,99955,100,,,99960,200,,,99979,134,,
2019-06-28 09:51:33.344897349,98173,100,,,98757,100,,,99178,48,,,99498,34,,,99782,100,,,99868,100,,,99929,100,,,99934,100,,,99955,100,,,99960,200,,
2019-06-28 09:51:40.794623286,98173,100,,,98757,200,,,99178,48,,,99498,34,,,99782,100,,,99868,100,,,99929,100,,,99934,100,,,99955,100,,,99960,200,,
2019-06-28 09:52:02.596508462,98173,100,,,98746,100,,,98757,200,,,99178,48,,,99498,34,,,99782,100,,,99868,100,,,99929,100,,,99934,100,,,99955,100,,
2019-06-28 09:52:32.570273494,98746,100,,,98757,200,,,99178,48,,,99498,34,,,99782,100,,,99868,100,,,99934,100,,,99955,100,,,99960,200,,,99979,134,,
2019-06-28 09:52:41.217892804,98746,100,,,98757,200,,,98784,100,,,99178,48,,,99498,34,,,99782,100,,,99868,100,,,99934,100,,,99955,100,,,99960,200,,
2019-06-28 09:52:59.848823071,98746,100,98715,100,98757,200,,,98784,100,,,99178,48,,,99498,34,,,99782,100,,,99868,100,,,99934,100,,,99955,100,,,99960,200,,
2019-06-28 09:53:00.000000000,98746,231,98715,231,98757,331,98714,131,98784,100,,,99178,48,,,99498,34,,,99782,100,,,99868,100,,,99934,100,,,99955,100,,,99960,200,,
2019-06-28 09:53:00.222273450,98746,231,98715,231,98757,331,98714,131,98784,100,,,99178,48,,,99498,34,,,99556,100,,,99782,100,,,99868,100,,,99934,100,,,99955,100,,
2019-06-28 09:53:10.000000000,98746,362,98715,362,98757,200,,,98784,100,,,99178,48,,,99498,34,,,99556,100,,,99782,100,,,99868,100,,,99934,100,,,99955,100,,
2019-06-28 09:53:20.000000000,98746,166,98715,166,98757,266,98714,66,98784,166,,,99178,114,,,99498,34,,,99556,100,,,99782,100,,,99868,100,,,99934,100,,,99955,100,,
2019-06-28 09:53:30.000000000,98746,189,98715,189,98757,286,98714,86,98784,186,,,99178,48,,,99498,34,,,99556,100,,,99782,100,,,99868,100,,,99934,100,,,99955,100,,
2019-06-28 09:53:32.647251062,98746,89,98715,189,98757,286,98714,86,98784,186,,,99178,48,,,99195,100,,,99498,34,,,99556,100,,,99782,100,,,99868,100,,,99934,100,,
2019-06-28 09:53:38.437933012,98746,89,98715,289,98757,286,98714,86,98784,186,,,99178,48,,,99195,100,,,99498,34,,,99556,100,,,99782,100,,,99868,100,,,99955,100,,
2019-06-28 09:53:39.405222750,98746,89,98715,289,98757,286,98714,86,98784,186,,,99072,100,,,99178,48,,,99195,100,,,99498,34,,,99556,100,,,99782,100,,,99868,100,,
2019-06-28 09:53:40.000000000,98757,266,98715,266,98784,166,98714,66,99072,166,,,99178,114,,,99195,100,,,99498,34,,,99556,100,,,99782,100,,,99868,100,,,99955,100,,
2019-06-28 09:53:44.392445686,98757,166,98715,266,98784,166,98714,66,99072,166,,,99178,114,,,99195,100,,,99498,34,,,99556,100,,,99782,100,,,99868,100,,,99955,100,,
2019-06-28 09:53:45.237422498,98757,66,98715,266,98784,166,98714,66,99072,166,,,99178,114,,,99195,100,,,99498,34,,,99556,100,,,99782,100,,,99868,100,,,99955,100,,
2019-06-28 09:53:50.000000000,98784,189,98715,289,99072,186,98714,86,99178,134,,,99195,100,,,99498,34,,,99556,100,,,99782,100,,,99868,100,,,99955,100,,,99960,200,,
2019-06-28 09:53:52.515693002,98784,189,98746,100,99072,186,98715,289,99178,134,98714,86,99195,100,,,99498,34,,,99556,100,,,99782,100,,,99868,100,,,99955,100,,,99960,200,,
2019-06-28 09:54:00.000000000,98784,362,98746,362,99072,100,98715,200,99178,48,,,99195,100,,,99498,34,,,99556,100,,,99782,100,,,99868,100,,,99955,100,,,99960,200,,
2019-06-28 09:54:06.686257636,98784,362,98746,362,99072,100,98715,200,99178,48,,,99195,100,,,99395,100,,,99498,34,,,99556,100,,,99782,100,,,99868,100,,,99955,100,,
2019-06-28 09:54:10.000000000,98784,152,98746,152,99072,152,98715,252,99178,100,98714,52,99195,152,,,99395,152,,,99498,34,,,99556,100,,,99782,100,,,99868,100,,,99955,100,,
2019-06-28 09:54:20.000000000,98784,166,98746,166,99072,166,98715,266,99178,114,98714,66,99195,166,,,99395,100,,,99498,34,,,99556,100,,,99782,100,,,99868,100,,,99955,100,,
2019-06-28 09:54:23.592620184,98784,166,98746,266,99072,166,98715,266,99178,114,98714,66,99195,166,,,99395,100,,,99498,34,,,99556,100,,,99782,100,,,99868,100,,,99955,100,,
2019-06-28 09:54:30.000000000,98784,231,98746,331,99072,231,98715,331,99178,48,,,99195,100,,,99395,100,,,99498,34,,,99556,100,,,99782,100,,,99868,100,,,99955,100,,
2019-06-28 09:54:39.004703842,98784,131,98746,331,99072,231,98715,331,99178,48,,,99195,100,,,99395,100,,,99498,34,,,99556,100,,,99782,100,,,99868,100,,,99955,100,,
2019-06-28 09:54:40.000000000,99072,189,98746,289,99178,134,98715,286,99195,186,98714,86,99395,100,,,99498,34,,,99556,100,,,99782,100,,,99868,100,,,99955,100,,,99960,200,,
2019-06-28 09:54:50.000000000,99072,231,98746,331,99178,179,98715,331,99195,100,,,99395,100,,,99498,34,,,99556,100,,,99782,100,,,99868,100,,,99955,100,,,99960,200,,
2019-06-28 09:55:00.000000000,99072,189,98746,289,99178,134,98715,286,99195,186,98714,86,99395,100,,,99498,34,,,99556,100,,,99782,100,,,99868,100,,,99955,100,,,99960,200,,
2019-06-28 09:55:06.568358913,99062,100,98746,289,99072,189,98715,286,99178,134,98714,86,99195,186,,,99395,100,,,99498,34,,,99556,100,,,99782,100,,,99868,100,,,99955,100,,
2019-06-28 09:55:07.776856831,99044,100,98746,289,99062,100,98715,286,99072,189,98714,86,99178,134,,,99195,186,,,99395,100,,,99498,34,,,99556,100,,,99782,100,,,99868,100,,
2019-06-28 09:55:08.855630406,99044,100,98757,100,99062,100,98746,289,99072,189,98715,186,99178,134,98714,86,99195,186,,,99395,100,,,99498,34,,,99556,100,,,99782,100,,,99868,100,,
2019-06-28 09:55:10.000000000,99044,231,98757,231,99062,231,98746,331,99072,100,98715,100,99178,48,,,99195,100,,,99395,100,,,99498,34,,,99556,100,,,99782,100,,,99868,100,,
2019-06-28 09:55:19.162838210,98991,100,98757,231,99044,231,98746,331,99062,231,98715,100,99072,100,,,99178,48,,,99195,100,,,99395,100,,,99498,34,,,99556,100,,,99782,100,,
2019-06-28 09:55:20.000000000,98991,152,98757,152,99044,152,98746,252,99062,152,98715,152,99072,152,98714,52,99178,100,,,99195,100,,,99395,100,,,99498,34,,,99556,100,,,99782,100,,
2019-06-28 09:55:30.000000000,98991,362,98757,362,99044,100,98746,200,99062,100,98715,100,99072,100,,,99178,48,,,99195,100,,,99395,100,,,99498,34,,,99556,100,,,99782,100,,
2019-06-28 09:55:31.609772790,98813,100,98757,362,98991,362,98746,200,99044,100,98715,100,99062,100,,,99072,100,,,99178,48,,,99195,100,,,99395,100,,,99498,34,,,99556,100,,
2019-06-28 09:55:36.278528927,98813,100,98757,462,98991,362,98746,200,99044,100,98715,100,99062,100,,,99072,100,,,99178,48,,,99195,100,,,99395,100,,,99498,34,,,99556,100,,
2019-06-28 09:55:40.000000000,98813,152,98757,252,98991,152,98746,252,99044,152,98715,152,99062,152,98714,52,99072,152,,,99178,48,,,99195,100,,,99395,100,,,99498,34,,,99556,100,,
2019-06-28 09:55:44.663163849,98813,52,98757,152,98991,152,98746,252,99044,152,98715,152,99062,152,98714,52,99072,152,,,99178,48,,,99195,100,,,99395,100,,,99498,34,,,99556,100,,
2019-06-28 09:55:50.000000000,98991,166,98757,166,99044,166,98746,266,99062,166,98715,166,99072,166,98714,66,99178,48,,,99195,100,,,99395,100,,,99498,34,,,99556,100,,,99782,100,,
2019-06-28 09:56:00.000000000,98991,152,98757,152,99044,152,98746,252,99062,152,98715,152,99072,152,98714,52,99178,100,,,99195,100,,,99395,100,,,99498,34,,,99556,100,,,99782,100,,
2019-06-28 09:56:01.746761763,98991,152,98758,100,99044,152,98757,152,99062,152,98746,252,99072,152,98715,152,99178,100,98714,52,99195,100,,,99395,100,,,99498,34,,,99556,100,,,99782,100,,
2019-06-28 09:56:10.000000000,98991,166,98758,166,99044,166,98757,166,99062,166,98746,266,99072,166,98715,166,99178,48,,,99195,100,,,99395,100,,,99498,34,,,99556,100,,,99782,100,,
2019-06-28 09:56:20.000000000,98991,362,98758,362,99044,100,98757,100,99062,100,98746,200,99072,100,98715,100,99178,48,,,99195,100,,,99395,100,,,99498,34,,,99556,100,,,99782,100,,
2019-06-28 09:56:30.000000000,98991,189,98758,189,99044,186,98757,186,99062,186,98746,286,99072,100,98715,100,99178,48,,,99195,100,,,99395,100,,,99498,34,,,99556,100,,,99782,100,,
2019-06-28 09:56:40.000000000,98991,152,98758,152,99044,152,98757,152,99062,152,98746,252,99072,152,98715,152,99178,100,98714,52,99195,100,,,99395,100,,,99498,34,,,99556,100,,,99782,100,,
2019-06-28 09:56:49.059751868,98991,152,98758,152,99044,152,98757,152,99062,152,98746,252,99072,152,98715,152,99178,100,98714,52,99195,100,,,99395,100,,,99498,34,,,99556,100,,,99782,100,,
2019-06-28 09:56:50.000000000,98991,231,98758,231,99044,231,98757,231,99062,100,98746,200,99072,100,98715,100,99178,48,,,99195,100,,,99395,100,,,99498,34,,,99556,100,,,99782,100,,
2019-06-28 09:57:00.000000000,98991,189,98758,189,99044,186,98757,186,99062,186,98746,286,99072,100,98715,100,99178,48,,,99195,100,,,99395,100,,,99498,34,,,99556,100,,,99782,100,,
2019-06-28 09:57:07.633644885,98991,89,98758,189,99044,186,98757,186,99062,186,98746,286,99072,100,98715,100,99178,48,,,99195,100,,,99395,100,,,99498,34,,,99556,100,,,99782,100,,
2019-06-28 09:57:10.000000000,99044,152,98758,152,99062,152,98757,152,99072,152,98746,252,99178,100,98715,152,99195,152,98714,52,99395,100,,,99498,34,,,99556,100,,,99782,100,,,99868,100,,
2019-06-28 09:57:17.688594290,99044,152,98758,152,99062,152,98757,152,99072,152,98746,252,99178,100,98715,152,99195,152,98714,52,99395,100,,,99498,34,,,99556,100,,,99782,100,,,99826,100,,
2019-06-28 09:57:19.060105815,99044,152,98758,152,99062,152,98757,152,99072,152,98746,252,99178,100,98715,152,99195,152,98714,52,99395,100,,,99498,34,,,99556,100,,,99637,100,,,99782,100,,
2019-06-28 09:57:20.000000000,99044,231,98758,231,99062,231,98757,231,99072,100,98746,200,99178,48,98715,100,99195,100,,,99395,100,,,99498,34,,,99556,100,,,99637,100,,,99782,100,,
2019-06-28 09:57:24.359795403,99044,231,98759,100,99062,231,98758,131,99072,100,98757,231,99178,48,98746,200,99195,100,98715,100,99395,100,,,99498,34,,,99556,100,,,99637,100,,,99782,100,,
2019-06-28 09:57:27.799818634,99044,231,98759,100,99062,231,98758,131,99072,100,98757,231,99178,48,98746,200,99195,100,98715,100,99395,100,,,99498,34,,,99556,100,,,99637,100,,,99782,100,,
2019-06-28 09:57:30.000000000,99044,231,98759,231,99062,231,98757,231,99072,100,98746,200,99178,48,98715,100,99195,100,,,99395,100,,,99498,34,,,99556,100,,,99637,100,,,99782,100,,
2019-06-28 09:57:31.269071401,99044,231,98759,331,99062,231,98757,231,99072,100,98746,200,99178,48,98715,100,99195,100,,,99395,100,,,99498,34,,,99556,100,,,99637,100,,,99782,100,,
2019-06-28 09:57:33.787898738,99044,231,98759,331,99062,231,98757,231,99072,100,98746,200,99178,48,98715,100,99195,100,,,99395,100,,,99498,34,,,99556,100,,,99637,100,,,99782,100,,
2019-06-28 09:57:34.999878320,99044,231,98759,431,99062,231,98757,231,99072,100,98746,200,99178,48,98715,100,99195,100,,,99395,100,,,99498,34,,,99556,100,,,99637,100,,,99782,100,,
2019-06-28 09:57:38.419800040,99044,231,98759,431,99062,231,98757,231,99072,100,98746,200,99178,48,98715,100,99195,100,,,99395,100,,,99498,34,,,99556,100,,,99637,100,,,99782,100,,
2019-06-28 09:57:40.000000000,99044,152,98759,352,99062,152,98757,152,99072,152,98746,252,99178,100,98715,152,99195,152,98714,52,99395,100,,,99498,34,,,99556,100,,,99637,100,,,99782,100,,
2019-06-28 09:57:42.874690565,99044,152,98759,452,99062,152,98757,152,99072,152,98746,252,99178,100,98715,152,99195,152,98714,52,99395,100,,,99498,34,,,99556,100,,,99637,100,,,99782,100,,
2019-06-28 09:57:47.553097795,99044,52,98759,452,99062,152,98757,152,99072,152,98746,252,99178,100,98715,152,99195,152,98714,52,99395,100,,,99498,34,,,99556,100,,,99637,100,,,99782,100,,
2019-06-28 09:57:50.000000000,99062,231,98759,531,99072,231,98757,231,99178,48,98746,200,99195,100,98715,100,99395,100,,,99498,34,,,99556,100,,,99637,100,,,99782,100,,,99826,100,,
2019-06-28 09:57:55.673051741,99062,131,98759,531,99072,231,98757,231,99178,48,98746,200,99195,100,98715,100,99395,100,,,99498,34,,,99556,100,,,99637,100,,,99782,100,,,99826,100,,
2019-06-28 09:58:00.000000000,99072,189,98759,489,99178,134,98757,186,99195,186,98746,286,99395,100,98715,100,99498,34,,,99556,100,,,99637,100,,,99782,100,,,99826,100,,,99868,100,,
2019-06-28 09:58:10.000000000,99072,362,98759,662,99178,48,98757,100,99195,100,98746,200,99395,100,98715,100,99498,34,,,99556,100,,,99637,100,,,99782,100,,,99826,100,,,99868,100,,
2019-06-28 09:58:15.432265560,99072,362,98759,662,99178,48,98757,100,99195,100,98746,200,99395,100,98715,100,99498,34,,,99556,100,,,99637,100,,,99782,100,,,99826,100,,,99868,100,,
2019-06-28 09:58:19.838658544,99072,262,98759,662,99178,48,98757,100,99195,100,98746,200,99395,100,98715,100,99498,34,,,99556,100,,,99637,100,,,99782,100,,,99826,100,,,99868,100,,
2019-06-28 09:58:20.000000000,99178,114,98759,466,99195,166,98757,166,99395,166,98746,266,99498,100,98715,166,99556,100,,,99637,100,,,99782,100,,,99826,100,,,99868,100,,,99918,100,,
2019-06-28 09:58:30.000000000,99178,100,98759,452,99195,152,98757,152,99395,152,98746,252,99498,86,98715,152,99556,152,98714,52,99637,100,,,99782,100,,,99826,100,,,99868,100,,,99918,100,,
2019-06-28 09:58:40.000000000,99178,100,98759,452,99195,152,98757,152,99395,152,98746,252,99498,86,98715,152,99556,152,98714,52,99637,100,,,99782,100,,,99826,100,,,99868,100,,,99918,100,,
2019-06-28 09:58:50.000000000,99178,179,98759,531,99195,231,98757,231,99395,100,98746,200,99498,34,98715,100,99556,100,,,99637,100,,,99782,100,,,99826,100,,,99868,100,,,99918,100,,
2019-06-28 09:59:00.000000000,99178,179,98759,531,99195,231,98757,231,99395,100,98746,200,99498,34,98715,100,99556,100,,,99637,100,,,99782,100,,,99826,100,,,99868,100,,,99918,100,,
2019-06-28 09:59:05.840657381,99178,179,99062,100,99195,231,98759,531,99395,100,98757,231,99498,34,98746,200,99556,100,98715,100,99637,100,,,99782,100,,,99826,100,,,99868,100,,,99918,100,,
2019-06-28 09:59:10.000000000,99178,310,99062,362,99195,100,98759,400,99395,100,98757,100,99498,34,98746,200,99556,100,98715,100,99637,100,,,99782,100,,,99826,100,,,99868,100,,,99918,100,,
2019-06-28 09:59:20.000000000,99178,137,99062,189,99195,186,98759,486,99395,186,98757,186,99498,34,98746,200,99556,100,98715,100,99637,100,,,99782,100,,,99826,100,,,99868,100,,,99918,100,,
2019-06-28 09:59:24.749574392,99178,37,99062,189,99195,186,98759,486,99395,186,98757,186,99498,34,98746,200,99556,100,98715,100,99637,100,,,99782,100,,,99826,100,,,99868,100,,,99918,100,,
2019-06-28 09:59:26.605710372,99178,37,99062,189,99195,186,98759,486,99395,186,98757,186,99498,34,98746,200,99556,100,98715,100,99637,100,,,99782,100,,,99826,100,,,99868,100,,,99918,100,,
2019-06-28 09:59:30.000000000,99195,189,99062,189,99395,186,98759,486,99498,120,98757,186,99556,100,98746,200,99637,100,98715,100,99782,100,,,99826,100,,,99868,100,,,99918,100,,,99960,100,,
2019-06-28 09:59:31.368632540,99195,89,99062,189,99395,186,98759,486,99498,120,98757,186,99556,100,98746,200,99637,100,98715,100,99782,100,,,99826,100,,,99868,100,,,99918,100,,,99960,100,,
2019-06-28 09:59:34.668054861,99195,89,99062,189,99395,186,98759,486,99498,120,98757,186,99556,100,98746,200,99637,100,98715,100,99782,100,,,99826,100,,,99868,100,,,99918,100,,,99960,100,,
2019-06-28 09:59:40.000000000,99395,189,99062,189,99498,120,98759,486,99556,186,98757,186,99637,100,98746,200,99782,100,98715,100,99826,100,,,99868,100,,,99918,100,,,99960,100,,,99965,100,,
2019-06-28 09:59:46.982835840,99395,89,99062,189,99498,120,98759,486,99556,186,98757,186,99637,100,98746,200,99782,100,98715,100,99826,100,,,99868,100,,,99918,100,,,99960,100,,,99965,100,,
2019-06-28 09:59:49.065503909,99498,120,99395,11,99556,186,99062,189,99637,100,98759,486,99782,100,98757,186,99826,100,98746,200,99868,100,98715,100,99918,100,,,99960,100,,,99965,100,,,99979,100,,
2019-06-28 09:59:50.000000000,99498,165,99395,142,99556,231,99062,231,99637,100,98759,400,99782,100,98757,100,99826,100,98746,200,99868,100,98715,100,99918,100,,,99960,100,,,99965,100,,,99979,100,,
2019-06-28 09:59:52.938059721,99498,165,99395,142,99556,231,99062,231,99637,100,98759,400,99782,100,98757,100,99826,100,98746,200,99868,100,98715,100,99918,100,,,99960,100,,,99965,100,,,99979,100,,
2019-06-28 09:59:54.794860321,99498,165,99395,142,99556,231,99062,231,99637,100,98759,400,99782,100,98757,100,99826,100,98746,200,99868,100,98715,100,99918,100,,,99960,100,,,99965,100,,,99979,100,,
2019-06-28 10:00:00.000000000,99498,296,99395,273,99556,100,99062,100,99637,100,98759,400,99782,100,98757,100,99826,100,98746,200,99868,100,98715,100,99918,100,,,99960,100,,,99965,100,,,99979,100,,
2019-06-28 10:00:10.000000000,99498,100,99395,77,99556,166,99062,166,99637,166,98759,466,99782,166,98757,166,99826,100,98746,200,99868,100,98715,100,99918,100,,,99960,100,,,99965,100,,,99979,100,,
2019-06-28 10:00:20.000000000,99498,165,99395,142,99556,231,99062,231,99637,100,98759,400,99782,100,98757,100,99826,100,98746,200,99868,100,98715,100,99918,100,,,99960,100,,,99965,100,,,99979,100,,
2019-06-28 10:00:30.000000000,99498,165,99395,142,99556,231,99062,231,99637,100,98759,400,99782,100,98757,100,99826,100,98746,200,99868,100,98715,100,99918,100,,,99960,100,,,99965,100,,,99979,100,,
2019-06-28 10:00:40.000000000,99498,165,99395,142,99556,231,99062,231,99637,100,98759,400,99782,100,98757,100,99826,100,98746,200,99868,100,98715,100,99918,100,,,99960,100,,,99965,100,,,99979,100,,
2019-06-28 10:00:50.000000000,99498,123,99395,100,99556,186,99062,186,99637,186,98759,486,99782,100,98757,100,99826,100,98746,200,99868,100,98715,100,99918,100,,,99960,100,,,99965,100,,,99979,100,,
2019-06-28 10:01:00.000000000,99498,100,99395,77,99556,166,99062,166,99637,166,98759,466,99782,166,98757,166,99826,100,98746,200,99868,100,98715,100,99918,100,,,99960,100,,,99965,100,,,99979,100,,
2019-06-28 10:01:10.000000000,99498,100,99395,77,99556,166,99062,166,99637,166,98759,466,99782,166,98757,166,99826,100,98746,200,99868,100,98715,100,99918,100,,,99960,100,,,99965,100,,,99979,100,,
2019-06-28 10:01:14.479545732,99556,166,99395,77,99637,166,99062,166,99782,166,98759,466,99826,100,98757,166,99868,100,98746,200,99918,100,98715,100,99960,100,,,99965,100,,,99979,100,,,99992,100,,
2019-06-28 10:01:20.000000000,99556,166,99395,77,99637,166,99062,166,99782,166,98759,466,99826,166,98757,166,99868,100,98746,200,99918,100,98715,100,99960,100,,,99965,100,,,99979,100,,,99992,100,,
2019-06-28 10:01:26.867757199,99556,166,99395,77,99637,166,99062,166,99782,166,98759,466,99826,166,98757,166,99868,100,98746,200,99918,100,98715,100,99960,100,,,99965,100,,,99979,100,,,99992,100,,
2019-06-28 10:01:30.000000000,99556,362,99395,273,99637,100,99062,100,99782,100,98759,400,99826,100,98757,100,99868,100,98746,200,99918,100,98715,100,99960,100,,,99965,100,,,99979,100,,,99992,100,,
2019-06-28 10:01:40.000000000,99556,231,99395,142,99637,231,99062,231,99782,100,98759,400,99826,100,98757,100,99868,100,98746,200,99918,100,98715,100,99960,100,,,99965,100,,,99979,100,,,99992,100,,
2019-06-28 10:01:50.000000000,99556,362,99395,273,99637,100,99062,100,99782,100,98759,400,99826,100,98757,100,99868,100,98746,200,99918,100,98715,100,99960,100,,,99965,100,,,99979,100,,,99992,100,,
2019-06-28 10:02:00.000000000,99556,152,99395,63,99637,152,99062,152,99782,152,98759,452,99826,152,98757,152,99868,152,98746,252,99918,100,98715,100,99960,100,,,99965,100,,,99979,100,,,99992,100,,
2019-06-28 10:02:06.881592819,99556,152,99395,63,99637,152,99062,152,99782,152,98759,452,99826,152,98757,152,99868,152,98746,252,99918,100,98715,100,99960,100,,,99965,100,,,99979,100,,,99992,100,,
2019-06-28 10:02:10.000000000,99556,189,99395,100,99637,186,99062,186,99782,186,98759,486,99826,100,98757,100,99868,100,98746,200,99918,100,98715,100,99960,100,,,99965,100,,,99979,100,,,99992,100,,
2019-06-28 10:02:16.316434389,99556,189,99395,100,99637,186,99062,186,99782,186,98759,486,99826,100,98757,100,99868,100,98746,100,99918,100,98715,100,99960,100,,,99965,100,,,99979,100,,,99992,100,,
2019-06-28 10:02:20.000000000,99556,231,99395,142,99637,231,99062,231,99782,100,98759,400,99826,100,98757,100,99868,100,98746,100,99918,100,98715,100,99960,100,,,99965,100,,,99979,100,,,99992,100,,
2019-06-28 10:02:22.365838560,99556,231,99395,142,99637,231,99062,231,99782,100,98759,400,99826,100,98757,100,99868,100,98746,100,99918,100,98715,100,99960,100,,,99965,100,,,99979,100,,,99992,100,,
2019-06-28 10:02:22.610197458,99556,231,99396,100,99637,231,99395,142,99782,100,99062,131,99826,100,98759,400,99868,100,98757,100,99918,100,98746,100,99960,100,98715,100,99965,100,,,99979,100,,,99992,100,,
2019-06-28 10:02:26.180517245,99556,231,99396,200,99637,231,99395,142,99782,100,99062,131,99826,100,98759,400,99868,100,98757,100,99918,100,98746,100,99965,100,98715,100,99979,100,,,99992,100,,,99996,100,,
2019-06-28 10:02:30.000000000,99556,152,99396,252,99637,152,99395,63,99782,152,98759,452,99826,152,98757,152,99868,152,98746,152,99918,100,98715,100,99965,100,,,99979,100,,,99992,100,,,99996,100,,
2019-06-28 10:02:32.491109327,99556,52,99396,252,99637,152,99395,63,99782,152,98759,452,99826,152,98757,152,99868,152,98746,152,99918,100,98715,100,99965,100,,,99979,100,,,99992,100,,,99996,100,,
2019-06-28 10:02:40.000000000,99637,152,99396,252,99782,152,99395,63,99826,152,98759,452,99868,152,98757,152,99918,152,98746,152,99965,100,98715,100,99979,100,,,99992,100,,,99996,100,,,100015,100,,
2019-06-28 10:02:48.141688711,99637,152,99396,252,99782,152,99395,63,99826,152,98759,452,99868,152,98757,152,99918,152,98746,152,99955,100,98715,100,99965,100,,,99979,100,,,99992,100,,,99996,100,,
2019-06-28 10:02:50.000000000,99637,166,99396,266,99782,166,99395,77,99826,166,98759,466,99868,166,98757,166,99918,100,98746,100,99955,100,98715,100,99965,100,,,99979,100,,,99992,100,,,99996,100,,
2019-06-28 10:02:58.496157418,99637,166,99396,266,99780,100,99395,77,99782,166,98759,466,99826,166,98757,166,99868,166,98746,100,99918,100,98715,100,99955,100,,,99965,100,,,99979,100,,,99992,100,,
2019-06-28 10:03:00.000000000,99637,166,99396,266,99780,166,99395,77,99782,166,98759,466,99826,166,98757,166,99868,100,98746,100,99918,100,98715,100,99955,100,,,99965,100,,,99979,100,,,99992,100,,
2019-06-28 10:03:03.797910884,99637,66,99396,266,99759,100,99395,77,99780,166,98759,466,99782,166,98757,166,99826,166,98746,100,99868,100,98715,100,99918,100,,,99955,100,,,99965,100,,,99979,100,,
2019-06-28 10:03:10.000000000,99759,189,99396,289,99780,186,99395,97,99782,186,98759,486,99826,100,98757,100,99868,100,98746,100,99918,100,98715,100,99955,100,,,99965,100,,,99979,100,,,99992,100,,
2019-06-28 10:03:12.706426480,99759,189,99701,100,99780,186,99396,289,99782,186,99395,97,99826,100,98759,486,99868,100,98757,100,99918,100,98746,100,99955,100,98715,100,99965,100,,,99979,100,,,99992,100,,
2019-06-28 10:03:20.000000000,99759,189,99701,189,99780,186,99396,286,99782,186,99395,97,99826,100,98759,400,99868,100,98757,100,99918,100,98746,100,99955,100,98715,100,99965,100,,,99979,100,,,99992,100,,
2019-06-28 10:03:25.496314624,99759,189,99701,189,99780,186,99396,286,99782,186,99395,97,99826,100,98759,400,99868,100,98757,100,99918,100,98746,100,99955,100,98715,100,99965,100,,,99992,100,,,99996,100,,
2019-06-28 10:03:30.000000000,99759,362,99701,362,99780,100,99396,200,99782,100,99395,11,99826,100,98759,400,99868,100,98757,100,99918,100,98746,100,99955,100,98715,100,99965,100,,,99992,100,,,99996,100,,
2019-06-28 10:03:36.748141741,99739,100,99701,362,99759,362,99396,200,99780,100,99395,11,99782,100,98759,400,99826,100,98757,100,99868,100,98746,100,99918,100,98715,100,99955,100,,,99965,100,,,99992,100,,
2019-06-28 10:03:40.000000000,99739,166,99701,166,99759,166,99396,266,99780,166,99395,77,99782,166,98759,466,99826,100,98757,100,99868,100,98746,100,99918,100,98715,100,99955,100,,,99965,100,,,99992,100,,
2019-06-28 10:03:44.285879045,99739,166,99701,166,99759,166,99498,100,99780,166,99396,266,99782,166,99395,77,99826,100,98759,466,99868,100,98757,100,99918,100,98746,100,99955,100,98715,100,99965,100,,,99992,100,,
2019-06-28 10:03:50.000000000,99739,362,99701,362,99759,100,99498,100,99780,100,99396,200,99782,100,99395,11,99826,100,98759,400,99868,100,98757,100,99918,100,98746,100,99955,100,98715,100,99965,100,,,99992,100,,
2019-06-28 10:03:50.529550761,99739,362,99701,362,99759,100,99498,200,99780,100,99396,200,99782,100,99395,11,99826,100,98759,400,99868,100,98757,100,99918,100,98746,100,99955,100,98715,100,99965,100,,,99992,100,,
2019-06-28 10:03:50.815089077,99739,362,99701,362,99759,100,99498,200,99780,100,99396,200,99782,100,99395,11,99826,100,98759,400,99868,100,98757,100,99918,100,98746,100,99955,100,98715,100,99965,100,,,99992,100,,
2019-06-28 10:04:00.000000000,99739,362,99701,362,99759,100,99498,200,99780,100,99396,200,99782,100,99395,11,99826,100,98759,400,99868,100,98757,100,99918,100,98746,100,99955,100,98715,100,99965,100,,,99992,100,,
2019-06-28 10:04:02.996037100,99739,362,99701,362,99759,100,99498,200,99780,100,99396,200,99782,100,99395,11,99792,100,98759,400,99826,100,98757,100,99868,100,98746,100,99918,100,98715,100,99955,100,,,99965,100,,
2019-06-28 10:04:06.079080482,99739,362,99701,362,99759,100,99498,200,99780,100,99396,200,99782,100,99395,11,99792,100,98759,400,99826,100,98757,100,99868,100,98746,100,99955,100,98715,100,99965,100,,,99992,100,,
2019-06-28 10:04:10.000000000,99739,166,99701,166,99759,166,99498,266,99780,166,99396,266,99782,166,99395,77,99792,100,98759,400,99826,100,98757,100,99868,100,98746,100,99955,100,98715,100,99965,100,,,99992,100,,
2019-06-28 10:04:20.000000000,99739,152,99701,152,99759,152,99498,252,99780,152,99396,252,99782,152,99395,63,99792,152,98759,452,99826,100,98757,100,99868,100,98746,100,99955,100,98715,100,99965,100,,,99992,100,,
2019-06-28 10:04:30.000000000,99739,166,99701,166,99759,166,99498,266,99780,166,99396,266,99782,166,99395,77,99792,100,98759,400,99826,100,98757,100,99868,100,98746,100,99955,100,98715,100,99965,100,,,99992,100,,
2019-06-28 10:04:37.140621927,99739,166,99701,166,99759,166,99498,366,99780,166,99396,266,99782,166,99395,77,99792,100,98759,400,99826,100,98757,100,99955,100,98746,100,99965,100,98715,100,99992,100,,,99996,100,,
2019-06-28 10:04:40.000000000,99739,152,99701,152,99759,152,99498,352,99780,152,99396,252,99782,152,99395,63,99792,152,98759,452,99826,100,98757,100,99955,100,98746,100,99965,100,98715,100,99992,100,,,99996,100,,
2019-06-28 10:04:50.000000000,99739,152,99701,152,99759,152,99498,352,99780,152,99396,252,99782,152,99395,63,99792,152,98759,452,99826,100,98757,100,99955,100,98746,100,99965,100,98715,100,99992,100,,,99996,100,,
2019-06-28 10:04:52.645201481,99739,152,99701,152,99759,152,99498,352,99780,152,99396,252,99782,152,99395,52,99792,152,98759,452,99826,100,98757,100,99955,100,98746,100,99965,100,98715,100,99992,100,,,99996,100,,
2019-06-28 10:04:56.257139776,99739,52,99701,152,99759,152,99498,352,99780,152,99396,252,99782,152,99395,52,99792,152,98759,452,99826,100,98757,100,99955,100,98746,100,99992,100,98715,100,99996,100,,,100015,100,,
2019-06-28 10:05:00.000000000,99759,166,99701,166,99780,166,99498,366,99782,166,99396,266,99792,166,98759,466,99826,100,98757,100,99955,100,98746,100,99992,100,98715,100,99996,100,,,100015,100,,,100063,100,,
2019-06-28 10:05:03.974709164,99759,66,99701,166,99780,166,99498,366,99782,166,99396,266,99792,166,98759,466,99826,100,98757,100,99955,100,98746,100,99996,100,98715,100,100015,100,,,100063,100,,,100067,100,,
2019-06-28 10:05:05.637849982,99780,166,99759,34,99782,166,99701,166,99792,166,99498,366,99826,100,99396,266,99955,100,98759,466,99996,100,98757,100,100015,100,98746,100,100063,100,98715,100,100067,100,,,100117,100,,
2019-06-28 10:05:10.000000000,99780,231,99759,165,99782,231,99701,231,99792,100,99498,300,99826,100,99396,200,99955,100,98759,400,99996,100,98757,100,100015,100,98746,100,100063,100,98715,100,100067,100,,,100117,100,,
2019-06-28 10:05:12.048319875,99780,231,99759,165,99782,231,99701,231,99792,100,99498,300,99826,100,99396,200,99955,100,98759,400,99996,100,98757,100,100008,100,98746,100,100015,100,98715,100,100063,100,,,100067,100,,
2019-06-28 10:05:20.000000000,99780,231,99759,165,99782,231,99701,231,99792,100,99498,300,99826,100,99396,200,99955,100,98759,400,99996,100,98757,100,100008,100,98746,100,100015,100,98715,100,100063,100,,,100067,100,,
2019-06-28 10:05:30.000000000,99780,231,99759,165,99782,231,99701,231,99792,100,99498,300,99826,100,99396,200,99955,100,98759,400,99996,100,98757,100,100008,100,98746,100,100015,100,98715,100,100063,100,,,100067,100,,
2019-06-28 10:05:32.520939287,99780,231,99759,265,99782,231,99701,231,99792,100,99498,200,99826,100,99396,200,99955,100,98759,400,99996,100,98757,100,100008,100,98746,100,100015,100,98715,100,100063,100,,,100067,100,,
2019-06-28 10:05:40.000000000,99780,152,99759,186,99782,152,99701,152,99792,152,99498,252,99826,152,99396,252,99955,152,98759,452,99996,100,98757,100,100008,100,98746,100,100015,100,98715,100,100063,100,,,100067,100,,
2019-06-28 10:05:50.000000000,99780,166,99759,200,99782,166,99701,166,99792,166,99498,266,99826,166,99396,266,99955,100,98759,400,99996,100,98757,100,100008,100,98746,100,100015,100,98715,100,100063,100,,,100067,100,,
2019-06-28 10:06:00.000000000,99780,231,99759,265,99782,231,99701,231,99792,100,99498,200,99826,100,99396,200,99955,100,98759,400,99996,100,98757,100,100008,100,98746,100,100015,100,98715,100,100063,100,,,100067,100,,
2019-06-28 10:06:09.131594824,99780,231,99759,265,99782,131,99701,231,99792,100,99498,200,99826,100,99396,200,99955,100,98759,400,99996,100,98757,100,100008,100,98746,100,100015,100,98715,100,100063,100,,,100067,100,,
2019-06-28 10:06:10.000000000,99780,166,99759,200,99792,166,99701,166,99826,166,99498,266,99955,166,99396,266,99996,100,98759,400,100008,100,98757,100,100015,100,98746,100,100063,100,98715,100,100067,100,,,100117,100,,
2019-06-28 10:06:20.000000000,99780,231,99759,265,99792,231,99701,231,99826,100,99498,200,99955,100,99396,200,99996,100,98759,400,100008,100,98757,100,100015,100,98746,100,100063,100,98715,100,100067,100,,,100117,100,,
2019-06-28 10:06:30.000000000,99780,189,99759,223,99792,186,99701,186,99826,186,99498,286,99955,100,99396,200,99996,100,98759,400,100008,100,98757,100,100015,100,98746,100,100063,100,98715,100,100067,100,,,100117,100,,
2019-06-28 10:06:34.671871292,99780,189,99759,223,99792,86,99752,100,99826,186,99701,186,99955,100,99498,286,99996,100,99396,200,100008,100,98759,400,100015,100,98757,100,100063,100,98746,100,100067,100,98715,100,100117,100,,
2019-06-28 10:06:40.000000000,99780,231,99759,265,99826,231,99752,231,99955,100,99701,100,99996,100,99498,200,100008,100,99396,200,100015,100,98759,400,100063,100,98757,100,100067,100,98746,100,100117,100,98715,100,100135,100,,
2019-06-28 10:06:43.068645039,99780,231,99759,265,99826,231,99752,231,99955,100,99701,100,99996,100,99555,100,100008,100,99498,200,100015,100,99396,200,100063,100,98759,400,100067,100,98757,100,100117,100,98746,100,100135,100,98715,100
2019-06-28 10:06:50.000000000,99780,189,99759,223,99826,186,99752,186,99955,186,99701,186,99996,100,99555,100,100008,100,99498,200,100015,100,99396,200,100063,100,98759,400,100067,100,98757,100,100117,100,98746,100,100135,100,98715,100
2019-06-28 10:06:52.078083293,99780,189,99759,323,99826,186,99752,186,99955,186,99701,186,99996,100,99555,100,100008,100,99498,200,100015,100,99396,100,100063,100,98759,400,100067,100,98757,100,100117,100,98746,100,100135,100,98715,100
2019-06-28 10:06:56.483230696,99780,189,99759,323,99783,100,99752,186,99826,186,99701,186,99955,186,99555,100,99996,100,99498,200,100008,100,99396,100,100015,100,98759,400,100063,100,98757,100,100067,100,98746,100,100117,100,98715,100
2019-06-28 10:07:00.000000000,99780,166,99759,300,99783,166,99752,166,99826,166,99701,166,99955,166,99555,166,99996,100,99498,200,100008,100,99396,100,100015,100,98759,400,100063,100,98757,100,100067,100,98746,100,100117,100,98715,100
2019-06-28 10:07:04.347883805,99780,166,99759,300,99783,166,99752,166,99826,166,99701,166,99955,166,99636,100,99996,100,99555,166,100008,100,99498,200,100015,100,99396,100,100063,100,98759,400,100067,100,98757,100,100117,100,98746,100
2019-06-28 10:07:10.000000000,99780,152,99759,286,99783,152,99752,152,99826,152,99701,152,99955,152,99636,152,99996,152,99555,152,100008,100,99498,200,100015,100,99396,100,100063,100,98759,400,100067,100,98757,100,100117,100,98746,100
2019-06-28 10:07:13.246922089,99780,52,99759,286,99783,152,99752,152,99826,152,99701,152,99955,152,99636,152,99996,152,99555,152,100008,100,99498,200,100015,100,99396,100,100063,100,98759,400,100067,100,98757,100,100117,100,98746,100
2019-06-28 10:07:20.000000000,99783,166,99759,300,99826,166,99752,166,99955,166,99701,166,99996,166,99636,166,100008,100,99555,100,100015,100,99498,200,100063,100,99396,100,100067,100,98759,400,100117,100,98757,100,100135,100,98746,100
2019-06-28 10:07:30.000000000,99783,189,99759,323,99826,186,99752,186,99955,186,99701,186,99996,100,99636,100,100008,100,99555,100,100015,100,99498,200,100063,100,99396,100,100067,100,98759,400,100117,100,98757,100,100135,100,98746,100
2019-06-28 10:07:40.000000000,99783,166,99759,300,99826,166,99752,166,99955,166,99701,166,99996,166,99636,166,100008,100,99555,100,100015,100,99498,200,100063,100,99396,100,100067,100,98759,400,100117,100,98757,100,100135,100,98746,100
2019-06-28 10:07:44.631082419,99783,166,99759,300,99826,166,99752,166,99955,166,99701,166,99996,166,99636,166,100008,100,99564,100,100015,100,99555,100,100063,100,99498,200,100067,100,99396,100,100117,100,98759,400,100135,100,98757,100
2019-06-28 10:07:50.000000000,99783,362,99759,496,99826,100,99752,100,99955,100,99701,100,99996,100,99636,100,100008,100,99564,100,100015,100,99555,100,100063,100,99498,200,100067,100,99396,100,100117,100,98759,400,100135,100,98757,100
2019-06-28 10:07:50.771599284,99783,362,99759,496,99826,100,99752,100,99955,100,99701,100,99996,100,99636,100,100002,100,99564,100,100008,100,99555,100,100015,100,99498,200,100063,100,99396,100,100067,100,98759,400,100117,100,98757,100
2019-06-28 10:08:00.000000000,99783,362,99759,496,99826,100,99752,100,99955,100,99701,100,99996,100,99636,100,100002,100,99564,100,100008,100,99555,100,100015,100,99498,200,100063,100,99396,100,100067,100,98759,400,100117,100,98757,100
2019-06-28 10:08:01.032805820,99783,362,99759,496,99826,100,99752,100,99955,100,99701,100,99996,100,99636,100,100002,100,99564,100,100008,100,99555,100,100015,100,99498,100,100063,100,99396,100,100067,100,98759,400,100117,100,98757,100
2019-06-28 10:08:10.000000000,99783,152,99759,286,99826,152,99752,152,99955,152,99701,152,99996,152,99636,152,100002,152,99564,152,100008,100,99555,100,100015,100,99498,100,100063,100,99396,100,100067,100,98759,400,100117,100,98757,100
2019-06-28 10:08:20.000000000,99783,152,99759,286,99826,152,99752,152,99955,152,99701,152,99996,152,99636,152,100002,152,99564,152,100008,100,99555,100,100015,100,99498,100,100063,100,99396,100,100067,100,98759,400,100117,100,98757,100
2019-06-28 10:08:30.000000000,99783,152,99759,286,99826,152,99752,152,99955,152,99701,152,99996,152,99636,152,100002,152,99564,152,100008,100,99555,100,100015,100,99498,100,100063,100,99396,100,100067,100,98759,400,100117,100,98757,100
2019-06-28 10:08:40.000000000,99783,152,99759,286,99826,152,99752,152,99955,152,99701,152,99996,152,99636,152,100002,152,99564,152,100008,100,99555,100,100015,100,99498,100,100063,100,99396,100,100067,100,98759,400,100117,100,98757,100
2019-06-28 10:08:50.000000000,99783,189,99759,323,99826,186,99752,186,99955,186,99701,186,99996,100,99636,100,100002,100,99564,100,100008,100,99555,100,100015,100,99498,100,100063,100,99396,100,100067,100,98759,400,100117,100,98757,100
2019-06-28 10:08:51.491376773,99783,189,99759,289,99826,186,99752,186,99955,186,99701,186,99996,100,99636,100,100002,100,99564,100,100008,100,99555,100,100015,100,99498,100,100063,100,99432,100,100067,100,99396,100,100117,100,98759,400
2019-06-28 10:08:58.814798739,99783,189,99759,189,99826,186,99752,186,99955,186,99701,186,99996,100,99636,100,100002,100,99564,100,100008,100,99555,100,100015,100,99498,100,100063,100,99432,100,100067,100,99396,100,100117,100,98759,400
2019-06-28 10:09:00.000000000,99783,152,99759,152,99826,152,99752,152,99955,152,99701,152,99996,152,99636,152,100002,152,99564,152,100008,100,99555,100,100015,100,99498,100,100063,100,99432,100,100067,100,99396,100,100117,100,98759,400
2019-06-28 10:09:02.932173704,99779,100,99759,152,99783,152,99752,152,99826,152,99701,152,99955,152,99636,152,99996,152,99564,152,100002,152,99555,100,100008,100,99498,100,100015,100,99432,100,100063,100,99396,100,100067,100,98759,400
2019-06-28 10:09:10.000000000,99779,189,99759,189,99783,186,99752,186,99826,186,99701,186,99955,100,99636,100,99996,100,99564,100,100002,100,99555,100,100008,100,99498,100,100015,100,99432,100,100063,100,99396,100,100067,100,98759,400
2019-06-28 10:09:19.021506873,99779,189,99759,189,99783,186,99752,186,99826,186,99701,186,99955,100,99664,100,99996,100,99636,100,100002,100,99564,100,100008,100,99555,100,100015,100,99498,100,100063,100,99432,100,100067,100,99396,100
2019-06-28 10:09:20.000000000,99779,189,99759,189,99783,186,99752,186,99826,186,99701,186,99955,100,99664,100,99996,100,99636,100,100002,100,99564,100,100008,100,99555,100,100015,100,99498,100,100063,100,99432,100,100067,100,99396,100
2019-06-28 10:09:30.000000000,99779,166,99759,166,99783,166,99752,166,99826,166,99701,166,99955,166,99664,166,99996,100,99636,100,100002,100,99564,100,100008,100,99555,100,100015,100,99498,100,100063,100,99432,100,100067,100,99396,100
2019-06-28 10:09:31.898023249,99779,166,99759,166,99783,166,99752,166,99826,166,99701,166,99832,100,99664,166,99955,166,99636,100,99996,100,99564,100,100002,100,99555,100,100008,100,99498,100,100015,100,99432,100,100063,100,99396,100
2019-06-28 10:09:35.749211395,99779,166,99759,166,99783,166,99752,166,99826,166,99701,166,99832,100,99664,166,99955,166,99636,100,99996,100,99564,100,100002,100,99555,100,100008,100,99498,100,100015,100,99396,100,100063,100,99386,100
2019-06-28 10:09:40.000000000,99779,166,99759,166,99783,166,99752,166,99826,166,99701,166,99832,166,99664,166,99955,100,99636,100,99996,100,99564,100,100002,100,99555,100,100008,100,99498,100,100015,100,99396,100,100063,100,99386,100
2019-06-28 10:09:49.094438172,99779,166,99759,166,99783,166,99752,166,99826,166,99701,166,99832,166,99664,166,99955,100,99654,100,100002,100,99636,100,100008,100,99564,100,100015,100,99555,100,100063,100,99498,100,100067,100,99396,100
2019-06-28 10:09:50.000000000,99779,362,99759,362,99783,100,99752,100,99826,100,99701,100,99832,100,99664,100,99955,100,99654,100,100002,100,99636,100,100008,100,99564,100,100015,100,99555,100,100063,100,99498,100,100067,100,99396,100
2019-06-28 10:10:00.000000000,99779,152,99759,152,99783,152,99752,152,99826,152,99701,152,99832,152,99664,152,99955,152,99654,152,100002,100,99636,100,100008,100,99564,100,100015,100,99555,100,100063,100,99498,100,100067,100,99396,100
2019-06-28 10:10:10.000000000,99779,189,99759,189,99783,186,99752,186,99826,186,99701,186,99832,100,99664,100,99955,100,99654,100,100002,100,99636,100,100008,100,99564,100,100015,100,99555,100,100063,100,99498,100,100067,100,99396,100
2019-06-28 10:10:20.000000000,99779,231,99759,231,99783,231,99752,231,99826,100,99701,100,99832,100,99664,100,99955,100,99654,100,100002,100,99636,100,100008,100,99564,100,100015,100,99555,100,100063,100,99498,100,100067,100,99396,100
2019-06-28 10:10:30.000000000,99779,231,99759,231,99783,231,99752,231,99826,100,99701,100,99832,100,99664,100,99955,100,99654,100,100002,100,99636,100,100008,100,99564,100,100015,100,99555,100,100063,100,99498,100,100067,100,99396,100
2019-06-28 10:10:40.000000000,99779,362,99759,362,99783,100,99752,100,99826,100,99701,100,99832,100,99664,100,99955,100,99654,100,100002,100,99636,100,100008,100,99564,100,100015,100,99555,100,100063,100,99498,100,100067,100,99396,100
2019-06-28 10:10:49.677769631,99779,262,99759,362,99783,100,99752,100,99826,100,99701,100,99832,100,99664,100,99955,100,99654,100,100002,100,99636,100,100008,100,99564,100,100015,100,99555,100,100063,100,99498,100,100067,100,99396,100
2019-06-28 10:10:50.000000000,99783,231,99759,231,99826,231,99752,231,99832,100,99701,100,99955,100,99664,100,100002,100,99654,100,100008,100,99636,100,100015,100,99564,100,100063,100,99555,100,100067,100,99498,100,100117,100,99396,100
2019-06-28 10:10:52.699004740,99783,231,99760,100,99826,231,99759,231,99832,100,99752,231,99955,100,99701,100,100002,100,99664,100,100008,100,99654,100,100015,100,99636,100,100063,100,99564,100,100067,100,99555,100,100117,100,99498,100
2019-06-28 10:10:53.905518466,99783,131,99760,100,99826,231,99759,231,99832,100,99752,231,99955,100,99701,100,100002,100,99664,100,100008,100,99654,100,100015,100,99636,100,100063,100,99564,100,100067,100,99555,100,100117,100,99498,100
2019-06-28 10:11:00.000000000,99826,152,99760,152,99832,152,99759,152,99955,152,99752,152,100002,152,99701,152,100008,152,99664,152,100015,100,99654,100,100063,100,99636,100,100067,100,99564,100,100117,100,99555,100,100238,100,99498,100
2019-06-28 10:11:10.000000000,99826,166,99760,166,99832,166,99759,166,99955,166,99752,166,100002,166,99701,166,100008,100,99664,100,100015,100,99654,100,100063,100,99636,100,100067,100,99564,100,100117,100,99555,100,100238,100,99498,100
2019-06-28 10:11:19.480423405,99826,166,99760,166,99832,166,99759,166,99955,166,99752,166,100002,166,99701,166,100008,100,99664,100,100015,100,99654,100,100067,100,99636,100,100082,100,99564,100,100117,100,99555,100,100238,100,99498,100
2019-06-28 10:11:20.000000000,99826,166,99760,166,99832,166,99759,166,99955,166,99752,166,100002,166,99701,166,100008,100,99664,100,100015,100,99654,100,100067,100,99636,100,100082,100,99564,100,100117,100,99555,100,100238,100,99498,100
2019-06-28 10:11:30.000000000,99826,189,99760,189,99832,186,99759,186,99955,186,99752,186,100002,100,99701,100,100008,100,99664,100,100015,100,99654,100,100067,100,99636,100,100082,100,99564,100,100117,100,99555,100,100238,100,99498,100
2019-06-28 10:11:40.000000000,99826,152,99760,152,99832,152,99759,152,99955,152,99752,152,100002,152,99701,152,100008,152,99664,152,100015,100,99654,100,100067,100,99636,100,100082,100,99564,100,100117,100,99555,100,100238,100,99498,100
