,ask_price_1,ask_size_1,bid_price_1,bid_size_1,ask_price_2,ask_size_2,bid_price_2,bid_size_2,ask_price_3,ask_size_3,bid_price_3,bid_size_3,ask_price_4,ask_size_4,bid_price_4,bid_size_4,ask_price_5,ask_size_5,bid_price_5,bid_size_5,ask_price_6,ask_size_6,bid_price_6,bid_size_6,ask_price_7,ask_size_7,bid_price_7,bid_size_7,ask_price_8,ask_size_8,bid_price_8,bid_size_8,ask_price_9,ask_size_9,bid_price_9,bid_size_9,ask_price_10,ask_size_10,bid_price_10,bid_size_10
2019-06-28 09:30:00.000000000,,,99898,100,,,,,,,,,,,,,,,,,,,,,,,,,,,,,,,,,,,,
2019-06-28 09:30:00.000000002,100075,100,99898,100,,,,,,,,,,,,,,,,,,,,,,,,,,,,,,,,,,,,
2019-06-28 09:30:00.000000004,100075,100,100042,100,100233,100,99898,100,,,,,,,,,,,,,,,,,,,,,,,,,,,,,,,,
2019-06-28 09:30:00.000000006,100075,100,100042,100,100078,100,99898,100,100233,100,,,,,,,,,,,,,,,,,,,,,,,,,,,,,,
2019-06-28 09:30:00.000000009,100075,100,100042,100,100078,100,99898,100,100127,100,,,100156,100,,,100233,100,,,,,,,,,,,,,,,,,,,,,,
2019-06-28 09:30:00.000000010,100075,100,100042,100,100078,100,99898,100,100108,100,,,100127,100,,,100156,100,,,100233,100,,,,,,,,,,,,,,,,,,
2019-06-28 09:30:00.000000011,100075,100,100042,100,100078,100,99898,100,100108,100,99880,100,100117,100,,,100127,100,,,100156,100,,,100233,100,,,,,,,,,,,,,,
2019-06-28 09:30:00.000000014,100075,100,100042,100,100078,100,99906,100,100108,100,99898,100,100117,100,99880,100,100127,100,,,100146,100,,,100156,100,,,100233,100,,,,,,,,,,
2019-06-28 09:30:00.000000015,100075,100,99906,100,100078,100,99898,100,100108,100,99880,100,100117,100,,,100127,100,,,100146,100,,,100156,100,,,100233,100,,,,,,,,,,
2019-06-28 09:30:00.000000021,100075,100,99906,100,100078,100,99898,100,100108,100,99880,100,100117,100,99875,100,100127,100,,,100146,100,,,100156,100,,,100233,100,,,,,,,,,,
2019-06-28 09:30:00.000000023,100075,100,99906,100,100078,100,99898,100,100082,100,99880,100,100108,100,99875,100,100117,100,,,100127,100,,,100146,100,,,100156,100,,,100233,100,,,,,,
2019-06-28 09:30:00.000000024,100062,100,99986,100,100075,100,99906,100,100078,100,99898,100,100082,100,99880,100,100108,100,99875,100,100117,100,,,100127,100,,,100146,100,,,100156,100,,,100233,100,,
2019-06-28 09:30:00.000000025,100062,100,99986,100,100075,100,99906,100,100078,100,99898,100,100082,100,99880,100,100108,100,99875,100,100117,100,99828,100,100127,100,,,100146,100,,,100156,100,,,100233,100,,
2019-06-28 09:30:00.000000026,100062,100,99986,100,100075,100,99906,100,100078,100,99898,100,100082,100,99880,100,100108,100,99875,100,100117,100,99828,100,100127,100,,,100139,100,,,100146,100,,,100156,100,,
2019-06-28 09:30:00.000000028,100062,100,99986,100,100075,100,99906,100,100078,100,99898,100,100082,100,99880,100,100108,100,99875,100,100111,100,99828,100,100117,100,,,100127,100,,,100139,100,,,100146,100,,
2019-06-28 09:30:00.000000029,100062,100,99986,100,100075,100,99907,100,100078,100,99906,100,100082,100,99898,100,100108,100,99880,100,100111,100,99875,100,100117,100,99828,100,100127,100,,,100139,100,,,100146,100,,
2019-06-28 09:30:00.000000031,100062,100,99986,100,100075,100,99907,100,100078,100,99906,100,100082,100,99898,100,100108,100,99880,100,100111,100,99876,100,100117,100,99875,100,100127,100,99828,100,100139,100,,,100146,100,,
2019-06-28 09:30:00.000000033,100049,100,99986,100,100062,100,99907,100,100075,100,99906,100,100078,100,99898,100,100082,100,99880,100,100108,100,99876,100,100111,100,99875,100,100117,100,99828,100,100127,100,,,100139,100,,
2019-06-28 09:30:00.000000034,100049,100,99986,100,100062,100,99907,100,100075,100,99906,100,100078,100,99898,100,100082,100,99880,100,100108,100,99876,100,100111,100,99875,100,100117,100,99866,100,100127,100,99828,100,100139,100,,
2019-06-28 09:30:00.000000038,100049,100,99986,100,100062,100,99907,100,100075,100,99906,100,100078,100,99898,100,100082,100,99880,100,100108,100,99876,100,100111,100,99875,100,100117,100,99866,100,100127,100,99828,100,100139,100,,
2019-06-28 09:30:00.000000040,99988,100,99986,100,100049,100,99907,100,100062,100,99906,100,100075,100,99898,100,100078,100,99880,100,100082,100,99876,100,100108,100,99875,100,100111,100,99866,100,100117,100,99828,100,100127,100,,
2019-06-28 09:30:00.000000041,99988,100,99986,100,100049,100,99966,100,100062,100,99907,100,100075,100,99906,100,100078,100,99898,100,100082,100,99880,100,100108,100,99876,100,100111,100,99875,100,100117,100,99866,100,100127,100,99828,100
2019-06-28 09:30:00.000000042,100049,100,99986,100,100062,100,99966,100,100075,100,99907,100,100078,100,99906,100,100082,100,99898,100,100108,100,99880,100,100111,100,99876,100,100117,100,99875,100,100127,100,99866,100,100139,100,99828,100
2019-06-28 09:30:00.000000045,100049,100,99966,100,100062,100,99907,100,100075,100,99906,100,100078,100,99898,100,100082,100,99880,100,100108,100,99876,100,100111,100,99875,100,100117,100,99866,100,100127,100,99828,100,100139,100,,
2019-06-28 09:30:00.000000047,100049,100,99986,100,100062,100,99966,100,100075,100,99907,100,100078,100,99906,100,100082,100,99898,100,100108,100,99880,100,100111,100,99876,100,100117,100,99875,100,100127,100,99866,100,100139,100,99828,100
2019-06-28 09:30:00.000000048,100049,100,99986,100,100062,100,99966,100,100075,100,99907,100,100078,100,99906,100,100082,100,99898,100,100108,200,99880,100,100111,100,99876,100,100117,100,99875,100,100127,100,99866,100,100139,100,99828,100
2019-06-28 09:30:00.000000049,100049,100,99986,100,100062,100,99966,100,100075,100,99907,100,100078,100,99906,100,100079,100,99898,100,100082,100,99880,100,100108,200,99876,100,100111,100,99875,100,100117,100,99866,100,100127,100,99828,100
2019-06-28 09:30:00.000000053,100049,100,99986,200,100062,100,99966,100,100075,100,99907,100,100078,100,99906,100,100079,100,99898,100,100082,100,99880,100,100108,200,99876,100,100111,100,99875,100,100117,100,99866,100,100127,100,99828,100
2019-06-28 09:30:00.000000057,100049,100,99986,300,100062,100,99966,100,100075,100,99907,100,100078,100,99906,100,100079,100,99898,100,100082,100,99880,100,100108,200,99876,100,100111,100,99875,100,100117,100,99866,100,100127,100,99828,100
2019-06-28 09:30:00.000000058,100037,100,99986,300,100049,100,99966,100,100051,100,99907,100,100062,100,99906,100,100075,100,99898,100,100078,100,99880,100,100079,100,99876,100,100082,100,99875,100,100108,200,99866,100,100111,100,99828,100
2019-06-28 09:30:00.000000059,100037,100,100005,100,100049,100,99986,300,100051,100,99966,100,100062,100,99964,100,100075,100,99907,100,100078,100,99906,100,100079,100,99898,100,100082,100,99880,100,100108,200,99876,100,100111,100,99875,100
2019-06-28 09:30:00.000000061,100037,100,100005,100,100049,100,99986,400,100051,100,99966,100,100062,100,99964,100,100075,100,99907,100,100078,100,99906,100,100079,100,99898,100,100082,100,99880,100,100108,200,99876,100,100111,100,99875,100
2019-06-28 09:30:00.000000065,100049,100,100005,100,100051,100,99986,400,100062,100,99966,100,100075,100,99964,100,100078,100,99907,100,100079,100,99906,100,100082,100,99898,100,100108,200,99880,100,100111,100,99876,100,100117,100,99875,100
2019-06-28 09:30:00.000000067,100037,100,100005,100,100049,100,99986,400,100051,100,99979,100,100062,100,99966,100,100075,100,99964,100,100078,100,99907,100,100079,100,99906,100,100082,100,99898,100,100108,200,99880,100,100111,100,99876,100
2019-06-28 09:30:00.000000070,100035,100,100005,100,100037,100,99986,400,100049,100,99979,100,100051,100,99966,100,100062,100,99964,100,100075,100,99907,100,100078,100,99906,100,100079,100,99898,100,100082,100,99880,100,100108,200,99876,100
2019-06-28 09:30:00.000000071,100035,100,100005,100,100037,100,99999,100,100049,100,99986,400,100051,100,99979,100,100062,100,99966,100,100075,100,99964,100,100078,100,99907,100,100079,100,99906,100,100082,100,99898,100,100108,200,99880,100
2019-06-28 09:30:00.000000076,100035,100,100005,100,100037,100,99999,100,100049,100,99986,400,100051,100,99979,100,100062,100,99966,100,100075,100,99964,100,100078,100,99907,100,100079,100,99906,100,100082,100,99898,100,100108,200,99890,100
2019-06-28 09:30:00.000000077,100037,100,100005,100,100049,100,99999,100,100051,100,99986,400,100062,100,99979,100,100075,100,99966,100,100078,100,99964,100,100079,100,99907,100,100082,100,99906,100,100108,200,99898,100,100111,100,99890,100
2019-06-28 09:30:00.000000078,100037,100,100005,100,100049,100,99999,100,100051,100,99986,400,100062,100,99979,100,100070,100,99966,100,100075,100,99964,100,100078,100,99907,100,100079,100,99906,100,100082,100,99898,100,100108,200,99890,100
2019-06-28 09:30:00.000000083,100037,100,100005,100,100049,100,99999,100,100051,100,99986,400,100062,100,99979,100,100070,100,99966,100,100075,100,99964,100,100078,100,99907,100,100079,100,99906,100,100082,100,99900,100,100108,200,99898,100
2019-06-28 09:30:00.000000085,100037,100,100005,100,100049,100,99999,100,100051,100,99986,400,100062,100,99979,100,100070,100,99966,100,100075,100,99964,100,100078,100,99907,100,100079,100,99906,100,100082,100,99900,100,100108,200,99898,100
2019-06-28 09:30:00.000000088,100037,100,99999,100,100041,100,99986,400,100049,100,99979,100,100051,100,99966,100,100062,100,99964,100,100070,100,99907,100,100075,100,99906,100,100078,100,99900,100,100079,100,99898,100,100082,100,99890,100
2019-06-28 09:30:00.000000090,100035,100,99999,100,100037,100,99986,400,100041,100,99979,100,100049,100,99966,100,100051,100,99964,100,100062,100,99907,100,100070,100,99906,100,100075,100,99900,100,100078,100,99898,100,100079,100,99890,100
2019-06-28 09:30:00.000000091,100031,100,99999,100,100035,100,99986,400,100037,100,99979,100,100041,100,99966,100,100049,100,99964,100,100051,100,99907,100,100062,100,99906,100,100070,100,99900,100,100075,100,99898,100,100078,100,99890,100
2019-06-28 09:30:00.000000093,100031,100,99999,100,100035,100,99986,400,100037,100,99979,100,100041,100,99966,100,100049,100,99964,100,100051,100,99916,100,100062,100,99907,100,100070,100,99906,100,100075,100,99900,100,100078,100,99898,100
2019-06-28 09:30:00.000000095,100021,100,99999,100,100031,100,99986,400,100035,100,99979,100,100037,100,99966,100,100041,100,99964,100,100049,100,99916,100,100051,100,99907,100,100062,100,99906,100,100070,100,99900,100,100075,100,99898,100
2019-06-28 09:30:00.000000097,100021,100,99999,100,100031,100,99986,400,100035,100,99979,100,100037,100,99966,100,100041,100,99964,100,100049,100,99916,100,100051,100,99911,100,100062,100,99907,100,100070,100,99906,100,100075,100,99900,100
2019-06-28 09:30:00.000000098,100021,100,99999,100,100031,200,99986,400,100035,100,99979,100,100037,100,99976,100,100041,100,99966,100,100049,100,99964,100,100051,100,99916,100,100062,100,99911,100,100070,100,99907,100,100075,100,99906,100
2019-06-28 09:30:00.000000099,100021,100,99999,100,100031,200,99986,400,100035,100,99979,100,100037,100,99976,100,100041,100,99966,100,100048,100,99964,100,100049,100,99916,100,100051,100,99911,100,100062,100,99907,100,100070,100,99906,100
2019-06-28 09:30:10.000000000,100021,191,99999,191,100031,289,99986,489,100035,189,99979,189,100037,100,99976,100,100041,100,99966,100,100048,100,99964,100,100049,100,99916,100,100051,100,99911,100,100062,100,99907,100,100070,100,99906,100
2019-06-28 09:30:13.338868131,100021,191,100005,100,100031,189,99999,191,100035,189,99986,489,100037,100,99979,189,100041,100,99976,100,100048,100,99966,100,100049,100,99964,100,100051,100,99916,100,100062,100,99911,100,100070,100,99907,100
2019-06-28 09:30:20.000000000,100021,234,100005,234,100031,234,99999,234,100035,100,99986,400,100037,100,99979,100,100041,100,99976,100,100048,100,99966,100,100049,100,99964,100,100051,100,99916,100,100062,100,99911,100,100070,100,99907,100
2019-06-28 09:30:22.489075131,100021,234,100005,234,100031,334,99999,234,100035,100,99986,400,100037,100,99979,100,100041,100,99976,100,100048,100,99966,100,100049,100,99964,100,100051,100,99916,100,100062,100,99911,100,100070,100,99907,100
2019-06-28 09:30:29.612077654,100021,234,100005,234,100031,434,99999,234,100035,100,99986,300,100037,100,99979,100,100041,100,99976,100,100048,100,99966,100,100049,100,99964,100,100051,100,99916,100,100062,100,99911,100,100070,100,99907,100
2019-06-28 09:30:30.000000000,100021,154,100005,154,100031,354,99999,154,100035,154,99986,354,100037,154,99979,154,100041,154,99976,154,100048,100,99966,100,100049,100,99964,100,100051,100,99916,100,100062,100,99911,100,100070,100,99907,100
2019-06-28 09:30:40.000000000,100021,191,100005,191,100031,389,99999,189,100035,189,99986,389,100037,100,99979,100,100041,100,99976,100,100048,100,99966,100,100049,100,99964,100,100051,100,99916,100,100062,100,99911,100,100070,100,99907,100
2019-06-28 09:30:50.000000000,100021,369,100005,369,100031,300,99999,100,100035,100,99986,300,100037,100,99979,100,100041,100,99976,100,100048,100,99966,100,100049,100,99964,100,100051,100,99916,100,100062,100,99911,100,100070,100,99907,100
2019-06-28 09:30:58.120373461,100021,369,100005,369,100031,400,99999,100,100035,100,99986,200,100037,100,99979,100,100041,100,99976,100,100048,100,99966,100,100049,100,99964,100,100051,100,99916,100,100062,100,99911,100,100070,100,99907,100
2019-06-28 09:31:00.000000000,100021,234,100005,234,100031,534,99999,234,100035,100,99986,200,100037,100,99979,100,100041,100,99976,100,100048,100,99966,100,100049,100,99964,100,100051,100,99916,100,100062,100,99911,100,100070,100,99907,100
2019-06-28 09:31:10.000000000,100021,191,100005,191,100031,489,99999,189,100035,189,99986,289,100037,100,99979,100,100041,100,99976,100,100048,100,99966,100,100049,100,99964,100,100051,100,99916,100,100062,100,99911,100,100070,100,99907,100
2019-06-28 09:31:20.000000000,100021,191,100005,191,100031,489,99999,189,100035,189,99986,289,100037,100,99979,100,100041,100,99976,100,100048,100,99966,100,100049,100,99964,100,100051,100,99916,100,100062,100,99911,100,100070,100,99907,100
2019-06-28 09:31:27.630313363,100021,191,100005,191,100031,489,99999,189,100035,189,99986,289,100037,100,99979,100,100041,100,99976,100,100048,100,99966,100,100049,100,99964,100,100051,100,99916,100,100062,100,99911,100,100070,100,99907,100
2019-06-28 09:31:30.000000000,100021,234,100005,234,100031,534,99999,234,100035,100,99986,200,100037,100,99979,100,100041,100,99976,100,100048,100,99966,100,100049,100,99964,100,100051,100,99916,100,100062,100,99911,100,100070,100,99907,100
2019-06-28 09:31:32.389333451,100021,134,100005,234,100031,534,99999,234,100035,100,99986,200,100037,100,99979,100,100041,100,99976,100,100048,100,99966,100,100049,100,99964,100,100051,100,99916,100,100062,100,99911,100,100070,100,99907,100
2019-06-28 09:31:40.000000000,100031,534,100005,234,100035,234,99999,234,100037,100,99986,200,100041,100,99979,100,100048,100,99976,100,100049,100,99966,100,100051,100,99964,100,100062,100,99916,100,100070,100,99911,100,100075,100,99907,100
2019-06-28 09:31:47.811075625,100031,534,100021,100,100035,234,100005,234,100037,100,99999,234,100041,100,99986,200,100048,100,99979,100,100049,100,99976,100,100051,100,99966,100,100062,100,99964,100,100070,100,99916,100,100075,100,99911,100
2019-06-28 09:31:50.000000000,100031,534,100021,234,100035,234,100005,234,100037,100,99999,100,100041,100,99986,200,100048,100,99979,100,100049,100,99976,100,100051,100,99966,100,100062,100,99964,100,100070,100,99916,100,100075,100,99911,100
2019-06-28 09:31:56.602862319,100031,434,100021,234,100035,234,100005,234,100037,100,99999,100,100041,100,99986,200,100048,100,99979,100,100049,100,99976,100,100051,100,99966,100,100062,100,99964,100,100070,100,99911,100,100075,100,99907,100
2019-06-28 09:32:00.000000000,100031,391,100021,191,100035,189,100005,189,100037,189,99999,189,100041,100,99986,200,100048,100,99979,100,100049,100,99976,100,100051,100,99966,100,100062,100,99964,100,100070,100,99911,100,100075,100,99907,100
2019-06-28 09:32:04.250627014,100031,391,100021,91,100035,189,100005,189,100037,189,99999,189,100041,100,99986,200,100048,100,99979,100,100049,100,99976,100,100051,100,99966,100,100062,100,99964,100,100070,100,99911,100,100075,100,99907,100
2019-06-28 09:32:10.000000000,100031,434,100005,234,100035,234,99999,234,100037,100,99986,200,100041,100,99979,100,100048,100,99976,100,100049,100,99966,100,100051,100,99964,100,100062,100,99911,100,100070,100,99907,100,100075,100,99906,100
2019-06-28 09:32:20.000000000,100031,569,100005,369,100035,100,99999,100,100037,100,99986,200,100041,100,99979,100,100048,100,99976,100,100049,100,99966,100,100051,100,99964,100,100062,100,99911,100,100070,100,99907,100,100075,100,99906,100
2019-06-28 09:32:21.568629354,100031,569,100005,369,100035,100,99999,100,100037,100,99986,200,100041,100,99979,100,100048,100,99976,100,100049,100,99966,100,100051,100,99964,100,100062,100,99907,100,100070,100,99906,100,100075,100,99900,100
2019-06-28 09:32:30.000000000,100031,569,100005,369,100035,100,99999,100,100037,100,99986,200,100041,100,99979,100,100048,100,99976,100,100049,100,99966,100,100051,100,99964,100,100062,100,99907,100,100070,100,99906,100,100075,100,99900,100
2019-06-28 09:32:39.550367636,100031,569,100005,369,100035,100,99999,100,100037,100,99986,200,100048,100,99979,100,100049,100,99976,100,100051,100,99966,100,100062,100,99964,100,100070,100,99907,100,100075,100,99906,100,100078,100,99900,100
2019-06-28 09:32:40.000000000,100031,367,100005,167,100035,167,99999,167,100037,167,99986,267,100048,167,99979,167,100049,100,99976,100,100051,100,99966,100,100062,100,99964,100,100070,100,99907,100,100075,100,99906,100,100078,100,99900,100
2019-06-28 09:32:50.000000000,100031,434,100005,234,100035,234,99999,234,100037,100,99986,200,100048,100,99979,100,100049,100,99976,100,100051,100,99966,100,100062,100,99964,100,100070,100,99907,100,100075,100,99906,100,100078,100,99900,100
2019-06-28 09:33:00.000000000,100031,569,100005,369,100035,100,99999,100,100037,100,99986,200,100048,100,99979,100,100049,100,99976,100,100051,100,99966,100,100062,100,99964,100,100070,100,99907,100,100075,100,99906,100,100078,100,99900,100
2019-06-28 09:33:10.000000000,100031,391,100005,191,100035,189,99999,189,100037,189,99986,289,100048,100,99979,100,100049,100,99976,100,100051,100,99966,100,100062,100,99964,100,100070,100,99907,100,100075,100,99906,100,100078,100,99900,100
2019-06-28 09:33:18.963674752,100031,291,100005,191,100035,189,99999,189,100037,189,99986,289,100048,100,99979,100,100049,100,99976,100,100051,100,99966,100,100062,100,99964,100,100070,100,99907,100,100075,100,99906,100,100078,100,99900,100
2019-06-28 09:33:20.000000000,100031,334,100005,234,100035,234,99999,234,100037,100,99986,200,100048,100,99979,100,100049,100,99976,100,100051,100,99966,100,100062,100,99964,100,100070,100,99907,100,100075,100,99906,100,100078,100,99900,100
2019-06-28 09:33:30.000000000,100031,291,100005,191,100035,189,99999,189,100037,189,99986,289,100048,100,99979,100,100049,100,99976,100,100051,100,99966,100,100062,100,99964,100,100070,100,99907,100,100075,100,99906,100,100078,100,99900,100
2019-06-28 09:33:40.000000000,100031,469,100005,369,100035,100,99999,100,100037,100,99986,200,100048,100,99979,100,100049,100,99976,100,100051,100,99966,100,100062,100,99964,100,100070,100,99907,100,100075,100,99906,100,100078,100,99900,100
2019-06-28 09:33:50.000000000,100031,254,100005,154,100035,154,99999,154,100037,154,99986,254,100048,154,99979,154,100049,154,99976,154,100051,100,99966,100,100062,100,99964,100,100070,100,99907,100,100075,100,99906,100,100078,100,99900,100
2019-06-28 09:33:54.650033935,100031,254,100005,154,100035,154,99999,154,100037,154,99986,254,100048,154,99979,154,100049,154,99976,154,100051,100,99966,100,100062,100,99964,100,100070,100,99907,100,100075,100,99906,100,100078,100,99900,100
2019-06-28 09:34:00.000000000,100031,267,100005,167,100035,167,99999,167,100037,167,99986,267,100048,167,99979,167,100049,100,99976,100,100051,100,99966,100,100062,100,99964,100,100070,100,99907,100,100075,100,99906,100,100078,100,99900,100
2019-06-28 09:34:10.000000000,100031,254,100005,154,100035,154,99999,154,100037,154,99986,254,100048,154,99979,154,100049,154,99976,154,100051,100,99966,100,100062,100,99964,100,100070,100,99907,100,100075,100,99906,100,100078,100,99900,100
2019-06-28 09:34:20.000000000,100031,254,100005,154,100035,154,99999,154,100037,154,99986,254,100048,154,99979,154,100049,154,99976,154,100051,100,99966,100,100062,100,99964,100,100070,100,99907,100,100075,100,99906,100,100078,100,99900,100
2019-06-28 09:34:30.000000000,100031,267,100005,167,100035,167,99999,167,100037,167,99986,267,100048,167,99979,167,100049,100,99976,100,100051,100,99966,100,100062,100,99964,100,100070,100,99907,100,100075,100,99906,100,100078,100,99900,100
2019-06-28 09:34:34.378558337,100031,267,100005,167,100035,167,99999,167,100037,167,99986,267,100048,167,99979,167,100049,100,99976,100,100051,100,99966,100,100062,100,99964,100,100070,100,99907,100,100075,100,99906,100,100078,100,99900,100
2019-06-28 09:34:37.683386175,100031,267,100005,167,100035,167,99999,167,100037,167,99986,267,100048,167,99979,167,100049,100,99976,100,100051,100,99966,100,100062,100,99964,100,100070,100,99907,100,100075,100,99906,100,100078,100,99900,100
2019-06-28 09:34:40.000000000,100031,291,100005,191,100035,189,99999,189,100037,189,99986,289,100048,100,99979,100,100049,100,99976,100,100051,100,99966,100,100062,100,99964,100,100070,100,99907,100,100075,100,99906,100,100078,100,99900,100
2019-06-28 09:34:50.000000000,100031,254,100005,154,100035,154,99999,154,100037,154,99986,254,100048,154,99979,154,100049,154,99976,154,100051,100,99966,100,100062,100,99964,100,100070,100,99907,100,100075,100,99906,100,100078,100,99900,100
2019-06-28 09:35:00.000000000,100031,334,100005,234,100035,234,99999,234,100037,100,99986,200,100048,100,99979,100,100049,100,99976,100,100051,100,99966,100,100062,100,99964,100,100070,100,99907,100,100075,100,99906,100,100078,100,99900,100
2019-06-28 09:35:02.882464017,100031,334,100005,234,100035,234,99999,234,100037,100,99986,200,100048,100,99979,100,100049,100,99966,100,100051,100,99964,100,100062,100,99907,100,100070,100,99906,100,100075,100,99900,100,100078,100,99898,100
2019-06-28 09:35:07.254354220,100031,334,100005,234,100035,234,99999,234,100037,100,99986,200,100048,100,99979,100,100049,100,99966,100,100051,100,99964,100,100062,100,99907,100,100070,100,99906,100,100075,100,99900,100,100078,100,99898,100
2019-06-28 09:35:10.000000000,100031,267,100005,167,100035,167,99999,167,100037,167,99986,267,100048,167,99979,167,100049,100,99966,100,100051,100,99964,100,100062,100,99907,100,100070,100,99906,100,100075,100,99900,100,100078,100,99898,100
2019-06-28 09:35:20.000000000,100031,334,100005,234,100035,234,99999,234,100037,100,99986,200,100048,100,99979,100,100049,100,99966,100,100051,100,99964,100,100062,100,99907,100,100070,100,99906,100,100075,100,99900,100,100078,100,99898,100
2019-06-28 09:35:23.874201042,100031,234,100005,234,100035,234,99999,234,100037,100,99986,200,100048,100,99979,100,100049,100,99966,100,100051,100,99964,100,100062,100,99907,100,100070,100,99906,100,100075,100,99900,100,100078,100,99898,100
2019-06-28 09:35:30.000000000,100031,154,100005,154,100035,154,99999,154,100037,154,99986,254,100048,154,99979,154,100049,154,99966,154,100051,100,99964,100,100062,100,99907,100,100070,100,99906,100,100075,100,99900,100,100078,100,99898,100
2019-06-28 09:35:33.783801410,100031,54,100005,154,100035,154,99999,154,100037,154,99986,254,100048,154,99979,154,100049,154,99966,154,100051,100,99964,100,100062,100,99907,100,100070,100,99906,100,100075,100,99900,100,100078,100,99898,100
2019-06-28 09:35:39.611772360,100031,54,100005,154,100035,154,99999,154,100037,154,99986,254,100048,154,99979,154,100049,154,99966,154,100051,100,99964,100,100062,100,99907,100,100070,100,99906,100,100075,100,99900,100,100078,100,99898,100
2019-06-28 09:35:40.000000000,100035,369,100005,369,100037,100,99999,100,100048,100,99986,200,100049,100,99979,100,100051,100,99966,100,100062,100,99964,100,100070,100,99907,100,100075,100,99906,100,100078,100,99900,100,100079,100,99898,100
2019-06-28 09:35:47.318937544,100035,369,100031,100,100037,100,100005,369,100048,100,99999,100,100049,100,99986,200,100051,100,99979,100,100062,100,99966,100,100070,100,99964,100,100075,100,99907,100,100078,100,99906,100,100079,100,99900,100
2019-06-28 09:35:50.000000000,100035,234,100031,234,100037,234,100005,234,100048,100,99999,100,100049,100,99986,200,100051,100,99979,100,100062,100,99966,100,100070,100,99964,100,100075,100,99907,100,100078,100,99906,100,100079,100,99900,100
2019-06-28 09:35:56.025318110,100035,234,100031,334,100037,234,100005,234,100048,100,99999,100,100049,100,99986,200,100051,100,99979,100,100062,100,99966,100,100070,100,99964,100,100075,100,99907,100,100078,100,99906,100,100079,100,99900,100
2019-06-28 09:36:00.000000000,100035,167,100031,267,100037,167,100005,167,100048,167,99999,167,100049,167,99986,267,100051,100,99979,100,100062,100,99966,100,100070,100,99964,100,100075,100,99907,100,100078,100,99906,100,100079,100,99900,100
2019-06-28 09:36:10.000000000,100035,167,100031,267,100037,167,100005,167,100048,167,99999,167,100049,167,99986,267,100051,100,99979,100,100062,100,99966,100,100070,100,99964,100,100075,100,99907,100,100078,100,99906,100,100079,100,99900,100
2019-06-28 09:36:19.415802034,100035,67,100031,267,100037,167,100005,167,100048,167,99999,167,100049,167,99986,267,100051,100,99979,100,100062,100,99966,100,100070,100,99964,100,100075,100,99907,100,100078,100,99906,100,100079,100,99900,100
2019-06-28 09:36:20.000000000,100037,234,100031,334,100048,234,100005,234,100049,100,99999,100,100051,100,99986,200,100062,100,99979,100,100070,100,99966,100,100075,100,99964,100,100078,100,99907,100,100079,100,99906,100,100082,100,99900,100
2019-06-28 09:36:30.000000000,100037,167,100031,267,100048,167,100005,167,100049,167,99999,167,100051,167,99986,267,100062,100,99979,100,100070,100,99966,100,100075,100,99964,100,100078,100,99907,100,100079,100,99906,100,100082,100,99900,100
2019-06-28 09:36:40.000000000,100037,154,100031,254,100048,154,100005,154,100049,154,99999,154,100051,154,99986,254,100062,154,99979,154,100070,100,99966,100,100075,100,99964,100,100078,100,99907,100,100079,100,99906,100,100082,100,99900,100
2019-06-28 09:36:50.000000000,100037,234,100031,334,100048,234,100005,234,100049,100,99999,100,100051,100,99986,200,100062,100,99979,100,100070,100,99966,100,100075,100,99964,100,100078,100,99907,100,100079,100,99906,100,100082,100,99900,100
2019-06-28 09:37:00.000000000,100037,154,100031,254,100048,154,100005,154,100049,154,99999,154,100051,154,99986,254,100062,154,99979,154,100070,100,99966,100,100075,100,99964,100,100078,100,99907,100,100079,100,99906,100,100082,100,99900,100
2019-06-28 09:37:10.000000000,100037,154,100031,254,100048,154,100005,154,100049,154,99999,154,100051,154,99986,254,100062,154,99979,154,100070,100,99966,100,100075,100,99964,100,100078,100,99907,100,100079,100,99906,100,100082,100,99900,100
2019-06-28 09:37:11.302461654,100037,154,100031,254,100048,154,100005,154,100049,154,99999,154,100051,154,99986,254,100062,154,99979,154,100070,100,99966,100,100075,100,99964,100,100078,100,99907,100,100079,100,99906,100,100082,100,99900,100
2019-06-28 09:37:20.000000000,100037,167,100031,267,100048,167,100005,167,100049,167,99999,167,100051,167,99986,267,100062,100,99979,100,100070,100,99966,100,100075,100,99964,100,100078,100,99907,100,100079,100,99906,100,100082,100,99900,100
2019-06-28 09:37:30.000000000,100037,167,100031,267,100048,167,100005,167,100049,167,99999,167,100051,167,99986,267,100062,100,99979,100,100070,100,99966,100,100075,100,99964,100,100078,100,99907,100,100079,100,99906,100,100082,100,99900,100
2019-06-28 09:37:40.000000000,100037,234,100031,334,100048,234,100005,234,100049,100,99999,100,100051,100,99986,200,100062,100,99979,100,100070,100,99966,100,100075,100,99964,100,100078,100,99907,100,100079,100,99906,100,100082,100,99900,100
2019-06-28 09:37:47.017118125,100037,134,100031,334,100048,234,100005,234,100049,100,99999,100,100051,100,99986,200,100062,100,99979,100,100075,100,99966,100,100078,100,99964,100,100079,100,99907,100,100082,100,99906,100,100108,100,99900,100
2019-06-28 09:37:50.000000000,100048,167,100031,267,100049,167,100005,167,100051,167,99999,167,100062,167,99986,267,100075,100,99979,100,100078,100,99966,100,100079,100,99964,100,100082,100,99907,100,100108,100,99906,100,100111,100,99900,100
2019-06-28 09:38:00.000000000,100048,234,100031,334,100049,234,100005,234,100051,100,99999,100,100062,100,99986,200,100075,100,99979,100,100078,100,99966,100,100079,100,99964,100,100082,100,99907,100,100108,100,99906,100,100111,100,99900,100
2019-06-28 09:38:10.000000000,100048,167,100031,267,100049,167,100005,167,100051,167,99999,167,100062,167,99986,267,100075,100,99979,100,100078,100,99966,100,100079,100,99964,100,100082,100,99907,100,100108,100,99906,100,100111,100,99900,100
2019-06-28 09:38:12.927004403,100048,167,100031,267,100049,167,100005,167,100051,167,99999,167,100062,167,99986,167,100075,100,99979,100,100078,100,99966,100,100079,100,99964,100,100082,100,99907,100,100108,100,99906,100,100111,100,99900,100
2019-06-28 09:38:17.669073306,100048,167,100031,267,100049,167,100005,167,100051,167,99999,167,100062,167,99986,167,100075,100,99979,100,100078,100,99966,100,100079,100,99964,100,100082,100,99907,100,100108,100,99906,100,100111,100,99900,100
2019-06-28 09:38:20.000000000,100048,234,100031,334,100049,234,100005,234,100051,100,99999,100,100062,100,99986,100,100075,100,99979,100,100078,100,99966,100,100079,100,99964,100,100082,100,99907,100,100108,100,99906,100,100111,100,99900,100
2019-06-28 09:38:30.000000000,100048,369,100031,469,100049,100,100005,100,100051,100,99999,100,100062,100,99986,100,100075,100,99979,100,100078,100,99966,100,100079,100,99964,100,100082,100,99907,100,100108,100,99906,100,100111,100,99900,100
2019-06-28 09:38:30.425211976,100048,269,100031,469,100049,100,100005,100,100051,100,99999,100,100062,100,99986,100,100075,100,99979,100,100078,100,99966,100,100079,100,99964,100,100082,100,99907,100,100108,100,99906,100,100111,100,99900,100
2019-06-28 09:38:40.000000000,100049,191,100031,291,100051,189,100005,189,100062,189,99999,189,100075,100,99986,100,100078,100,99979,100,100079,100,99966,100,100082,100,99964,100,100108,100,99907,100,100111,100,99906,100,100126,100,99900,100
2019-06-28 09:38:50.000000000,100049,234,100031,334,100051,234,100005,234,100062,100,99999,100,100075,100,99986,100,100078,100,99979,100,100079,100,99966,100,100082,100,99964,100,100108,100,99907,100,100111,100,99906,100,100126,100,99900,100
2019-06-28 09:39:00.000000000,100049,369,100031,469,100051,100,100005,100,100062,100,99999,100,100075,100,99986,100,100078,100,99979,100,100079,100,99966,100,100082,100,99964,100,100108,100,99907,100,100111,100,99906,100,100126,100,99900,100
2019-06-28 09:39:10.000000000,100049,167,100031,267,100051,167,100005,167,100062,167,99999,167,100075,167,99986,167,100078,100,99979,100,100079,100,99966,100,100082,100,99964,100,100108,100,99907,100,100111,100,99906,100,100126,100,99900,100
2019-06-28 09:39:20.000000000,100049,234,100031,334,100051,234,100005,234,100062,100,99999,100,100075,100,99986,100,100078,100,99979,100,100079,100,99966,100,100082,100,99964,100,100108,100,99907,100,100111,100,99906,100,100126,100,99900,100
2019-06-28 09:39:30.000000000,100049,167,100031,267,100051,167,100005,167,100062,167,99999,167,100075,167,99986,167,100078,100,99979,100,100079,100,99966,100,100082,100,99964,100,100108,100,99907,100,100111,100,99906,100,100126,100,99900,100
2019-06-28 09:39:40.000000000,100049,369,100031,469,100051,100,100005,100,100062,100,99999,100,100075,100,99986,100,100078,100,99979,100,100079,100,99966,100,100082,100,99964,100,100108,100,99907,100,100111,100,99906,100,100126,100,99900,100
2019-06-28 09:39:50.000000000,100049,234,100031,334,100051,234,100005,234,100062,100,99999,100,100075,100,99986,100,100078,100,99979,100,100079,100,99966,100,100082,100,99964,100,100108,100,99907,100,100111,100,99906,100,100126,100,99900,100
2019-06-28 09:40:00.000000000,100049,154,100031,254,100051,154,100005,154,100062,154,99999,154,100075,154,99986,154,100078,154,99979,154,100079,100,99966,100,100082,100,99964,100,100108,100,99907,100,100111,100,99906,100,100126,100,99900,100
2019-06-28 09:40:10.000000000,100049,154,100031,254,100051,154,100005,154,100062,154,99999,154,100075,154,99986,154,100078,154,99979,154,100079,100,99966,100,100082,100,99964,100,100108,100,99907,100,100111,100,99906,100,100126,100,99900,100
2019-06-28 09:40:20.000000000,100049,154,100031,254,100051,154,100005,154,100062,154,99999,154,100075,154,99986,154,100078,154,99979,154,100079,100,99966,100,100082,100,99964,100,100108,100,99907,100,100111,100,99906,100,100126,100,99900,100
2019-06-28 09:40:28.922742742,100049,54,100031,254,100051,154,100005,154,100062,154,99999,154,100075,154,99986,154,100078,154,99979,154,100079,100,99966,100,100082,100,99964,100,100108,100,99907,100,100111,100,99906,100,100126,100,99900,100
2019-06-28 09:40:30.000000000,100051,191,100031,291,100062,189,100005,189,100075,189,99999,189,100078,100,99986,100,100079,100,99979,100,100082,100,99966,100,100108,100,99964,100,100111,100,99907,100,100126,100,99906,100,100139,100,99900,100
2019-06-28 09:40:33.783290291,100051,191,100031,291,100062,189,100005,189,100075,189,99999,189,100078,100,99986,100,100079,100,99979,100,100082,100,99966,100,100108,100,99964,100,100111,100,99907,100,100126,100,99906,100,100139,100,99900,100
2019-06-28 09:40:36.016161132,100051,191,100031,291,100062,189,100005,189,100075,189,99999,189,100078,100,99986,100,100079,100,99979,100,100082,100,99966,100,100108,100,99964,100,100111,100,99907,100,100126,100,99906,100,100139,100,99900,100
2019-06-28 09:40:36.652741061,100051,91,100031,291,100062,189,100005,189,100075,189,99999,189,100078,100,99986,100,100079,100,99979,100,100082,100,99966,100,100108,100,99964,100,100111,100,99907,100,100126,100,99906,100,100139,100,99900,100
2019-06-28 09:40:40.000000000,100062,234,100031,334,100075,234,100005,234,100078,100,99999,100,100079,100,99986,100,100082,100,99979,100,100108,100,99966,100,100111,100,99964,100,100126,100,99907,100,100139,100,99906,100,100140,100,99900,100
2019-06-28 09:40:50.000000000,100062,191,100031,291,100075,189,100005,189,100078,189,99999,189,100079,100,99986,100,100082,100,99979,100,100108,100,99966,100,100111,100,99964,100,100126,100,99907,100,100139,100,99906,100,100140,100,99900,100
2019-06-28 09:40:52.978397585,100062,191,100031,291,100075,189,100005,189,100078,189,99999,189,100079,100,99986,100,100108,100,99979,100,100111,100,99966,100,100126,100,99964,100,100139,100,99907,100,100140,100,99906,100,100156,100,99900,100
2019-06-28 09:41:00.000000000,100062,234,100031,334,100075,234,100005,234,100078,100,99999,100,100079,100,99986,100,100108,100,99979,100,100111,100,99966,100,100126,100,99964,100,100139,100,99907,100,100140,100,99906,100,100156,100,99900,100
2019-06-28 09:41:10.000000000,100062,369,100031,469,100075,100,100005,100,100078,100,99999,100,100079,100,99986,100,100108,100,99979,100,100111,100,99966,100,100126,100,99964,100,100139,100,99907,100,100140,100,99906,100,100156,100,99900,100
2019-06-28 09:41:20.000000000,100062,167,100031,267,100075,167,100005,167,100078,167,99999,167,100079,167,99986,167,100108,100,99979,100,100111,100,99966,100,100126,100,99964,100,100139,100,99907,100,100140,100,99906,100,100156,100,99900,100
2019-06-28 09:41:30.000000000,100062,234,100031,334,100075,234,100005,234,100078,100,99999,100,100079,100,99986,100,100108,100,99979,100,100111,100,99966,100,100126,100,99964,100,100139,100,99907,100,100140,100,99906,100,100156,100,99900,100
2019-06-28 09:41:31.963931497,100062,234,100031,334,100075,234,100005,234,100078,100,99999,100,100079,100,99986,100,100108,100,99979,100,100111,100,99966,100,100126,100,99964,100,100140,100,99907,100,100156,100,99906,100,100233,100,99900,100
2019-06-28 09:41:40.000000000,100062,167,100031,267,100075,167,100005,167,100078,167,99999,167,100079,167,99986,167,100108,100,99979,100,100111,100,99966,100,100126,100,99964,100,100140,100,99907,100,100156,100,99906,100,100233,100,99900,100
2019-06-28 09:41:42.078691121,100062,167,100031,267,100075,167,100005,167,100078,167,99999,167,100079,167,99986,167,100108,100,99979,100,100111,100,99966,100,100126,100,99964,100,100140,100,99907,100,100156,100,99906,100,100233,100,99900,100
2019-06-28 09:41:50.000000000,100062,234,100031,334,100075,234,100005,234,100078,100,99999,100,100079,100,99986,100,100108,100,99979,100,100111,100,99966,100,100126,100,99964,100,100140,100,99907,100,100156,100,99906,100,100233,100,99900,100
2019-06-28 09:41:54.992823542,100062,234,100049,100,100075,234,100031,334,100078,100,100005,234,100079,100,99999,100,100108,100,99986,100,100111,100,99979,100,100126,100,99966,100,100140,100,99964,100,100156,100,99907,100,100233,100,99906,100
2019-06-28 09:42:00.000000000,100062,234,100049,234,100075,234,100031,334,100078,100,100005,100,100079,100,99999,100,100108,100,99986,100,100111,100,99979,100,100126,100,99966,100,100140,100,99964,100,100156,100,99907,100,100233,100,99906,100
2019-06-28 09:42:05.548633132,100062,234,100049,234,100075,234,100031,334,100078,100,100005,100,100079,100,99999,100,100108,100,99986,100,100111,100,99979,100,100126,100,99966,100,100140,100,99964,100,100156,100,99907,100,100233,100,99906,100
2019-06-28 09:42:07.799341352,100062,134,100049,234,100075,234,100031,334,100078,100,100005,100,100079,100,99999,100,100108,100,99986,100,100111,100,99979,100,100126,100,99966,100,100140,100,99964,100,100156,100,99907,100,100233,100,99906,100
2019-06-28 09:42:10.000000000,100075,234,100049,234,100078,234,100031,334,100079,100,100005,100,100108,100,99999,100,100111,100,99986,100,100126,100,99979,100,100140,100,99966,100,100156,100,99964,100,100233,100,99907,100,100604,100,99906,100
2019-06-28 09:42:13.229640679,100075,234,100049,234,100078,234,100031,334,100079,100,100005,100,100108,100,99999,100,100111,100,99979,100,100126,100,99966,100,100140,100,99964,100,100156,100,99907,100,100233,100,99906,100,100604,100,99900,100
2019-06-28 09:42:20.000000000,100075,154,100049,154,100078,154,100031,254,100079,154,100005,154,100108,154,99999,154,100111,154,99979,154,100126,100,99966,100,100140,100,99964,100,100156,100,99907,100,100233,100,99906,100,100604,100,99900,100
2019-06-28 09:42:26.783066194,100075,54,100049,154,100078,154,100031,254,100079,154,100005,154,100108,154,99999,154,100111,154,99979,154,100126,100,99966,100,100140,100,99964,100,100156,100,99907,100,100233,100,99906,100,100604,100,99900,100
2019-06-28 09:42:30.000000000,100078,167,100049,167,100079,167,100031,267,100108,167,100005,167,100111,167,99999,167,100126,100,99979,100,100140,100,99966,100,100156,100,99964,100,100233,100,99907,100,100604,100,99906,100,100624,100,99900,100
2019-06-28 09:42:31.022171179,100078,67,100049,167,100079,167,100031,267,100108,167,100005,167,100111,167,99999,167,100126,100,99979,100,100140,100,99966,100,100156,100,99964,100,100233,100,99907,100,100604,100,99906,100,100624,100,99900,100
2019-06-28 09:42:40.000000000,100079,191,100049,191,100108,189,100031,289,100111,189,100005,189,100126,100,99999,100,100140,100,99979,100,100156,100,99966,100,100233,100,99964,100,100604,100,99907,100,100624,100,99906,100,100869,100,99900,100
2019-06-28 09:42:49.975074858,100079,91,100049,191,100108,189,100031,289,100111,189,100005,189,100126,100,99999,100,100140,100,99979,100,100156,100,99966,100,100233,100,99964,100,100604,100,99907,100,100624,100,99906,100,100869,100,99900,100
2019-06-28 09:42:50.000000000,100108,234,100049,234,100111,234,100031,334,100126,100,100005,100,100140,100,99999,100,100156,100,99979,100,100233,100,99966,100,100604,100,99964,100,100624,100,99907,100,100869,100,99906,100,101180,100,99900,100
2019-06-28 09:43:00.000000000,100108,154,100049,154,100111,154,100031,254,100126,154,100005,154,100140,154,99999,154,100156,154,99979,154,100233,100,99966,100,100604,100,99964,100,100624,100,99907,100,100869,100,99906,100,101180,100,99900,100
2019-06-28 09:43:02.845843816,100108,154,100049,154,100111,154,100031,254,100126,154,100005,154,100140,154,99999,154,100156,154,99979,154,100233,100,99966,100,100604,100,99964,100,100624,100,99907,100,100869,100,99906,100,101180,100,99900,100
2019-06-28 09:43:10.000000000,100108,154,100049,154,100111,154,100031,254,100126,154,100005,154,100140,154,99999,154,100156,154,99979,154,100233,100,99966,100,100604,100,99964,100,100624,100,99907,100,100869,100,99906,100,101180,100,99900,100
2019-06-28 09:43:12.761542173,100108,54,100049,154,100111,154,100031,254,100126,154,100005,154,100140,154,99999,154,100156,154,99979,154,100233,100,99966,100,100604,100,99964,100,100624,100,99907,100,100869,100,99906,100,101180,100,99900,100
2019-06-28 09:43:20.000000000,100111,234,100049,234,100126,234,100031,334,100140,100,100005,100,100156,100,99999,100,100233,100,99979,100,100604,100,99966,100,100624,100,99964,100,100869,100,99907,100,101180,100,99906,100,101369,100,99900,100
2019-06-28 09:43:28.576526342,100111,134,100049,234,100126,234,100031,334,100140,100,100005,100,100156,100,99999,100,100233,100,99979,100,100604,100,99966,100,100624,100,99964,100,100869,100,99907,100,101180,100,99906,100,101369,100,99900,100
2019-06-28 09:43:30.000000000,100126,154,100049,154,100140,154,100031,254,100156,154,100005,154,100233,154,99999,154,100604,154,99979,154,100624,100,99966,100,100869,100,99964,100,101180,100,99907,100,101369,100,99906,100,101390,100,99900,100
2019-06-28 09:43:40.000000000,100126,154,100049,154,100140,154,100031,254,100156,154,100005,154,100233,154,99999,154,100604,154,99979,154,100624,100,99966,100,100869,100,99964,100,101180,100,99907,100,101369,100,99906,100,101390,100,99900,100
2019-06-28 09:43:42.690892279,100126,154,100108,100,100140,154,100049,154,100156,154,100031,154,100233,154,100005,154,100604,154,99999,154,100624,100,99979,154,100869,100,99966,100,101180,100,99964,100,101369,100,99907,100,101390,100,99906,100
2019-06-28 09:43:50.000000000,100126,369,100108,369,100140,100,100049,100,100156,100,100031,100,100233,100,100005,100,100604,100,99999,100,100624,100,99979,100,100869,100,99966,100,101180,100,99964,100,101369,100,99907,100,101390,100,99906,100
2019-06-28 09:43:59.533808776,100126,269,100108,369,100140,100,100049,100,100156,100,100031,100,100233,100,100005,100,100604,100,99999,100,100624,100,99979,100,100869,100,99966,100,101180,100,99964,100,101369,100,99907,100,101390,100,99906,100
2019-06-28 09:44:00.000000000,100140,167,100108,167,100156,167,100049,167,100233,167,100031,167,100604,167,100005,167,100624,100,99999,100,100869,100,99979,100,101180,100,99966,100,101369,100,99964,100,101390,100,99907,100,101406,100,99906,100
2019-06-28 09:44:02.804614780,100140,167,100111,100,100156,167,100108,167,100233,167,100049,167,100604,167,100031,167,100624,100,100005,167,100869,100,99999,100,101180,100,99979,100,101369,100,99966,100,101390,100,99964,100,101406,100,99907,100
2019-06-28 09:44:10.000000000,100140,154,100111,154,100156,154,100108,154,100233,154,100049,154,100604,154,100031,154,100624,154,100005,154,100869,100,99999,100,101180,100,99979,100,101369,100,99966,100,101390,100,99964,100,101406,100,99907,100
2019-06-28 09:44:13.235358591,100140,54,100111,154,100156,154,100108,154,100233,154,100049,154,100604,154,100031,154,100624,154,100005,154,100869,100,99999,100,101180,100,99979,100,101369,100,99966,100,101390,100,99964,100,101406,100,99907,100
2019-06-28 09:44:20.000000000,100156,369,100111,369,100233,100,100108,100,100604,100,100049,100,100624,100,100031,100,100869,100,100005,100,101180,100,99999,100,101369,100,99979,100,101390,100,99966,100,101406,100,99964,100,101457,100,99907,100
2019-06-28 09:44:30.000000000,100156,154,100111,154,100233,154,100108,154,100604,154,100049,154,100624,154,100031,154,100869,154,100005,154,101180,100,99999,100,101369,100,99979,100,101390,100,99966,100,101406,100,99964,100,101457,100,99907,100
2019-06-28 09:44:32.151272676,100156,54,100111,154,100233,154,100108,154,100604,154,100049,154,100624,154,100031,154,100869,154,100005,154,101180,100,99999,100,101369,100,99979,100,101390,100,99966,100,101406,100,99964,100,101457,100,99907,100
2019-06-28 09:44:36.910025235,100156,54,100140,100,100233,154,100111,154,100604,154,100108,154,100624,154,100049,154,100869,154,100031,154,101180,100,100005,154,101369,100,99999,100,101390,100,99979,100,101406,100,99966,100,101457,100,99964,100
2019-06-28 09:44:40.000000000,100233,191,100140,191,100604,189,100111,189,100624,189,100108,189,100869,100,100049,100,101180,100,100031,100,101369,100,100005,100,101390,100,99999,100,101406,100,99979,100,101457,100,99966,100,101489,100,99964,100
2019-06-28 09:44:47.727830533,100233,191,100140,291,100604,189,100111,189,100624,189,100108,189,100869,100,100049,100,101180,100,100005,100,101369,100,99999,100,101390,100,99979,100,101406,100,99966,100,101457,100,99964,100,101489,100,99907,100
2019-06-28 09:44:50.000000000,100233,154,100140,254,100604,154,100111,154,100624,154,100108,154,100869,154,100049,154,101180,154,100005,154,101369,100,99999,100,101390,100,99979,100,101406,100,99966,100,101457,100,99964,100,101489,100,99907,100
2019-06-28 09:45:00.000000000,100233,154,100140,254,100604,154,100111,154,100624,154,100108,154,100869,154,100049,154,101180,154,100005,154,101369,100,99999,100,101390,100,99979,100,101406,100,99966,100,101457,100,99964,100,101489,100,99907,100
2019-06-28 09:45:10.000000000,100233,369,100140,469,100604,100,100111,100,100624,100,100108,100,100869,100,100049,100,101180,100,100005,100,101369,100,99999,100,101390,100,99979,100,101406,100,99966,100,101457,100,99964,100,101489,100,99907,100
2019-06-28 09:45:20.000000000,100233,167,100140,267,100604,167,100111,167,100624,167,100108,167,100869,167,100049,167,101180,100,100005,100,101369,100,99999,100,101390,100,99979,100,101406,100,99966,100,101457,100,99964,100,101489,100,99907,100
2019-06-28 09:45:24.185989805,100233,167,100140,367,100604,167,100111,167,100624,167,100108,167,100869,167,100049,167,101180,100,100005,100,101369,100,99999,100,101390,100,99979,100,101406,100,99966,100,101457,100,99964,100,101489,100,99907,100
2019-06-28 09:45:30.000000000,100233,167,100140,367,100604,167,100111,167,100624,167,100108,167,100869,167,100049,167,101180,100,100005,100,101369,100,99999,100,101390,100,99979,100,101406,100,99966,100,101457,100,99964,100,101489,100,99907,100
2019-06-28 09:45:37.767927732,100233,67,100140,367,100604,167,100111,167,100624,167,100108,167,100869,167,100049,167,101180,100,100005,100,101369,100,99999,100,101390,100,99979,100,101406,100,99966,100,101457,100,99964,100,101489,100,99907,100
2019-06-28 09:45:40.000000000,100604,369,100140,569,100624,100,100111,100,100869,100,100108,100,101180,100,100049,100,101369,100,100005,100,101390,100,99999,100,101406,100,99979,100,101457,100,99966,100,101489,100,99964,100,101517,100,99907,100
2019-06-28 09:45:44.878688987,100604,369,100156,100,100624,100,100140,569,100869,100,100111,100,101180,100,100108,100,101369,100,100049,100,101390,100,100005,100,101406,100,99999,100,101457,100,99979,100,101489,100,99966,100,101517,100,99964,100
2019-06-28 09:45:48.914145890,100604,269,100389,100,100624,100,100156,100,100869,100,100140,569,101180,100,100111,100,101369,100,100108,100,101390,100,100049,100,101406,100,100005,100,101457,100,99999,100,101489,100,99979,100,101517,100,99966,100
2019-06-28 09:45:50.000000000,100624,369,100389,369,100869,100,100156,100,101180,100,100140,300,101369,100,100111,100,101390,100,100108,100,101406,100,100049,100,101457,100,100005,100,101489,100,99999,100,101517,100,99979,100,101524,100,99966,100
2019-06-28 09:46:00.000000000,100624,369,100389,369,100869,100,100156,100,101180,100,100140,300,101369,100,100111,100,101390,100,100108,100,101406,100,100049,100,101457,100,100005,100,101489,100,99999,100,101517,100,99979,100,101524,100,99966,100
2019-06-28 09:46:10.000000000,100624,191,100389,191,100869,189,100156,189,101180,189,100140,389,101369,100,100111,100,101390,100,100108,100,101406,100,100049,100,101457,100,100005,100,101489,100,99999,100,101517,100,99979,100,101524,100,99966,100
2019-06-28 09:46:13.456122463,100502,100,100389,191,100624,191,100156,189,100869,189,100140,389,101180,189,100111,100,101369,100,100108,100,101390,100,100049,100,101406,100,100005,100,101457,100,99999,100,101489,100,99979,100,101517,100,99966,100
2019-06-28 09:46:15.941530081,100502,100,100389,191,100624,191,100350,100,100869,189,100156,189,101180,189,100140,389,101369,100,100111,100,101390,100,100108,100,101406,100,100049,100,101457,100,100005,100,101489,100,99999,100,101517,100,99979,100
2019-06-28 09:46:20.000000000,100502,167,100389,167,100624,167,100350,167,100869,167,100156,167,101180,167,100140,367,101369,100,100111,100,101390,100,100108,100,101406,100,100049,100,101457,100,100005,100,101489,100,99999,100,101517,100,99979,100
2019-06-28 09:46:21.667627142,100502,167,100389,167,100624,167,100350,167,100869,167,100156,167,101180,167,100140,367,101369,100,100111,100,101390,100,100108,100,101406,100,100049,100,101457,100,100005,100,101489,100,99999,100,101517,100,99979,100
2019-06-28 09:46:30.000000000,100502,154,100389,154,100624,154,100350,154,100869,154,100156,154,101180,154,100140,354,101369,154,100111,154,101390,100,100108,100,101406,100,100049,100,101457,100,100005,100,101489,100,99999,100,101517,100,99979,100
2019-06-28 09:46:40.000000000,100502,369,100389,369,100624,100,100350,100,100869,100,100156,100,101180,100,100140,300,101369,100,100111,100,101390,100,100108,100,101406,100,100049,100,101457,100,100005,100,101489,100,99999,100,101517,100,99979,100
2019-06-28 09:46:50.000000000,100502,234,100389,234,100624,234,100350,234,100869,100,100156,100,101180,100,100140,300,101369,100,100111,100,101390,100,100108,100,101406,100,100049,100,101457,100,100005,100,101489,100,99999,100,101517,100,99979,100
2019-06-28 09:46:57.343549701,100502,234,100415,100,100624,234,100389,234,100869,100,100350,234,101180,100,100156,100,101369,100,100140,300,101390,100,100111,100,101406,100,100108,100,101457,100,100049,100,101489,100,100005,100,101517,100,99999,100
2019-06-28 09:47:00.000000000,100502,234,100415,234,100624,234,100389,234,100869,100,100350,100,101180,100,100156,100,101369,100,100140,300,101390,100,100111,100,101406,100,100108,100,101457,100,100049,100,101489,100,100005,100,101517,100,99999,100
2019-06-28 09:47:04.305394660,100502,134,100430,100,100624,234,100415,234,100869,100,100389,234,101180,100,100350,100,101369,100,100156,100,101390,100,100140,300,101406,100,100111,100,101457,100,100108,100,101489,100,100049,100,101517,100,100005,100
2019-06-28 09:47:05.290014222,100502,134,100464,100,100624,234,100430,100,100869,100,100415,234,101180,100,100389,234,101369,100,100350,100,101390,100,100156,100,101406,100,100140,300,101457,100,100111,100,101489,100,100108,100,101517,100,100049,100
2019-06-28 09:47:10.000000000,100624,167,100464,167,100869,167,100430,167,101180,167,100415,167,101369,167,100389,167,101390,100,100350,100,101406,100,100156,100,101457,100,100140,300,101489,100,100111,100,101517,100,100108,100,101524,100,100049,100
2019-06-28 09:47:20.000000000,100624,167,100464,167,100869,167,100430,167,101180,167,100415,167,101369,167,100389,167,101390,100,100350,100,101406,100,100156,100,101457,100,100140,300,101489,100,100111,100,101517,100,100108,100,101524,100,100049,100
2019-06-28 09:47:30.000000000,100624,167,100464,167,100869,167,100430,167,101180,167,100415,167,101369,167,100389,167,101390,100,100350,100,101406,100,100156,100,101457,100,100140,300,101489,100,100111,100,101517,100,100108,100,101524,100,100049,100
2019-06-28 09:47:37.311644874,100624,167,100464,167,100869,167,100430,167,101180,167,100415,167,101369,167,100389,167,101390,100,100350,100,101406,100,100156,200,101457,100,100140,200,101489,100,100111,100,101517,100,100108,100,101524,100,100049,100
2019-06-28 09:47:40.000000000,100624,369,100464,369,100869,100,100430,100,101180,100,100415,100,101369,100,100389,100,101390,100,100350,100,101406,100,100156,200,101457,100,100140,200,101489,100,100111,100,101517,100,100108,100,101524,100,100049,100
2019-06-28 09:47:45.539617170,100624,269,100464,369,100869,100,100430,100,101180,100,100415,100,101369,100,100389,100,101390,100,100350,100,101406,100,100156,200,101457,100,100140,200,101489,100,100111,100,101517,100,100108,100,101524,100,100049,100
2019-06-28 09:47:50.000000000,100869,167,100464,167,101180,167,100430,167,101369,167,100415,167,101390,167,100389,167,101406,100,100350,100,101457,100,100156,200,101489,100,100140,200,101517,100,100111,100,101524,100,100108,100,101544,100,100049,100
2019-06-28 09:48:00.000000000,100869,234,100464,234,101180,234,100430,234,101369,100,100415,100,101390,100,100389,100,101406,100,100350,100,101457,100,100156,200,101489,100,100140,200,101517,100,100111,100,101524,100,100108,100,101544,100,100049,100
2019-06-28 09:48:00.859579550,100869,234,100464,234,101180,234,100430,234,101369,100,100415,100,101390,100,100389,100,101406,100,100350,100,101457,100,100156,200,101489,100,100140,100,101517,100,100111,100,101524,100,100108,100,101544,100,100049,100
2019-06-28 09:48:06.717425565,100869,234,100464,234,101180,234,100430,234,101369,100,100415,100,101390,100,100389,100,101406,100,100350,100,101457,100,100156,200,101517,100,100140,100,101524,100,100111,100,101544,100,100108,100,101582,100,100049,100
2019-06-28 09:48:10.000000000,100869,369,100464,369,101180,100,100430,100,101369,100,100415,100,101390,100,100389,100,101406,100,100350,100,101457,100,100156,200,101517,100,100140,100,101524,100,100111,100,101544,100,100108,100,101582,100,100049,100
2019-06-28 09:48:12.545900183,100869,369,100464,369,101180,100,100430,100,101369,100,100415,100,101390,100,100389,100,101406,100,100350,100,101457,100,100156,200,101501,100,100140,100,101517,100,100111,100,101524,100,100108,100,101544,100,100049,100
2019-06-28 09:48:14.671273781,100869,269,100464,369,101180,100,100430,100,101369,100,100415,100,101390,100,100389,100,101406,100,100350,100,101457,100,100156,200,101501,100,100140,100,101517,100,100111,100,101524,100,100108,100,101544,100,100049,100
2019-06-28 09:48:17.644394313,100869,269,100464,369,101180,100,100430,100,101369,100,100415,100,101390,100,100389,100,101406,100,100350,100,101457,100,100156,200,101501,100,100140,100,101517,100,100111,100,101524,100,100108,100,101544,100,100049,100
2019-06-28 09:48:19.167667438,100869,269,100464,369,101180,100,100430,100,101369,100,100415,100,101390,100,100389,100,101406,100,100350,100,101457,100,100156,200,101501,100,100140,100,101517,100,100111,100,101524,100,100108,100,101544,100,100049,100
2019-06-28 09:48:20.000000000,101180,369,100464,369,101369,100,100430,100,101390,100,100415,100,101406,100,100389,100,101457,100,100350,100,101501,100,100156,200,101517,100,100140,100,101524,100,100111,100,101544,100,100108,100,101582,100,100049,100
2019-06-28 09:48:30.000000000,101180,234,100464,234,101369,234,100430,234,101390,100,100415,100,101406,100,100389,100,101457,100,100350,100,101501,100,100156,200,101517,100,100140,100,101524,100,100111,100,101544,100,100108,100,101582,100,100049,100
2019-06-28 09:48:38.124609059,101180,234,100464,234,101369,234,100430,234,101390,100,100415,100,101406,100,100389,100,101457,100,100350,100,101501,100,100156,200,101517,100,100140,100,101523,100,100111,100,101524,100,100108,100,101544,100,100049,100
2019-06-28 09:48:40.000000000,101180,167,100464,167,101369,167,100430,167,101390,167,100415,167,101406,167,100389,167,101457,100,100350,100,101501,100,100156,200,101517,100,100140,100,101523,100,100111,100,101524,100,100108,100,101544,100,100049,100
2019-06-28 09:48:48.587615467,101180,167,100464,167,101369,167,100430,167,101390,167,100415,167,101406,167,100389,167,101457,100,100350,100,101501,100,100156,200,101517,100,100140,100,101523,100,100111,100,101524,100,100108,100,101544,100,100049,100
2019-06-28 09:48:50.000000000,101180,234,100464,234,101369,234,100430,234,101390,100,100415,100,101406,100,100389,100,101457,100,100350,100,101501,100,100156,200,101517,100,100140,100,101523,100,100111,100,101524,100,100108,100,101544,100,100049,100
2019-06-28 09:48:56.427863094,101180,234,100464,234,101369,234,100430,234,101390,100,100415,100,101406,100,100389,100,101457,100,100350,100,101501,100,100156,200,101517,100,100140,100,101523,100,100111,100,101524,100,100108,100,101544,100,100005,100
2019-06-28 09:48:59.710074495,101180,234,100502,100,101369,234,100464,234,101390,100,100430,234,101406,100,100415,100,101457,100,100389,100,101501,100,100350,100,101517,100,100156,200,101523,100,100140,100,101524,100,100111,100,101544,100,100108,100
2019-06-28 09:49:00.000000000,101180,234,100502,234,101369,234,100464,234,101390,100,100430,100,101406,100,100415,100,101457,100,100389,100,101501,100,100350,100,101517,100,100156,200,101523,100,100140,100,101524,100,100111,100,101544,100,100108,100
2019-06-28 09:49:02.093371844,101180,234,100502,234,101369,234,100464,234,101390,100,100430,100,101406,100,100415,100,101457,100,100389,100,101501,100,100350,100,101517,100,100156,200,101523,100,100140,100,101524,100,100111,100,101544,100,100108,100
2019-06-28 09:49:06.882809777,101180,134,100502,234,101369,234,100464,234,101390,100,100430,100,101406,100,100415,100,101457,100,100389,100,101501,100,100350,100,101517,100,100156,200,101523,100,100140,100,101524,100,100111,100,101544,100,100108,100
2019-06-28 09:49:07.032455968,101180,134,100502,134,101369,234,100464,234,101390,100,100430,100,101406,100,100415,100,101457,100,100389,100,101501,100,100350,100,101517,100,100156,200,101523,100,100140,100,101524,100,100111,100,101544,100,100108,100
2019-06-28 09:49:10.000000000,101369,167,100464,167,101390,167,100430,167,101406,167,100415,167,101457,167,100389,167,101501,100,100350,100,101517,100,100156,200,101523,100,100140,100,101524,100,100111,100,101544,100,100108,100,101582,100,100005,100
2019-06-28 09:49:20.000000000,101369,167,100464,167,101390,167,100430,167,101406,167,100415,167,101457,167,100389,167,101501,100,100350,100,101517,100,100156,200,101523,100,100140,100,101524,100,100111,100,101544,100,100108,100,101582,100,100005,100
2019-06-28 09:49:22.035771509,101369,67,100464,167,101390,167,100430,167,101406,167,100415,167,101457,167,100389,167,101501,100,100350,100,101517,100,100156,200,101523,100,100140,100,101544,100,100111,100,101582,100,100108,100,101652,100,100005,100
2019-06-28 09:49:30.000000000,101390,167,100464,167,101406,167,100430,167,101457,167,100415,167,101501,167,100389,167,101517,100,100350,100,101523,100,100156,200,101544,100,100140,100,101582,100,100111,100,101652,100,100108,100,101657,100,100005,100
2019-06-28 09:49:40.000000000,101390,154,100464,154,101406,154,100430,154,101457,154,100415,154,101501,154,100389,154,101517,154,100350,154,101523,100,100156,200,101544,100,100140,100,101582,100,100111,100,101652,100,100108,100,101657,100,100005,100
2019-06-28 09:49:50.000000000,101390,167,100464,167,101406,167,100430,167,101457,167,100415,167,101501,167,100389,167,101517,100,100350,100,101523,100,100156,200,101544,100,100140,100,101582,100,100111,100,101652,100,100108,100,101657,100,100005,100
2019-06-28 09:50:00.000000000,101390,167,100464,167,101406,167,100430,167,101457,167,100415,167,101501,167,100389,167,101517,100,100350,100,101523,100,100156,200,101544,100,100140,100,101582,100,100111,100,101652,100,100108,100,101657,100,100005,100
2019-06-28 09:50:10.000000000,101390,167,100464,167,101406,167,100430,167,101457,167,100415,167,101501,167,100389,167,101517,100,100350,100,101523,100,100156,200,101544,100,100140,100,101582,100,100111,100,101652,100,100108,100,101657,100,100005,100
2019-06-28 09:50:16.326146466,101390,167,101180,100,101406,167,100464,167,101457,167,100430,167,101501,167,100415,167,101517,100,100389,167,101523,100,100350,100,101544,100,100156,200,101582,100,100140,100,101652,100,100111,100,101657,100,100108,100
2019-06-28 09:50:20.000000000,101390,234,101180,234,101406,234,100464,234,101457,100,100430,100,101501,100,100415,100,101517,100,100389,100,101523,100,100350,100,101544,100,100156,200,101582,100,100140,100,101652,100,100111,100,101657,100,100108,100
2019-06-28 09:50:30.000000000,101390,234,101180,234,101406,234,100464,234,101457,100,100430,100,101501,100,100415,100,101517,100,100389,100,101523,100,100350,100,101544,100,100156,200,101582,100,100140,100,101652,100,100111,100,101657,100,100108,100
2019-06-28 09:50:33.664988998,101390,134,101180,234,101406,234,100464,234,101457,100,100430,100,101501,100,100415,100,101517,100,100389,100,101523,100,100350,100,101544,100,100156,200,101582,100,100140,100,101652,100,100111,100,101657,100,100108,100
2019-06-28 09:50:40.000000000,101406,234,101180,234,101457,234,100464,234,101501,100,100430,100,101517,100,100415,100,101523,100,100389,100,101544,100,100350,100,101582,100,100156,200,101652,100,100140,100,101657,100,100111,100,101756,100,100108,100
2019-06-28 09:50:40.892035107,101406,234,101369,100,101457,234,101180,234,101501,100,100464,234,101517,100,100430,100,101523,100,100415,100,101544,100,100389,100,101582,100,100350,100,101652,100,100156,200,101657,100,100140,100,101756,100,100111,100
2019-06-28 09:50:48.591015573,101406,234,101369,200,101457,234,101180,234,101501,100,100464,234,101517,100,100430,100,101523,100,100415,100,101544,100,100389,100,101582,100,100350,100,101652,100,100156,200,101657,100,100140,100,101756,100,100111,100
2019-06-28 09:50:50.000000000,101406,167,101369,267,101457,167,101180,167,101501,167,100464,167,101517,167,100430,167,101523,100,100415,100,101544,100,100389,100,101582,100,100350,100,101652,100,100156,200,101657,100,100140,100,101756,100,100111,100
2019-06-28 09:50:52.263092144,101406,67,101369,267,101457,167,101180,167,101501,167,100464,167,101517,167,100430,167,101523,100,100415,100,101544,100,100389,100,101582,100,100350,100,101652,100,100156,200,101657,100,100140,100,101756,100,100111,100
2019-06-28 09:50:59.963217927,101457,167,101406,33,101501,167,101369,267,101517,167,101180,167,101523,100,100464,167,101544,100,100430,167,101582,100,100415,100,101652,100,100389,100,101657,100,100350,100,101756,100,100156,200,,,100140,100
2019-06-28 09:51:00.000000000,101457,191,101406,124,101501,189,101369,289,101517,189,101180,189,101523,100,100464,100,101544,100,100430,100,101582,100,100415,100,101652,100,100389,100,101657,100,100350,100,101756,100,100156,200,,,100140,100
2019-06-28 09:51:01.486989192,101457,191,101406,124,101501,89,101369,289,101517,189,101180,189,101523,100,100464,100,101544,100,100430,100,101582,100,100415,100,101651,100,100389,100,101652,100,100350,100,101657,100,100156,200,101756,100,100140,100
2019-06-28 09:51:04.188119206,101457,191,101406,124,101501,89,101369,289,101517,189,101180,189,101523,100,100464,100,101544,100,100430,100,101582,100,100415,100,101651,100,100389,100,101652,100,100350,100,101657,100,100156,200,101756,100,100111,100
2019-06-28 09:51:10.000000000,101457,369,101406,302,101517,100,101369,200,101523,100,101180,100,101544,100,100464,100,101582,100,100430,100,101651,100,100415,100,101652,100,100389,100,101657,100,100350,100,101756,100,100156,200,,,100111,100
2019-06-28 09:51:14.864727913,101457,369,101406,302,101517,100,101369,200,101523,100,101180,100,101544,100,100464,100,101582,100,100430,100,101651,100,100415,100,101652,100,100389,100,101657,100,100350,100,101756,100,100156,200,101928,100,100111,100
2019-06-28 09:51:20.000000000,101457,369,101406,302,101517,100,101369,200,101523,100,101180,100,101544,100,100464,100,101582,100,100430,100,101651,100,100415,100,101652,100,100389,100,101657,100,100350,100,101756,100,100156,200,101928,100,100111,100
2019-06-28 09:51:22.391514364,101457,369,101406,402,101517,100,101369,200,101523,100,101180,100,101544,100,100464,100,101582,100,100430,100,101651,100,100415,100,101652,100,100389,100,101657,100,100350,100,101756,100,100156,200,101928,100,100111,100
2019-06-28 09:51:25.454342177,101457,369,101406,402,101517,100,101369,200,101523,100,101180,100,101544,100,100464,100,101582,100,100430,100,101651,100,100415,100,101652,100,100389,100,101657,100,100350,100,101756,100,100156,200,101928,100,100111,100
2019-06-28 09:51:30.000000000,101457,167,101406,200,101517,167,101369,267,101523,167,101180,167,101544,167,100464,167,101582,100,100430,100,101651,100,100415,100,101652,100,100389,100,101657,100,100350,100,101756,100,100156,200,101928,100,100111,100
2019-06-28 09:51:39.246648659,101457,67,101406,200,101517,167,101369,267,101523,167,101180,167,101544,167,100464,167,101651,100,100430,100,101652,100,100415,100,101657,100,100389,100,101756,100,100350,100,101928,100,100156,200,101936,100,100111,100
2019-06-28 09:51:39.778403483,101457,67,101406,200,101517,167,101369,267,101523,167,101180,167,101544,167,100464,167,101651,100,100430,100,101652,100,100415,100,101657,100,100389,100,101713,100,100350,100,101756,100,100156,200,101928,100,100111,100
2019-06-28 09:51:40.000000000,101517,234,101406,267,101523,234,101369,334,101544,100,101180,100,101651,100,100464,100,101652,100,100430,100,101657,100,100415,100,101713,100,100389,100,101756,100,100350,100,101928,100,100156,200,101936,100,100111,100
2019-06-28 09:51:50.000000000,101517,191,101406,224,101523,189,101369,289,101544,189,101180,189,101651,100,100464,100,101652,100,100430,100,101657,100,100415,100,101713,100,100389,100,101756,100,100350,100,101928,100,100156,200,101936,100,100111,100
2019-06-28 09:52:00.000000000,101517,191,101406,224,101523,189,101369,289,101544,189,101180,189,101651,100,100464,100,101652,100,100430,100,101657,100,100415,100,101713,100,100389,100,101756,100,100350,100,101928,100,100156,200,101936,100,100111,100
2019-06-28 09:52:10.000000000,101517,167,101406,200,101523,167,101369,267,101544,167,101180,167,101651,167,100464,167,101652,100,100430,100,101657,100,100415,100,101713,100,100389,100,101756,100,100350,100,101928,100,100156,200,101936,100,100111,100
2019-06-28 09:52:20.000000000,101517,369,101406,402,101523,100,101369,200,101544,100,101180,100,101651,100,100464,100,101652,100,100430,100,101657,100,100415,100,101713,100,100389,100,101756,100,100350,100,101928,100,100156,200,101936,100,100111,100
2019-06-28 09:52:26.531168135,101517,369,101406,302,101523,100,101369,200,101544,100,101180,100,101651,100,100464,100,101652,100,100430,100,101657,100,100415,100,101756,100,100389,100,101928,100,100350,100,101936,100,100156,200,,,100111,100
2019-06-28 09:52:30.000000000,101517,154,101406,87,101523,154,101369,254,101544,154,101180,154,101651,154,100464,154,101652,154,100430,154,101657,100,100415,100,101756,100,100389,100,101928,100,100350,100,101936,100,100156,200,,,100111,100
2019-06-28 09:52:31.528659681,101406,13,101369,254,101517,154,101180,154,101523,154,100464,154,101544,154,100430,154,101651,154,100415,100,101652,154,100389,100,101657,100,100350,100,101756,100,100156,200,101928,100,100111,100,101936,100,100108,100
2019-06-28 09:52:32.415555663,101406,13,101369,154,101517,154,101180,154,101523,154,100464,154,101544,154,100430,154,101651,154,100389,100,101652,154,100350,100,101657,100,100156,200,101756,100,100111,100,101928,100,100108,100,101936,100,100005,100
2019-06-28 09:52:40.000000000,101406,147,101369,234,101517,234,101180,234,101523,100,100464,100,101544,100,100430,100,101651,100,100389,100,101652,100,100350,100,101657,100,100156,200,101756,100,100111,100,101928,100,100108,100,101936,100,100005,100
2019-06-28 09:52:50.000000000,101406,80,101369,167,101517,167,101180,167,101523,167,100464,167,101544,167,100430,167,101651,100,100389,100,101652,100,100350,100,101657,100,100156,200,101756,100,100111,100,101928,100,100108,100,101936,100,100005,100
2019-06-28 09:52:55.394579205,101406,80,101369,67,101517,167,101180,167,101523,167,100464,167,101544,167,100430,167,101651,100,100389,100,101652,100,100350,100,101657,100,100156,200,101756,100,100111,100,101928,100,100108,100,101936,100,100005,100
2019-06-28 09:53:00.000000000,101406,80,101180,167,101517,167,100464,167,101523,167,100430,167,101544,167,100389,167,101651,100,100350,100,101652,100,100156,200,101657,100,100111,100,101756,100,100108,100,101928,100,100005,100,101936,100,99999,100
2019-06-28 09:53:10.000000000,101406,282,101180,369,101517,100,100464,100,101523,100,100430,100,101544,100,100389,100,101651,100,100350,100,101652,100,100156,200,101657,100,100111,100,101756,100,100108,100,101928,100,100005,100,101936,100,99999,100
2019-06-28 09:53:20.000000000,101406,147,101180,234,101517,234,100464,234,101523,100,100430,100,101544,100,100389,100,101651,100,100350,100,101652,100,100156,200,101657,100,100111,100,101756,100,100108,100,101928,100,100005,100,101936,100,99999,100
2019-06-28 09:53:30.000000000,101406,282,101180,369,101517,100,100464,100,101523,100,100430,100,101544,100,100389,100,101651,100,100350,100,101652,100,100156,200,101657,100,100111,100,101756,100,100108,100,101928,100,100005,100,101936,100,99999,100
2019-06-28 09:53:35.834106137,101406,269,101180,269,101517,100,100464,100,101523,100,100430,100,101544,100,100389,100,101651,100,100350,100,101652,100,100156,200,101657,100,100111,100,101756,100,100108,100,101928,100,100005,100,101936,100,99999,100
2019-06-28 09:53:38.565542692,101369,100,101180,269,101406,269,100464,100,101517,100,100430,100,101523,100,100389,100,101544,100,100350,100,101651,100,100156,200,101652,100,100111,100,101657,100,100108,100,101756,100,100005,100,101928,100,99999,100
2019-06-28 09:53:40.000000000,101369,167,100464,167,101517,167,100430,167,101523,167,100389,167,101544,167,100350,167,101651,100,100156,200,101652,100,100111,100,101657,100,100108,100,101756,100,100005,100,101928,100,99999,100,101936,100,99979,100
2019-06-28 09:53:50.000000000,101369,154,100464,154,101517,154,100430,154,101523,154,100389,154,101544,154,100350,154,101651,154,100156,254,101652,100,100111,100,101657,100,100108,100,101756,100,100005,100,101928,100,99999,100,101936,100,99979,100
2019-06-28 09:53:52.579332659,101369,254,100464,154,101517,154,100430,154,101523,154,100389,154,101544,154,100350,154,101651,154,100156,254,101652,100,100111,100,101657,100,100108,100,101756,100,100005,100,101928,100,99999,100,101936,100,99979,100
2019-06-28 09:54:00.000000000,101369,254,100464,154,101517,154,100430,154,101523,154,100389,154,101544,154,100350,154,101651,154,100156,254,101652,100,100111,100,101657,100,100108,100,101756,100,100005,100,101928,100,99999,100,101936,100,99979,100
2019-06-28 09:54:05.466231568,101369,254,100539,100,101517,154,100464,154,101523,154,100430,154,101544,154,100389,154,101651,154,100350,154,101652,100,100156,254,101657,100,100111,100,101756,100,100108,100,101928,100,100005,100,101936,100,99999,100
2019-06-28 09:54:10.000000000,101369,469,100539,369,101517,100,100464,100,101523,100,100430,100,101544,100,100389,100,101651,100,100350,100,101652,100,100156,200,101657,100,100111,100,101756,100,100108,100,101928,100,100005,100,101936,100,99999,100
2019-06-28 09:54:20.000000000,101369,334,100539,234,101517,234,100464,234,101523,100,100430,100,101544,100,100389,100,101651,100,100350,100,101652,100,100156,200,101657,100,100111,100,101756,100,100108,100,101928,100,100005,100,101936,100,99999,100
2019-06-28 09:54:25.349630584,101369,334,100685,100,101517,234,100539,234,101523,100,100464,234,101544,100,100430,100,101651,100,100389,100,101652,100,100350,100,101657,100,100156,200,101756,100,100111,100,101928,100,100108,100,101936,100,100005,100
2019-06-28 09:54:30.000000000,101369,469,100685,369,101517,100,100539,100,101523,100,100464,100,101544,100,100430,100,101651,100,100389,100,101652,100,100350,100,101657,100,100156,200,101756,100,100111,100,101928,100,100108,100,101936,100,100005,100
2019-06-28 09:54:40.000000000,101369,291,100685,191,101517,189,100539,189,101523,189,100464,189,101544,100,100430,100,101651,100,100389,100,101652,100,100350,100,101657,100,100156,200,101756,100,100111,100,101928,100,100108,100,101936,100,100005,100
2019-06-28 09:54:47.900384124,100912,100,100685,191,101369,291,100539,189,101517,189,100464,189,101523,189,100430,100,101544,100,100389,100,101651,100,100350,100,101652,100,100156,200,101657,100,100111,100,101756,100,100108,100,101928,100,100005,100
2019-06-28 09:54:50.000000000,100912,154,100685,154,101369,254,100539,154,101517,154,100464,154,101523,154,100430,154,101544,154,100389,154,101651,100,100350,100,101652,100,100156,200,101657,100,100111,100,101756,100,100108,100,101928,100,100005,100
2019-06-28 09:55:00.000000000,100912,369,100685,369,101369,200,100539,100,101517,100,100464,100,101523,100,100430,100,101544,100,100389,100,101651,100,100350,100,101652,100,100156,200,101657,100,100111,100,101756,100,100108,100,101928,100,100005,100
2019-06-28 09:55:10.000000000,100912,167,100685,167,101369,267,100539,167,101517,167,100464,167,101523,167,100430,167,101544,100,100389,100,101651,100,100350,100,101652,100,100156,200,101657,100,100111,100,101756,100,100108,100,101928,100,100005,100
2019-06-28 09:55:19.894492154,100912,167,100685,67,101369,267,100539,167,101517,167,100464,167,101523,167,100430,167,101544,100,100389,100,101651,100,100350,100,101652,100,100156,200,101657,100,100111,100,101756,100,100108,100,101928,100,100005,100
2019-06-28 09:55:20.000000000,100912,234,100539,234,101369,334,100464,234,101517,100,100430,100,101523,100,100389,100,101544,100,100350,100,101651,100,100156,200,101652,100,100111,100,101657,100,100108,100,101756,100,100005,100,101928,100,99999,100
2019-06-28 09:55:24.974679584,100912,234,100539,234,101369,334,100464,234,101517,100,100430,100,101523,100,100389,100,101544,100,100350,100,101651,100,100332,100,101657,100,100156,200,101756,100,100111,100,101928,100,100108,100,101936,100,100005,100
2019-06-28 09:55:30.000000000,100912,154,100539,154,101369,254,100464,154,101517,154,100430,154,101523,154,100389,154,101544,154,100350,154,101651,100,100332,100,101657,100,100156,200,101756,100,100111,100,101928,100,100108,100,101936,100,100005,100
2019-06-28 09:55:40.000000000,100912,154,100539,154,101369,254,100464,154,101517,154,100430,154,101523,154,100389,154,101544,154,100350,154,101651,100,100332,100,101657,100,100156,200,101756,100,100111,100,101928,100,100108,100,101936,100,100005,100
2019-06-28 09:55:50.000000000,100912,154,100539,154,101369,254,100464,154,101517,154,100430,154,101523,154,100389,154,101544,154,100350,154,101651,100,100332,100,101657,100,100156,200,101756,100,100111,100,101928,100,100108,100,101936,100,100005,100
2019-06-28 09:55:58.379230658,100810,100,100539,154,100912,154,100464,154,101369,254,100430,154,101517,154,100389,154,101523,154,100350,154,101544,154,100332,100,101651,100,100156,200,101657,100,100111,100,101756,100,100108,100,101928,100,100005,100
2019-06-28 09:56:00.000000000,100810,191,100539,191,100912,189,100464,189,101369,289,100430,189,101517,100,100389,100,101523,100,100350,100,101544,100,100332,100,101651,100,100156,200,101657,100,100111,100,101756,100,100108,100,101928,100,100005,100
2019-06-28 09:56:07.250651712,100810,191,100615,100,100912,189,100539,191,101369,289,100464,189,101517,100,100430,189,101523,100,100389,100,101544,100,100350,100,101651,100,100332,100,101657,100,100156,200,101756,100,100111,100,101928,100,100108,100
2019-06-28 09:56:09.346006691,100810,191,100615,100,100812,100,100539,191,100912,189,100464,189,101369,289,100430,189,101517,100,100389,100,101523,100,100350,100,101544,100,100332,100,101651,100,100156,200,101657,100,100111,100,101756,100,100108,100
2019-06-28 09:56:10.000000000,100810,369,100615,369,100812,100,100539,100,100912,100,100464,100,101369,200,100430,100,101517,100,100389,100,101523,100,100350,100,101544,100,100332,100,101651,100,100156,200,101657,100,100111,100,101756,100,100108,100
2019-06-28 09:56:14.516284004,100810,369,100615,369,100812,100,100539,100,100851,100,100464,100,100912,100,100430,100,101369,200,100389,100,101517,100,100350,100,101523,100,100332,100,101544,100,100156,200,101651,100,100111,100,101657,100,100108,100
2019-06-28 09:56:20.000000000,100810,154,100615,154,100812,154,100539,154,100851,154,100464,154,100912,154,100430,154,101369,254,100389,154,101517,100,100350,100,101523,100,100332,100,101544,100,100156,200,101651,100,100111,100,101657,100,100108,100
2019-06-28 09:56:21.501990089,100810,154,100615,154,100812,154,100539,154,100851,154,100464,154,100912,154,100430,154,101102,100,100389,154,101369,254,100350,100,101517,100,100332,100,101523,100,100156,200,101544,100,100111,100,101651,100,100108,100
2019-06-28 09:56:30.000000000,100810,234,100615,234,100812,234,100539,234,100851,100,100464,100,100912,100,100430,100,101102,100,100389,100,101369,200,100350,100,101517,100,100332,100,101523,100,100156,200,101544,100,100111,100,101651,100,100108,100
2019-06-28 09:56:40.000000000,100810,234,100615,234,100812,234,100539,234,100851,100,100464,100,100912,100,100430,100,101102,100,100389,100,101369,200,100350,100,101517,100,100332,100,101523,100,100156,200,101544,100,100111,100,101651,100,100108,100
2019-06-28 09:56:50.000000000,100810,191,100615,191,100812,189,100539,189,100851,189,100464,189,100912,100,100430,100,101102,100,100389,100,101369,200,100350,100,101517,100,100332,100,101523,100,100156,200,101544,100,100111,100,101651,100,100108,100
2019-06-28 09:57:00.000000000,100810,234,100615,234,100812,234,100539,234,100851,100,100464,100,100912,100,100430,100,101102,100,100389,100,101369,200,100350,100,101517,100,100332,100,101523,100,100156,200,101544,100,100111,100,101651,100,100108,100
2019-06-28 09:57:05.514315938,100810,234,100615,234,100812,234,100539,234,100851,100,100464,100,100912,100,100430,100,101102,100,100389,100,101369,200,100350,100,101517,100,100332,100,101523,100,100156,200,101544,100,100111,100,101651,100,100108,100
2019-06-28 09:57:10.000000000,100810,191,100615,191,100812,189,100539,189,100851,189,100464,189,100912,100,100430,100,101102,100,100389,100,101369,200,100350,100,101517,100,100332,100,101523,100,100156,200,101544,100,100111,100,101651,100,100108,100
2019-06-28 09:57:18.980601709,100810,191,100615,91,100812,189,100539,189,100851,189,100464,189,100912,100,100430,100,101102,100,100389,100,101369,200,100350,100,101523,100,100332,100,101544,100,100156,200,101651,100,100111,100,101657,100,100108,100
2019-06-28 09:57:20.000000000,100810,167,100539,167,100812,167,100464,167,100851,167,100430,167,100912,167,100389,167,101102,100,100350,100,101369,200,100332,100,101523,100,100156,200,101544,100,100111,100,101651,100,100108,100,101657,100,100078,100
2019-06-28 09:57:30.000000000,100810,234,100539,234,100812,234,100464,234,100851,100,100430,100,100912,100,100389,100,101102,100,100350,100,101369,200,100332,100,101523,100,100156,200,101544,100,100111,100,101651,100,100108,100,101657,100,100078,100
2019-06-28 09:57:37.179697128,100810,234,100539,134,100812,234,100464,234,100851,100,100430,100,100912,100,100389,100,101102,100,100332,100,101369,200,100156,200,101523,100,100111,100,101544,100,100108,100,101651,100,100078,100,101657,100,100005,100
2019-06-28 09:57:40.000000000,100810,369,100464,369,100812,100,100430,100,100851,100,100389,100,100912,100,100332,100,101102,100,100156,200,101369,200,100111,100,101523,100,100108,100,101544,100,100078,100,101651,100,100005,100,101657,100,99999,100
2019-06-28 09:57:50.000000000,100810,234,100464,234,100812,234,100430,234,100851,100,100389,100,100912,100,100332,100,101102,100,100156,200,101369,200,100111,100,101523,100,100108,100,101544,100,100078,100,101651,100,100005,100,101657,100,99999,100
2019-06-28 09:57:59.918068591,100810,234,100464,234,100812,234,100430,234,100851,100,100389,100,100912,100,100332,100,101102,100,100256,100,101369,200,100156,200,101523,100,100111,100,101544,100,100108,100,101651,100,100078,100,101657,100,100005,100
2019-06-28 09:58:00.000000000,100810,154,100464,154,100812,154,100430,154,100851,154,100389,154,100912,154,100332,154,101102,154,100256,154,101369,200,100156,200,101523,100,100111,100,101544,100,100108,100,101651,100,100078,100,101657,100,100005,100
2019-06-28 09:58:06.532007039,100478,100,100464,154,100810,154,100430,154,100812,154,100389,154,100851,154,100332,154,100912,154,100256,154,101102,154,100156,200,101369,200,100111,100,101523,100,100108,100,101544,100,100078,100,101651,100,100005,100
2019-06-28 09:58:10.000000000,100478,154,100464,154,100810,154,100430,154,100812,154,100389,154,100851,154,100332,154,100912,154,100256,154,101102,100,100156,200,101369,200,100111,100,101523,100,100108,100,101544,100,100078,100,101651,100,100005,100
2019-06-28 09:58:13.495204646,100478,154,100464,154,100626,100,100430,154,100810,154,100389,154,100812,154,100332,154,100851,154,100256,154,100912,154,100156,200,101102,100,100111,100,101369,200,100108,100,101523,100,100078,100,101544,100,100005,100
2019-06-28 09:58:20.000000000,100478,234,100464,234,100626,234,100430,234,100810,100,100389,100,100812,100,100332,100,100851,100,100256,100,100912,100,100156,200,101102,100,100111,100,101369,200,100108,100,101523,100,100078,100,101544,100,100005,100
2019-06-28 09:58:30.000000000,100478,369,100464,369,100626,100,100430,100,100810,100,100389,100,100812,100,100332,100,100851,100,100256,100,100912,100,100156,200,101102,100,100111,100,101369,200,100108,100,101523,100,100078,100,101544,100,100005,100
2019-06-28 09:58:40.000000000,100478,369,100464,369,100626,100,100430,100,100810,100,100389,100,100812,100,100332,100,100851,100,100256,100,100912,100,100156,200,101102,100,100111,100,101369,200,100108,100,101523,100,100078,100,101544,100,100005,100
2019-06-28 09:58:44.156264994,100478,369,100464,269,100626,100,100430,100,100810,100,100389,100,100812,100,100332,100,100851,100,100256,100,100912,100,100156,200,101102,100,100111,100,101369,200,100108,100,101523,100,100078,100,101544,100,100005,100
2019-06-28 09:58:50.000000000,100478,191,100430,191,100626,189,100389,189,100810,189,100332,189,100812,100,100256,100,100851,100,100156,200,100912,100,100111,100,101102,100,100108,100,101369,200,100078,100,101523,100,100005,100,101544,100,99999,100
2019-06-28 09:58:57.174593262,100477,100,100430,191,100478,191,100389,189,100626,189,100332,189,100810,189,100256,100,100812,100,100156,200,100851,100,100111,100,100912,100,100108,100,101102,100,100078,100,101369,200,100005,100,101523,100,99999,100
2019-06-28 09:58:57.621470071,100477,100,100430,191,100478,191,100389,189,100626,89,100332,189,100636,100,100256,100,100810,189,100156,200,100812,100,100111,100,100851,100,100108,100,100912,100,100078,100,101102,100,100005,100,101369,200,99999,100
2019-06-28 09:59:00.000000000,100477,234,100430,234,100478,234,100389,234,100636,100,100332,100,100810,100,100256,100,100812,100,100156,200,100851,100,100111,100,100912,100,100108,100,101102,100,100078,100,101369,200,100005,100,101523,100,99999,100
2019-06-28 09:59:07.185407181,100477,234,100430,234,100478,234,100389,234,100539,100,100332,100,100636,100,100256,100,100810,100,100156,200,100812,100,100111,100,100851,100,100078,100,100912,100,100005,100,101102,100,99999,100,101369,200,99966,100
2019-06-28 09:59:10.000000000,100477,191,100430,191,100478,189,100389,189,100539,189,100332,189,100636,100,100256,100,100810,100,100156,200,100812,100,100111,100,100851,100,100078,100,100912,100,100005,100,101102,100,99999,100,101369,200,99966,100
2019-06-28 09:59:14.021905982,100477,191,100430,191,100478,189,100389,189,100539,189,100332,189,100636,100,100256,100,100810,100,100156,200,100812,100,100135,100,100851,100,100111,100,100912,100,100078,100,101102,100,100005,100,101369,200,99999,100
2019-06-28 09:59:14.485232304,100477,191,100430,191,100478,189,100389,189,100539,189,100377,100,100636,100,100332,189,100810,100,100256,100,100812,100,100156,200,100851,100,100135,100,100912,100,100111,100,101102,100,100078,100,101369,200,100005,100
2019-06-28 09:59:15.974684730,100477,191,100430,91,100478,189,100389,189,100539,189,100377,100,100636,100,100332,189,100810,100,100256,100,100812,100,100156,200,100851,100,100135,100,100912,100,100111,100,101102,100,100078,100,101369,200,100005,100
2019-06-28 09:59:20.000000000,100477,154,100389,154,100478,154,100377,154,100539,154,100332,154,100636,154,100256,154,100810,154,100156,254,100812,100,100135,100,100851,100,100111,100,100912,100,100078,100,101102,100,100005,100,101369,200,99999,100
2019-06-28 09:59:28.475556236,100464,100,100389,154,100477,154,100377,154,100478,154,100332,154,100539,154,100256,154,100636,154,100156,254,100810,154,100135,100,100812,100,100111,100,100851,100,100078,100,100912,100,100005,100,101102,100,99999,100
2019-06-28 09:59:30.000000000,100464,167,100389,167,100477,167,100377,167,100478,167,100332,167,100539,167,100256,167,100636,100,100156,200,100810,100,100135,100,100812,100,100111,100,100851,100,100078,100,100912,100,100005,100,101102,100,99999,100
2019-06-28 09:59:40.000000000,100464,191,100389,191,100477,189,100377,189,100478,189,100332,189,100539,100,100256,100,100636,100,100156,200,100810,100,100135,100,100812,100,100111,100,100851,100,100078,100,100912,100,100005,100,101102,100,99999,100
2019-06-28 09:59:50.000000000,100464,167,100389,167,100477,167,100377,167,100478,167,100332,167,100539,167,100256,167,100636,100,100156,200,100810,100,100135,100,100812,100,100111,100,100851,100,100078,100,100912,100,100005,100,101102,100,99999,100
2019-06-28 10:00:00.000000000,100464,154,100389,154,100477,154,100377,154,100478,154,100332,154,100539,154,100256,154,100636,154,100156,254,100810,100,100135,100,100812,100,100111,100,100851,100,100078,100,100912,100,100005,100,101102,100,99999,100
2019-06-28 10:00:10.000000000,100464,234,100389,234,100477,234,100377,234,100478,100,100332,100,100539,100,100256,100,100636,100,100156,200,100810,100,100135,100,100812,100,100111,100,100851,100,100078,100,100912,100,100005,100,101102,100,99999,100
2019-06-28 10:00:20.000000000,100464,154,100389,154,100477,154,100377,154,100478,154,100332,154,100539,154,100256,154,100636,154,100156,254,100810,100,100135,100,100812,100,100111,100,100851,100,100078,100,100912,100,100005,100,101102,100,99999,100
2019-06-28 10:00:29.101300063,100464,54,100389,154,100477,154,100377,154,100478,154,100332,154,100539,154,100256,154,100636,154,100156,254,100810,100,100135,100,100812,100,100111,100,100851,100,100078,100,100912,100,100005,100,101102,100,99999,100
2019-06-28 10:00:30.000000000,100477,369,100389,369,100478,100,100377,100,100539,100,100332,100,100636,100,100256,100,100810,100,100156,200,100812,100,100135,100,100851,100,100111,100,100912,100,100078,100,101102,100,100005,100,101369,200,99999,100
2019-06-28 10:00:40.000000000,100477,154,100389,154,100478,154,100377,154,100539,154,100332,154,100636,154,100256,154,100810,154,100156,254,100812,100,100135,100,100851,100,100111,100,100912,100,100078,100,101102,100,100005,100,101369,200,99999,100
2019-06-28 10:00:43.105905555,100477,154,100389,154,100478,154,100377,154,100539,154,100332,154,100636,154,100256,154,100810,154,100156,254,100812,100,100135,100,100851,100,100111,100,100877,100,100078,100,100912,100,100005,100,101102,100,99999,100
2019-06-28 10:00:43.510096266,100477,54,100389,154,100478,154,100377,154,100539,154,100332,154,100636,154,100256,154,100810,154,100156,254,100812,100,100135,100,100851,100,100111,100,100877,100,100078,100,100912,100,100005,100,101102,100,99999,100
2019-06-28 10:00:45.911372842,100478,154,100477,46,100539,154,100389,154,100636,54,100377,154,100810,154,100332,154,100812,100,100256,154,100851,100,100156,254,100877,100,100135,100,100912,100,100111,100,101102,100,100078,100,101369,200,100005,100
2019-06-28 10:00:50.000000000,100478,369,100477,315,100539,100,100389,100,100810,100,100377,100,100812,100,100332,100,100851,100,100256,100,100877,100,100156,200,100912,100,100135,100,101102,100,100111,100,101369,200,100078,100,101523,100,100005,100
2019-06-28 10:00:51.255464067,100478,369,100477,315,100539,100,100389,100,100810,100,100377,100,100812,100,100332,100,100851,100,100256,100,100877,100,100156,100,100912,100,100135,100,101102,100,100111,100,101369,200,100078,100,101523,100,100005,100
2019-06-28 10:01:00.000000000,100478,167,100477,113,100539,167,100389,167,100810,167,100377,167,100812,167,100332,167,100851,100,100256,100,100877,100,100156,100,100912,100,100135,100,101102,100,100111,100,101369,200,100078,100,101523,100,100005,100
2019-06-28 10:01:03.455987320,100478,67,100477,113,100539,167,100389,167,100810,167,100377,167,100812,167,100332,167,100851,100,100256,100,100877,100,100156,100,100912,100,100135,100,101102,100,100111,100,101369,200,100005,100,101523,100,99999,100
2019-06-28 10:01:10.000000000,100539,234,100477,180,100810,234,100389,234,100812,100,100377,100,100851,100,100332,100,100877,100,100256,100,100912,100,100156,100,101102,100,100135,100,101369,200,100111,100,101523,100,100005,100,101544,100,99999,100
2019-06-28 10:01:16.774391527,100539,234,100478,100,100810,234,100477,180,100812,100,100389,234,100851,100,100377,100,100877,100,100332,100,100912,100,100256,100,101102,100,100156,100,101369,200,100135,100,101523,100,100111,100,101544,100,100005,100
2019-06-28 10:01:20.000000000,100539,167,100478,167,100810,167,100477,113,100812,167,100389,167,100851,167,100377,167,100877,100,100332,100,100912,100,100256,100,101102,100,100156,100,101369,200,100135,100,101523,100,100111,100,101544,100,100005,100
2019-06-28 10:01:30.000000000,100539,234,100478,234,100810,234,100477,180,100812,100,100389,100,100851,100,100377,100,100877,100,100332,100,100912,100,100256,100,101102,100,100156,100,101369,200,100135,100,101523,100,100111,100,101544,100,100005,100
2019-06-28 10:01:40.000000000,100539,191,100478,191,100810,189,100477,135,100812,189,100389,189,100851,100,100377,100,100877,100,100332,100,100912,100,100256,100,101102,100,100156,100,101369,200,100135,100,101523,100,100111,100,101544,100,100005,100
2019-06-28 10:01:44.840106907,100539,91,100478,191,100810,189,100477,135,100812,189,100389,189,100851,100,100377,100,100877,100,100332,100,100912,100,100256,100,101102,100,100156,100,101369,200,100135,100,101544,100,100111,100,101651,100,100005,100
2019-06-28 10:01:49.309359369,100810,189,100539,9,100812,189,100478,191,100851,100,100477,135,100877,100,100389,189,100912,100,100377,100,101102,100,100332,100,101369,200,100256,100,101544,100,100156,100,101651,100,100135,100,101657,100,100111,100
2019-06-28 10:01:50.000000000,100810,234,100539,143,100812,234,100478,234,100851,100,100477,46,100877,100,100389,100,100912,100,100377,100,101102,100,100332,100,101369,200,100256,100,101544,100,100156,100,101651,100,100135,100,101657,100,100111,100
2019-06-28 10:01:59.928873830,100810,234,100539,243,100812,234,100478,234,100851,100,100477,46,100877,100,100389,100,100912,100,100377,100,101102,100,100332,100,101369,200,100256,100,101544,100,100156,100,101651,100,100135,100,101657,100,100111,100
2019-06-28 10:02:00.000000000,100810,167,100539,176,100812,167,100478,167,100851,167,100477,113,100877,167,100389,167,100912,100,100377,100,101102,100,100332,100,101369,200,100256,100,101544,100,100156,100,101651,100,100135,100,101657,100,100111,100
2019-06-28 10:02:10.000000000,100810,191,100539,200,100812,189,100478,189,100851,189,100477,135,100877,100,100389,100,100912,100,100377,100,101102,100,100332,100,101369,200,100256,100,101544,100,100156,100,101651,100,100135,100,101657,100,100111,100
2019-06-28 10:02:19.621689076,100810,191,100539,200,100812,189,100478,189,100851,189,100477,89,100877,100,100389,100,100912,100,100377,100,101006,100,100332,100,101102,100,100256,100,101369,200,100156,100,101544,100,100135,100,101651,100,100111,100
2019-06-28 10:02:20.000000000,100810,191,100539,200,100812,189,100478,189,100851,189,100389,189,100877,100,100377,100,100912,100,100332,100,101006,100,100256,100,101102,100,100156,100,101369,200,100135,100,101544,100,100111,100,101651,100,100005,100
2019-06-28 10:02:24.361558681,100810,91,100539,200,100812,189,100478,189,100851,189,100389,189,100912,100,100377,100,101006,100,100332,100,101102,100,100256,100,101369,200,100156,100,101544,100,100135,100,101651,100,100111,100,101657,100,100005,100
2019-06-28 10:02:28.076192199,100810,91,100539,200,100812,189,100478,189,100851,189,100389,189,100912,100,100377,100,101006,100,100332,100,101025,100,100256,100,101102,100,100156,100,101369,200,100135,100,101544,100,100111,100,101651,100,100005,100
2019-06-28 10:02:28.907362282,100810,91,100620,100,100812,189,100539,200,100851,189,100478,189,100912,100,100389,189,101006,100,100377,100,101025,100,100332,100,101102,100,100256,100,101369,200,100156,100,101544,100,100135,100,101651,100,100111,100
2019-06-28 10:02:30.000000000,100812,234,100620,234,100851,234,100539,243,100912,100,100478,100,101006,100,100389,100,101025,100,100377,100,101102,100,100332,100,101369,200,100256,100,101544,100,100156,100,101651,100,100135,100,101657,100,100111,100
2019-06-28 10:02:38.816177960,100812,234,100685,100,100851,234,100620,234,100912,100,100539,243,101006,100,100478,100,101025,100,100389,100,101102,100,100377,100,101369,200,100332,100,101544,100,100256,100,101651,100,100156,100,101657,100,100135,100
2019-06-28 10:02:40.000000000,100812,369,100685,369,100851,100,100620,100,100912,100,100539,109,101006,100,100478,100,101025,100,100389,100,101102,100,100377,100,101369,200,100332,100,101544,100,100256,100,101651,100,100156,100,101657,100,100135,100
2019-06-28 10:02:50.000000000,100812,234,100685,234,100851,234,100620,234,100912,100,100539,109,101006,100,100478,100,101025,100,100389,100,101102,100,100377,100,101369,200,100332,100,101544,100,100256,100,101651,100,100156,100,101657,100,100135,100
2019-06-28 10:03:00.000000000,100812,167,100685,167,100851,167,100620,167,100912,167,100539,176,101006,167,100478,167,101025,100,100389,100,101102,100,100377,100,101369,200,100332,100,101544,100,100256,100,101651,100,100156,100,101657,100,100135,100
2019-06-28 10:03:00.117129800,100812,167,100685,167,100826,100,100620,167,100851,167,100539,176,100912,167,100478,167,101006,167,100377,100,101025,100,100332,100,101102,100,100256,100,101369,200,100156,100,101544,100,100135,100,101651,100,100111,100
2019-06-28 10:03:03.902201490,100809,100,100685,167,100812,167,100620,167,100826,100,100539,176,100851,167,100478,167,100912,167,100377,100,101006,167,100332,100,101025,100,100256,100,101102,100,100156,100,101369,200,100135,100,101544,100,100111,100
2019-06-28 10:03:04.088223903,100809,100,100685,167,100812,167,100631,100,100826,100,100620,167,100851,167,100539,176,100912,167,100478,167,101006,167,100377,100,101025,100,100332,100,101102,100,100256,100,101369,200,100156,100,101544,100,100111,100
2019-06-28 10:03:10.000000000,100809,167,100685,167,100812,167,100631,167,100826,167,100620,167,100851,167,100539,176,100912,100,100478,100,101006,100,100377,100,101025,100,100332,100,101102,100,100256,100,101369,200,100156,100,101544,100,100111,100
2019-06-28 10:03:13.923936226,100809,167,100685,167,100812,167,100631,167,100826,167,100620,167,100851,167,100539,276,100912,100,100478,100,101006,100,100377,100,101025,100,100332,100,101102,100,100256,100,101369,200,100156,100,101544,100,100111,100
2019-06-28 10:03:20.000000000,100809,234,100685,234,100812,234,100631,234,100826,100,100620,100,100851,100,100539,209,100912,100,100478,100,101006,100,100377,100,101025,100,100332,100,101102,100,100256,100,101369,200,100156,100,101544,100,100111,100
2019-06-28 10:03:30.000000000,100809,191,100685,191,100812,189,100631,189,100826,189,100620,189,100851,100,100539,209,100912,100,100478,100,101006,100,100377,100,101025,100,100332,100,101102,100,100256,100,101369,200,100156,100,101544,100,100111,100
2019-06-28 10:03:40.000000000,100809,234,100685,234,100812,234,100631,234,100826,100,100620,100,100851,100,100539,209,100912,100,100478,100,101006,100,100377,100,101025,100,100332,100,101102,100,100256,100,101369,200,100156,100,101544,100,100111,100
2019-06-28 10:03:50.000000000,100809,154,100685,154,100812,154,100631,154,100826,154,100620,154,100851,154,100539,263,100912,154,100478,154,101006,100,100377,100,101025,100,100332,100,101102,100,100256,100,101369,200,100156,100,101544,100,100111,100
2019-06-28 10:03:56.465992482,100809,154,100802,100,100812,154,100685,154,100826,154,100631,154,100851,154,100620,154,100912,154,100539,263,101006,100,100478,154,101025,100,100377,100,101369,200,100332,100,101544,100,100256,100,101651,100,100156,100
2019-06-28 10:03:59.300445130,100809,154,100802,100,100812,154,100685,154,100826,154,100631,154,100851,154,100620,154,100912,154,100539,263,101006,100,100499,100,101025,100,100478,154,101369,200,100377,100,101544,100,100332,100,101651,100,100256,100
2019-06-28 10:04:00.000000000,100809,167,100802,167,100812,167,100685,167,100826,167,100631,167,100851,167,100620,167,100912,100,100539,209,101006,100,100499,100,101025,100,100478,100,101369,200,100377,100,101544,100,100332,100,101651,100,100256,100
2019-06-28 10:04:04.251992771,100809,267,100802,167,100812,167,100685,167,100826,167,100631,167,100851,167,100620,167,100912,100,100539,209,101006,100,100499,100,101025,100,100478,100,101369,200,100377,100,101544,100,100332,100,101651,100,100256,100
2019-06-28 10:04:10.000000000,100809,291,100802,191,100812,189,100685,189,100826,189,100631,189,100851,100,100620,100,100912,100,100539,209,101006,100,100499,100,101025,100,100478,100,101369,200,100377,100,101544,100,100332,100,101651,100,100256,100
2019-06-28 10:04:16.728756572,100809,391,100802,191,100812,189,100685,189,100826,189,100631,189,100851,100,100620,100,100912,100,100539,209,101006,100,100499,100,101025,100,100478,100,101369,200,100377,100,101544,100,100332,100,101651,100,100256,100
2019-06-28 10:04:20.000000000,100809,569,100802,369,100812,100,100685,100,100826,100,100631,100,100851,100,100620,100,100912,100,100539,209,101006,100,100499,100,101025,100,100478,100,101369,200,100377,100,101544,100,100332,100,101651,100,100256,100
2019-06-28 10:04:30.000000000,100809,367,100802,167,100812,167,100685,167,100826,167,100631,167,100851,167,100620,167,100912,100,100539,209,101006,100,100499,100,101025,100,100478,100,101369,200,100377,100,101544,100,100332,100,101651,100,100256,100
2019-06-28 10:04:38.028487640,100809,367,100802,167,100812,167,100685,167,100826,167,100631,167,100851,167,100620,167,100902,100,100539,209,101006,100,100499,100,101025,100,100478,100,101369,200,100377,100,101544,100,100332,100,101651,100,100256,100
2019-06-28 10:04:40.000000000,100809,569,100802,369,100812,100,100685,100,100826,100,100631,100,100851,100,100620,100,100902,100,100539,209,101006,100,100499,100,101025,100,100478,100,101369,200,100377,100,101544,100,100332,100,101651,100,100256,100
2019-06-28 10:04:40.429034566,100809,569,100802,369,100812,100,100685,100,100826,100,100631,100,100851,100,100620,100,100902,100,100539,209,101006,100,100499,100,101025,100,100478,100,101369,200,100377,100,101544,100,100332,100,101651,100,100256,100
2019-06-28 10:04:49.904361306,100809,569,100802,369,100812,100,100685,100,100826,100,100631,100,100851,100,100620,100,100902,100,100539,209,101006,100,100499,100,101019,100,100478,100,101025,100,100377,100,101369,200,100332,100,101544,100,100256,100
2019-06-28 10:04:50.000000000,100809,354,100802,154,100812,154,100685,154,100826,154,100631,154,100851,154,100620,154,100902,154,100539,263,101006,100,100499,100,101019,100,100478,100,101025,100,100377,100,101369,200,100332,100,101544,100,100256,100
2019-06-28 10:05:00.000000000,100809,354,100802,154,100812,154,100685,154,100826,154,100631,154,100851,154,100620,154,100902,154,100539,263,101006,100,100499,100,101019,100,100478,100,101025,100,100377,100,101369,200,100332,100,101544,100,100256,100
2019-06-28 10:05:10.000000000,100809,391,100802,191,100812,189,100685,189,100826,189,100631,189,100851,100,100620,100,100902,100,100539,209,101006,100,100499,100,101019,100,100478,100,101025,100,100377,100,101369,200,100332,100,101544,100,100256,100
2019-06-28 10:05:20.000000000,100809,367,100802,167,100812,167,100685,167,100826,167,100631,167,100851,167,100620,167,100902,100,100539,209,101006,100,100499,100,101019,100,100478,100,101025,100,100377,100,101369,200,100332,100,101544,100,100256,100
2019-06-28 10:05:20.658274416,100809,367,100802,167,100812,167,100685,167,100826,167,100631,167,100851,167,100620,167,100902,100,100578,100,101006,100,100539,200,101019,100,100499,100,101025,100,100478,100,101369,200,100377,100,101544,100,100332,100
